4524 6012
1043 703 1256 764 calutate!
1283 703 1458 766 securta!
1772 701 1850 786 [An.
1868 703 1956 766 lato.

752 988 861 1000 mun-
866 989 896 998 o·-
903 989 1105 1000 *ananau-uuun—
1111 989 1755 1004 nnn-numum

366 1296 487 1394 ciffi„
594 1264 773 1349 Mandata
791 1289 861 1373 pro
877 1263 989 1347 Petro
1006 1264 1055 1346 de
1075 1263 1249 1347 Calabria
1275 1273 1417 1348 statuto
1442 1290 1557 1374 super
1574 1239 1725 1346 arratiis
1747 1274 1786 1346 et
1804 1289 1958 1347 mares-

355 1403 496 1512 fflffir,
541 1395 650 1478 callis
677 1396 898 1504 Calabriae,
929 1407 968 1479 et
993 1422 1065 1506 pro
1092 1397 1210 1478 asinis
1241 1395 1477 1481 inveniendis
1500 1397 1567 1510 qui
1599 1395 1690 1482 boni
1713 1397 1789 1480 sint
1816 1397 1865 1480 ad
1883 1395 1958 1506 ju-

541 1537 669 1611 rnenta
687 1529 954 1638 cooperienda.

623 1757 751 1838 (aaut.
764 1757 867 1837 smper.
883 1755 1003 1817 neca.
1016 1757 1058 1837 11,
1073 1756 1124 1818 ror.
1140 1767 1179 1819 aa
1193 1763 1290 1829 nota
1305 1759 1337 1818 n
1349 1758 1420 1819 ortt.
1437 1759 1574 1837 maen„
1588 1775 1619 1836 p.
1637 1759 1719 1839 ara.)

592 1961 639 2028 De
673 1957 840 2052 imperiali
873 1957 1031 2030 monem
1063 1960 1150 2049 secto
1176 1979 1240 2051 per
1269 1959 1439 2030 minem
1472 1959 1617 2032 Reooan
1645 1959 1685 2030 de
1734 1958 1959 2032 Trcrttocon'c

541 2081 675 2174 scripsit
690 2081 729 2151 C.
750 2081 790 2150 de
811 2081 932 2152 Poccc:

589 2203 805 2294 Fredericns,
823 2214 907 2293 cte,
925 2201 1043 2295 Majori
1056 2202 1102 2276 de
1120 2203 1326 2276 Plancatone
1341 2211 1473 2276 secreto
1487 2203 1656 2294 Messene,
1673 2213 1741 2276 eto.
1754 2203 1840 2275 Com
1855 2203 1894 2274 P.
1915 2202 1960 2276 de

543 2325 700 2398 Calabria
714 2325 848 2400 fidelem
865 2334 1019 2398 nostrum
1035 2347 1141 2420 snper
1154 2325 1288 2398 arratiis
1302 2335 1337 2397 et
1350 2327 1558 2399 marescallis
1570 2327 1695 2399 nostris
1706 2325 1864 2398 Calabria
1875 2347 1959 2422 pro-

542 2451 692 2522 visorem
713 2459 747 2522 et
772 2448 977 2543 magistrum
1001 2447 1207 2520 duxerimus
1228 2449 1469 2540 statuendum,
1490 2459 1529 2522 nt
1544 2470 1605 2522 aas
1618 2450 1663 2522 ad
1682 2449 1903 2522 commodum
1926 2458 1961 2521 et

541 2575 724 2647 utilitatem
744 2583 895 2646 nostram
918 2581 1019 2668 prout
1035 2572 1158 2644 melina
1172 2572 1339 2666 expedire
1355 2573 1533 2646 videbitur
1547 2573 1649 2647 iaciat
1665 2573 1854 2669 procurari,
1872 2571 1959 2646 lide·

542 2697 628 2770 litati
645 2709 703 2770 tue
721 2695 946 2793 precipiendo
963 2693 1170 2768 mandamns
1188 2707 1361 2789 qnatenus
1381 2717 1601 2790 quecumque
1619 2697 1748 2769 fuennt
1766 2695 1960 2780 necessaria

541 2839 605 2916 pro
622 2819 827 2892 stallonibns
847 2817 1085 2891 custodiendis
1101 2818 1177 2889 sine
1200 2816 1353 2908 delectu,
1370 2839 1433 2913 pro
1449 2817 1569 2892 solidis
1586 2820 1813 2892 scutariorum
1831 2827 1867 2891 at
1884 2837 1961 2892 ser-

541 2943 710 3017 vientium
735 2943 797 3039 qni
823 2942 869 3015 ad
893 2941 1087 3016 custodiam
1112 2942 1296 3014 aratiarnm
1321 2953 1357 3016 et
1382 2944 1657 3016 marescallarnm
1675 2951 1868 3016 nostrarum
1895 2942 1959 3014 Ca·

541 3070 650 3142 labrie
671 3069 798 3141 suerint
817 3068 996 3162 deputati,
1024 3066 1347 3161 ad·requisitionem
1369 3069 1479 3162 ipsius
1498 3069 1536 3140 P.
1561 3067 1607 3140 de
1620 3067 1775 3153 Calabria
1798 3067 1865 3140 sibi
1884 3088 1961 3139 res-
2088 3102 2091 3110 v

540 3193 695 3288 pendeas
712 3202 747 3264 et
761 3190 936 3280 intendas,
961 3203 1000 3260 ut
1025 3191 1205 3262 servitium
1223 3201 1378 3264 nostrum
1397 3191 1514 3263 stadio
1535 3213 1599 3263 sao
1619 3191 1839 3264 commissum
1853 3192 1962 3285 possit

542 3316 617 3387 sine
631 3315 765 3386 delectu
784 3311 940 3404 quolibet
959 3313 1208 3405 percomplere.
1399 3373 1401 3378 .
1635 3324 1639 3333 ·

592 3439 718 3507 Datum
736 3432 1027 3527 apudcivitatem
1044 3433 1201 3524 Castalia,
1218 3433 1327 3506 xxlv
1340 3435 1506 3527 ianuarii,
1526 3434 1603 3507 Xill
1620 3434 1829 3507 indictionis.

593 3561 704 3629 item:
1608 3591 1612 3602 ·

592 3681 785 3754 Fridericus
808 3679 934 3751 eidem.
963 3677 1133 3751 Fidelitati
1155 3687 1215 3752 tne
1235 3679 1457 3776 precipiendo
1479 3679 1687 3753 mandamns
1704 3691 1877 3775 qnatenus
1892 3687 1961 3754 tres

543 3804 658 3878 asinos
675 3803 823 3898 grandes
842 3811 877 3874 et
898 3801 1010 3874 bonos
1032 3801 1068 3872 in
1085 3801 1201 3874 Sicilia
1220 3803 1359 3876 studeas
1374 3803 1532 3877 invenire
1547 3804 1608 3898 qni
1626 3805 1708 3878 boni
1731 3806 1800 3877 sint
1823 3825 1884 3900 pro
1901 3807 1961 3898 ju-

541 3927 668 4000 mentis
685 3924 925 4020 cooperiendis
944 3935 979 3996 et
993 3925 1087 4018 ipsos
1108 3925 1213 3998 facias
1230 3927 1398 4019 assignari
1424 3929 1462 3998 P.
1484 3927 1529 4000 de
1546 3927 1703 4002 Calabria
1726 3927 1819 4001 fideli
1842 3937 1960 4000 nostro

542 4071 647 4145 quem
670 4051 706 4120 in
725 4047 844 4121 aretiis
861 4059 895 4118 et
911 4045 1116 4120 marestallia
1132 4049 1256 4120 nostris
1284 4049 1438 4121 Calabria
1459 4049 1628 4121 duximus
1654 4051 1897 4138 statuendum,
1923 4060 1962 4121 ut

542 4173 636 4268 ipsos
654 4172 769 4244 asinos
786 4191 850 4265 pro
874 4167 1113 4264 cooperiendis
1132 4171 1299 4262 jumentis
1320 4172 1444 4244 nostris
1463 4172 1553 4244 sicut
1571 4172 1737 4267 expedia
1760 4172 1887 4246 viderit
1903 4175 1961 4245 ia-

543 4296 611 4368 ciat
629 4294 810 4368 custodiri.

591 4421 714 4491 Datum
736 4413 787 4514 [ct
804 4414 936 4514 repro}

592 4545 702 4612 Item:

593 4663 802 4754 FridericnS,
825 4671 909 4750 eto,
930 4662 968 4733 P.
990 4661 1162 4755 Roggerio
1184 4659 1352 4733 monacho
1377 4661 1546 4734 Floraneis
1562 4663 1771 4756 monasterii,
1788 4673 1854 4736 etc.
1875 4663 1959 4735 Cum

544 4787 582 4860 P.
599 4786 644 4859 de
658 4785 812 4860 Calabria
828 4784 965 4858 fidelem
984 4797 1139 4856 nostrum
1154 4805 1260 4879 super
1276 4785 1392 4857 aretiis
1405 4794 1441 4857 et
1451 4785 1660 4858 marescallis
1675 4787 1799 4859 nostris
1809 4787 1960 4860 Calabria
