4564 6038
353 709 530 794 13333313]
796 711 995 774 HISTORIA
1022 712 1313 774 oletomnslclt.
1687 707 1765 769 1157

350 847 535 938 junximus
554 868 574 918 a
593 845 752 936 remotis,
780 855 863 919 tunc
885 847 991 939 hujus
1008 847 1136 920 edificii
1160 847 1384 920 fundamenta
1403 842 1659 938 congessimus,
1680 851 1765 915 tuuc

354 967 491 1041 firmum
514 970 614 1042 nobis
638 977 779 1064 pontem
803 969 850 1042 ad
873 970 1073 1061 transitum,
1094 981 1176 1044 tuuc
1203 969 1334 1064 gradus
1356 967 1531 1040 ereximus
1553 964 1693 1038 stabiles
1717 963 1764 1038 ad

353 1113 546 1166 ascensum.
563 1095 671 1166 lmmo
681 1103 920 1166 verumtamen
933 1115 995 1166 nos
1008 1093 1142 1190 decepit
1153 1103 1268 1166 nostre
1279 1090 1485 1188 provisionis
1497 1089 1641 1162 intentio
1653 1109 1764 1182 quum

354 1217 389 1287 in
405 1219 510 1310 gratis
525 1226 560 1290 et
575 1219 761 1291 fructuosis
777 1217 954 1311 obsequiis
975 1219 1149 1291 communi
1169 1219 1257 1314 patri
1274 1216 1422 1301 collatis,
1442 1215 1471 1285 si
1493 1225 1606 1287 tamen
1622 1213 1691 1285 boc
1705 1212 1764 1285 di-

354 1361 431 1412 cere
445 1341 546 1414 liceat
569 1341 757 1430 cardinali,
784 1340 932 1413 fraudati
952 1363 1015 1436 spe
1037 1343 1150 1414 meriti
1172 1363 1293 1414 sumus
1317 1349 1351 1413 ot
1372 1339 1479 1432 gratie
1496 1338 1533 1410 in
1555 1338 1631 1432 ipso
1650 1337 1764 1410 sterile

354 1465 465 1536 solnm
487 1465 676 1554 assuimus,
702 1465 757 1536 vel
782 1473 901 1536 natum
924 1465 1064 1537 forsitan
1084 1486 1202 1536 33333
1218 1465 1357 1561 spinosa
1373 1462 1514 1535 consilia
1536 1459 1760 1534 suffocarunt.

353 1590 550 1662 Psoteritam
572 1597 688 1661 tamen
707 1609 839 1661 moram
854 1609 915 1683 per
936 1610 1055 1662 33333
1077 1599 1112 1662 31
1128 1590 1319 1683 elegantem
1340 1586 1543 1660 industriam
1563 1593 1764 1658 excusatam

354 1723 448 1785 tanta
460 1714 587 1785 virtute
603 1734 752 1808 purgare
768 1712 1007 1787 contendimus
1022 1714 1059 1784 in
1076 1714 1230 1784 futurum
1249 1722 1288 1784 ut
1301 1734 1363 1808 per
1376 1710 1503 1784 laboris
1519 1707 1715 1782 instantiam
1729 1715 1766 1781 et

355 1843 451 1930 gesta
473 1835 653 1930 magnifica
678 1835 901 1932 dispendium
924 1837 1088 1931 temporis
1110 1836 1342 1928 redimamus,
1365 1833 1490 1908 3331313
1508 1831 1764 1928 acquiescendo

354 1959 504 2031 consiliis
520 1958 706 2052 dequibus
723 1958 903 2030 nobiscum
920 1957 1096 2032 interdum
1114 1957 1325 2055 disputando
1345 1957 1567 2047 conferimus,
1584 1955 1765 2030 3131333-

353 2082 446 2154 tibus
459 2083 559 2155 nobie
574 2081 671 2176 quod
688 2081 871 2154 cardinalis
889 2091 924 2155 et
939 2083 1118 2178 presbyter
1141 2083 1240 2154 militi
1261 2093 1296 2154 et
1315 2080 1510 2176 imperatori
1521 2081 1675 2152 Romano
1691 2079 1764 2152 vir·

353 2214 459 2280 tutem
475 2205 622 2278 audacie
634 2205 826 2278 secundnm
842 2203 1122 2279 reformationem
1140 2207 1274 2300 imperii
1289 2205 1442 2278 maxime
1454 2203 1635 2276 suadendo
1647 2225 1767 2277 occur·

353 2328 414 2419 rit,
443 2351 553 2424 quum
577 2327 812 2402 strenuitatem
836 2330 922 2402 tanti
947 2331 1082 2402 consilii
1107 2353 1212 2425 quam
1234 2331 1269 2402 in
1294 2331 1370 2402 aliis
1395 2327 1575 2402 sacerdotii
1598 2329 1709 2402 moles
1733 2332 1774 2402 et'

353 2453 561 2526 secularium
580 2452 789 2546 dignitatum
801 2453 935 2528 invidia
952 2455 1117 2544 continet,
1136 2454 1181 2528 de
1196 2454 1301 2526 nobili
1317 2475 1399 2526 cura
1417 2451 1584 2525 nobilium
1600 2461 1635 2524 et
1652 2454 1767 2524 fervor

353 2578 493 2672 ingenui
508 2577 686 2671 sanguinis
698 2577 913 2669 eduxerunt3
930 2588 964 2650 ct
978 2578 1072 2671 quod
1089 2578 1195 2673 hujus
1213 2579 1344 2651 consilii
1362 2587 1515 2673 tempore
1526 2577 1615 2648 liber
1632 2577 1766 2670 Regum

353 2701 590 2774 tantummodo
601 2701 703 2774 nobis
716 2699 961 2774 memorandus
975 2714 1143 2794 occurrat,
1158 2713 1240 2774 tunc
1254 2703 1340 2774 nibil
1354 2701 1401 2774 ad
1415 2723 1477 2774 vos
1489 2700 1534 2773 de
1546 2700 1699 2773 Levitico
1709 2701 1766 2772 331

353 2823 398 2898 de
411 2826 557 2899 santicio
574 2825 784 2898 canticorum
800 2822 863 2920 (a).
882 2824 950 2898 Sed
965 2825 1081 2899 videte
1100 2849 1145 2899 ne
1162 2827 1263 2899 vobis
1280 2824 1499 2899 solummodo
1513 2823 1659 2918 grandia
1676 2844 1766 2897 con-

353 2949 501 3022 suluisse
521 2948 688 3040 sufficiat,
712 2969 778 3020 nec
804 2946 927 3021 adesse
949 2949 1111 3041 consilio,
1135 2951 1191 3023 vel
1209 2949 1304 3044 quod
1326 2949 1455 3022 habere
1481 2949 1586 3041 gratis
1609 2947 1765 3022 voluistis

352 3072 548 3162 audaciam,
564 3095 628 3146 nos
644 3070 787 3165 aggredi
801 3071 884 3145 talia
897 3093 967 3145 non
981 3073 1173 3146 credentes.
1195 3073 1423 3170 Experiamur
1436 3071 1562 3146 etenim
1580 3075 1615 3143 in
1633 3071 1766 3145 audace

353 3197 591 3286 constantiam,
607 3197 643 3266 in
656 3195 857 3267 consulente
873 3196 1035 3269 virtutem
1055 3207 1089 3269 et
1105 3199 1233 3289 virum,
1249 3209 1284 3270 et
1298 3199 1380 3294 quia
1392 3199 1429 3270 in
1445 3195 1627 3270 suadendo
1641 3217 1766 3270 conce-

353 3320 449 3414 pistis
466 3318 666 3408 audaciam,
686 3319 723 3390 in
743 3317 894 3392 fovendo
909 3321 1198 3414 perseverantiam
1215 3321 1383 3396 babeatis.
1401 3325 1471 3394 Nos
1486 3321 1612 3394 etenim
1626 3321 1710 3416 quis
1727 3321 1763 3392 iu

351 3445 451 3518 vobis
463 3443 638 3516 bominem
656 3443 850 3517 secundum
870 3465 929 3517 cor
944 3453 1098 3518 nostrum
1113 3445 1322 3534 invenimus,
1341 3445 1508 3518 honorare
1526 3467 1589 3519 333
1603 3447 1764 3520 volumus

353 3591 423 3642 non
438 3569 563 3656 solum,
577 3566 640 3640 sed
652 3589 769 3640 amare
785 3588 854 3640 non
870 3568 997 3657 minue,
1015 3569 1051 3640 in
1067 3570 1202 3662 maguis
1214 3579 1248 3641 et
1261 3569 1379 3642 arduis
1394 3569 1545 3642 consiliis
1558 3570 1683 3642 vestris
1698 3591 1764 3644 33-

352 3695 531 3787 quiescere
549 3690 786 3786 disponentes,
806 3713 876 3786 que
892 3693 981 3764 sicut
996 3693 1154 3788 puritatis
1169 3693 1295 3767 affectu
1314 3695 1414 3788 plena
1434 3693 1693 3789 cognoscimus,
1713 3694 1764 3767 sic

351 3816 537 3890 voluntatis
553 3813 675 3888 effectu
690 3837 760 3888 non
777 3837 888 3889 vacua
904 3817 1127 3911 postulamus.

550 4067 716 4079 —u-——
721 4071 1551 4082 n-——u-——n———t-——u—

403 4245 536 4331 Petrus
554 4251 603 4334 de
619 4251 740 4338 linea
757 4257 911 4339 cuidam
933 4258 1056 4341 amico
1080 4281 1150 4341 suo
1173 4258 1361 4367 significat
1378 4261 1427 4343 de
1449 4269 1549 4344 statu
1571 4287 1702 4347 rerum
1724 4275 1763 4348 et
1834 4263 1925 4318 (sarar

350 4376 399 4460 de
416 4405 508 4487 pace
525 4408 615 4466 cum
628 4412 742 4495 papa,
763 4399 807 4472 ut
825 4401 967 4499 sperat,
988 4389 1169 4474 ineunda.

433 4566 526 4646 (Edit.
543 4587 590 4648 up.
606 4572 690 4634 Petri
698 4571 733 4635 do
751 4576 815 4637 Vin.
831 4577 942 4657 Epist,
955 4579 1007 4640 lib.
1024 4581 1065 4655 11,
1081 4597 1146 4659 cap.
1161 4581 1221 4656 VI,
1237 4597 1317 4642 nunc
1330 4583 1398 4644 coll.
1413 4598 1481 4645 cum
1490 4583 1556 4646 eod.
1568 4583 1645 4648 Bibl.
1661 4585 1760 4651 esar.

470 4674 579 4751 Puris,
588 4676 683 4757 fonds
696 4683 1068 4766 Soiatdermoindlnrloy,
1083 4695 1117 4746 u·
1132 4684 1217 4766 455.)

394 4813 587 4983 (alvllerbnm
602 4824 702 4888 (133333
716 4830 847 4906 31313133
863 4847 965 4893 sensus
980 4837 1080 4894 13333
1092 4840 1139 4894 331
1153 4834 1239 4911 plane
1252 4834 1352 4913 llquet

457 4966 466 4985 ·
489 4941 544 4986 Pu·
557 4945 579 4990 ²·
1547 4953 1603 5007 ue
