4374 6010
528 693 589 758 eto
1029 704 1245 767 rutnnutcl
1264 701 1440 766 secuunt
1748 697 1831 782 [dur.
1846 697 1939 762 124⁰.

609 831 736 914 (depost.
750 834 853 917 iupa.
865 835 985 901 dieder.
998 840 1045 916 11,
1060 839 1113 901 iol.
1131 849 1187 902 tuo
1204 855 1305 915 rerso;
1318 840 1351 900 tn
1363 837 1436 900 edlt.
1451 835 1587 911 cumn,
1600 851 1633 913 p.
1651 832 1735 914 tet.)

575 983 642 1054 Per
667 1007 787 1060 manus
818 989 973 1086 Procopii
998 991 1038 1064 de
1067 990 1225 1063 mandato
1254 987 1407 1083 mopistri
1430 987 1522 1059 Petri
1549 987 1589 1060 de
1620 986 1721 1058 Viaco
1743 987 1831 1078 [octe
1856 995 1939 1056 suot

528 1105 666 1179 lictore:

575 1229 793 1323 Fredericns,
809 1243 893 1328 etc,
914 1235 1080 1310 Riccardo
1096 1234 1141 1310 de
1157 1237 1317 1329 Poleam,
1340 1245 1406 1310 etc.
1425 1234 1491 1306 Dio
1506 1241 1559 1306 est
1576 1229 1673 1328 qnod
1690 1231 1768 1327 capi
1790 1228 1938 1303 manda-

526 1359 643 1430 vimus
656 1359 748 1433 bona
761 1362 879 1435 omnia
889 1361 1017 1456 judicis
1033 1363 1149 1438 Jacobi
1166 1361 1211 1436 de
1226 1365 1349 1437 Sancta
1362 1359 1496 1458 Agatha
1506 1368 1541 1434 ot
1553 1358 1599 1433 ad
1613 1381 1702 1456 opus
1715 1367 1830 1432 nostre
1840 1357 1940 1430 curie

526 1484 719 1576 procurari3
733 1485 828 1578 quod
841 1485 923 1580 qnia
940 1488 1070 1560 lactum
1086 1509 1155 1560 non
1169 1495 1232 1578 est,
1248 1485 1403 1560 fidelitati
1417 1496 1477 1559 tue
1495 1481 1715 1580 precipiendo
1728 1480 1938 1555 mandamus

526 1613 697 1700 quatenus
711 1609 827 1681 omnia
840 1608 932 1683 bona
942 1609 1051 1706 ipsius
1061 1609 1190 1702 judicis
1204 1609 1322 1684 iacobi
1336 1609 1442 1684 iacies
1454 1607 1640 1702 diligenter
1650 1604 1697 1680 ad
1712 1627 1801 1702 opos
1818 1613 1936 1678 nostre

526 1731 620 1804 curie
636 1734 823 1826 procurari.

573 1857 698 1927 Datum
713 1855 834 1952 Fugio,
850 1857 915 1930 XX
931 1857 1076 1954 aprelis,
1095 1858 1172 1932 Xlll
1186 1857 1394 1932 indictionis.

382 2493 396 2528 .
506 2502 507 2505 i
574 2421 797 2508 Mandatum
816 2423 865 2504 ad
884 2421 1075 2532 Angelum
1093 2422 1141 2506 de
1158 2422 1283 2509 Macra
1300 2430 1344 2506 ut
1365 2447 1435 2536 pro
1451 2421 1598 2506 cabelle
1616 2429 1719 2504 setae
1737 2418 1935 2503 Calabriae

522 2551 572 2636 ab
590 2554 674 2662 ipse
692 2553 925 2663 quibusdam
949 2555 1102 2638 vendita
1120 2581 1143 2635 a
1164 2553 1425 2638 recollectione
1448 2553 1632 2663 pecuniae
1649 2553 1824 2660 desistat,
1844 2575 1934 2634 cum

521 2683 555 2794 ej
560 2687 694 2768 usdom
712 2684 881 2768 cabellae
897 2685 1042 2769 exactio
1062 2693 1205 2769 secreto
1222 2685 1417 2772 Messenae
1435 2685 1549 2768 luerit
1565 2683 1783 2768 commisso.

603 2885 730 2970 (ltrpcst.
744 2887 845 2968 imper.
858 2883 977 2948 medea
994 2886 1038 2956 11,
1055 2885 1108 2948 iot.
1126 2895 1182 2948 too
1197 2903 1297 2964 resso3
1312 2889 1346 2948 ln
1361 2887 1433 2950 edit.
1448 2886 1631 2966 unumst»
1650 2883 1735 2966 tte.)

426 3103 430 3112 ·
571 3060 619 3130 lle
635 3059 791 3132 mandato
799 3059 924 3153 judicis
945 3057 1071 3130 Toddci
1083 3061 1219 3154 scripsit
1232 3061 1274 3131 P.
1292 3059 1333 3132 de
1346 3061 1463 3155 Capua
1481 3084 1495 3130 .·

570 3180 783 3272 Fredericns,
798 3192 881 3274 ete,
897 3181 1029 3276 Angelo
1050 3183 1095 3254 de
1108 3183 1232 3276 Marna,
1249 3191 1315 3256 etc.
1336 3183 1422 3256 Cum
1438 3182 1605 3256 cabellum
1619 3189 1692 3254 sete
1706 3177 1860 3252 Calabria
1871 3185 1932 3252 tue

416 3310 419 3314 ’
522 3305 753 3400 procurationi
771 3305 988 3378 commissam
1010 3327 1103 3378 anno
1117 3307 1228 3401 primo
1241 3307 1402 3402 preterito
1419 3307 1482 3380 Xll
1500 3303 1696 3378 indictionis
1710 3300 1929 3392 vendideris,

523 3423 624 3520 pmnt
648 3447 709 3520 per
727 3435 761 3497 te
780 3426 873 3498 curie
895 3436 1011 3499 nostre
1028 3427 1194 3520 innotuit,
1214 3427 1360 3501 Iohanni
1374 3429 1499 3524 Spina,
1520 3427 1624 3500 Leoni
1642 3424 1795 3510 Polline,
1812 3422 1931 3514 Sergio

523 3547 569 3622 de
581 3549 715 3636 Bonito,
725 3549 829 3622 leoni
838 3549 1015 3640 Bonalma,
1026 3549 1173 3622 Iohanni
1184 3551 1229 3625 de
1241 3551 1390 3646 Argusio
1401 3561 1435 3625 et
1445 3551 1565 3646 Sergio
1579 3549 1624 3624 de
1638 3549 1783 3621 Carusse
1794 3543 1931 3618 civibus

523 3671 639 3762 Scale,
659 3671 819 3745 fidelibus
841 3673 983 3764 nostris,
1001 3693 1023 3744 a
1038 3672 1195 3746 kalendis
1206 3675 1334 3748 mensis
1351 3673 1458 3748 madii
1476 3671 1632 3767 ejusdem
1650 3671 1714 3744 Xll
1733 3666 1931 3742 indictionis

523 3813 635 3888 nsque
657 3793 703 3867 ad
725 3793 893 3868 kalendas
915 3795 1044 3868 mensis
1071 3795 1177 3869 madii
1198 3798 1357 3892 proximo
1375 3797 1499 3890 loturi,
1522 3796 1612 3869 sicot
1636 3792 1742 3869 rendi
1766 3792 1947 3865 hactenus¹

523 3917 723 4009 consuevit;
744 3925 778 3990 et
792 3919 895 4011 juxta
911 3927 1051 4013 pactum
1068 3939 1129 4014 per
1144 3929 1179 3993 te
1194 3921 1260 3994 sibi
1277 3923 1406 3995 iactum
1424 3921 1643 3996 medietatem
1659 3915 1807 4014 pecunie
1822 3913 1930 4010 ipsius

524 4040 655 4112 cabelle
682 4041 804 4114 ultimo
828 4041 993 4114 februarii
1016 4043 1125 4137 primo
1153 4046 1315 4139 preterito
1337 4048 1472 4119 solvere
1495 4043 1678 4118 debuerint
1704 4049 1739 4112 et
1761 4039 1930 4131 reliquam

523 4161 743 4236 medietatem
757 4163 877 4236 ultimo
894 4165 1062 4259 presentis
1077 4167 1206 4240 mensis
1222 4169 1339 4264 aprilis
1356 4169 1488 4243 solvere
1500 4175 1691 4256 teneantur,
1712 4183 1793 4234 cum
1810 4159 1932 4232 cabel-

524 4287 593 4360 lam
612 4286 767 4359 eamdem
792 4288 912 4380 Majori
929 4287 975 4360 de
998 4289 1204 4364 Plancatone
1224 4291 1337 4366 doano
1355 4293 1401 4368 de
1420 4292 1561 4366 secretis
1581 4299 1617 4363 et
1639 4294 1841 4382 questurum
1859 4301 1933 4353 ma-

524 4410 631 4503 gistro
663 4408 757 4482 fideli
789 4420 907 4482 nostro
937 4412 1209 4487 commiserimus
1239 4415 1513 4508 pmcurandam‚
1544 4411 1761 4487 exactionem
1791 4423 1933 4500 quoque

525 4531 637 4627 ipsius
670 4532 801 4604 cabelle
831 4533 993 4628 temporis
1021 4535 1209 4630 supradicti
1240 4537 1355 4611 eidem
1386 4523 1592 4612 deiecimus
1623 4527 1929 4618 commictendam,

526 4653 682 4727 fidelitati
698 4663 756 4727 tos
775 4653 983 4730 mandamus
999 4667 1170 4752 quatenus
1189 4681 1211 4733 a
1228 4661 1465 4734 recollectione
1478 4660 1587 4758 ipsius
1605 4655 1752 4754 pecunie
1768 4649 1887 4726 debite
1910 4669 1933 4721 a

525 4779 689 4874 predictis
709 4799 771 4874 pro
794 4777 916 4853 eadem
942 4781 1074 4856 caballo
1098 4791 1171 4856 sete
1188 4805 1250 4880 pro
1273 4793 1424 4881 tempore
1447 4785 1644 4883 supradicto
1663 4781 1825 4869 desistas,
1852 4770 1934 4848 etsi
