4374 6010
235 784 337 846 lrnrcr.
355 781 420 866 tt]
690 783 887 847 HISTORIA
911 781 1203 848 urrtotttrtct
1585 777 1656 841 eat·

234 919 474 1006 Trentanarie,
492 917 603 992 fidelis
618 929 746 1012 noster,
762 921 947 996 dimisisset
961 921 1129 1011 infirmos,
1147 940 1210 1016 pro
1223 917 1351 1014 quibus
1367 915 1517 1014 oportuit
1534 915 1646 992 tacere

233 1051 271 1116 te
283 1061 459 1138 expensas
475 1041 521 1116 de
537 1042 685 1138 pecnnia
702 1045 796 1116 curie
810 1054 925 1119 nostre
939 1067 1009 1140 que
1026 1052 1077 1119 est
1093 1066 1156 1140 per
1174 1062 1298 1114 manns
1319 1048 1413 1132 tuam
1432 1040 1595 1112 votnmus
1611 1047 1647 1112 et

235 1164 447 1239 mandamns
462 1175 501 1238 nt
514 1167 706 1240 necessarie
720 1175 754 1240 et
768 1168 943 1242 moderate
960 1189 1116 1264 expense
1130 1187 1193 1264 per
1210 1175 1244 1238 te
1262 1166 1350 1239 facte
1363 1185 1427 1260 pru
1440 1163 1539 1258 equis
1561 1162 1646 1258 ipsis

238 1288 276 1360 in
297 1289 491 1364 rationibus
505 1291 577 1363 tuis
594 1289 764 1364 ratiocinii
781 1301 935 1387 tempore
949 1290 1098 1365 debeant
1111 1288 1314 1385 computari.

285 1410 411 1484 Datum
427 1411 522 1507 apud
535 1413 673 1506 Ortum,
691 1414 816 1487 XXVII
831 1413 971 1511 aprelis,
988 1413 1066 1486 Xili
1083 1411 1292 1486 indictionis.

1017 1699 1434 1712 Μ

289 1945 514 2030 Mandatum
532 1945 583 2029 ad
600 1945 848 2029 castellanum
870 1942 1015 2031 Melfiae
1040 1968 1110 2053 pro
1131 1941 1352 2028 liberatione
1378 1943 1544 2031 Othmen
1571 1945 1647 2032 Sa·

236 2079 363 2163 moeni
383 2079 432 2162 de
449 2077 617 2164 Luceria.

317 2282 446 2363 (aaut.
463 2280 567 2362 imper.
584 2277 703 2343 sttdcm
718 2279 758 2358 11,
774 2279 826 2343 iol.
844 2282 1056 2360 tttrccto31n
1069 2280 1140 2343 edit.
1155 2279 1292 2362 Gutum,
1306 2297 1338 2360 p.
1354 2281 1438 2362 400.)

284 2455 337 2526 De
351 2453 521 2548 imperiali
534 2451 699 2527 mandato
716 2453 804 2526 tacto
821 2473 882 2546 per
895 2453 937 2525 R.
961 2451 1007 2525 de
1021 2451 1271 2526 Montemscnlo
1287 2452 1509 2546 justitiarium
1522 2454 1646 2551 Capiti·

237 2585 318 2650 nate
334 2575 470 2672 scripsit
487 2576 692 2649 Laurentius
709 2576 877 2648 Lucasino
896 2575 1081 2648 castellano
1105 2573 1218 2649 Melde
1243 2577 1338 2671 quod
1364 2577 1483 2650 liberet
1499 2577 1646 2652 Othmeu

236 2700 447 2773 Saracennm
458 2697 504 2774 de
514 2699 656 2774 Luceria
668 2698 716 2773 ad
729 2699 985 2792 requisitionem
997 2699 1079 2772 dicti
1085 2699 1274 2792 justitiarii,
1291 2701 1375 2794 qnia
1385 2701 1540 2796 promisit
1552 2703 1648 2777 cume

236 2823 273 2894 in
295 2843 421 2896 manns
445 2822 600 2916 ejusdem
616 2843 679 2918 pru
702 2823 902 2896 liberatione
920 2822 1041 2894 uncias
1056 2823 1094 2896 L.
1115 2823 1226 2918 Super
1240 2843 1311 2920 qno
1330 2823 1467 2920 scripsit
1485 2823 1579 2898 idem
1596 2822 1647 2923 (a)

236 2946 373 3020 lioteras
384 2946 477 3020 dicto
490 2947 673 3036 Lucasino,
688 2967 757 3041 qne
770 2947 897 3019 suntin
912 2955 1080 3041 quaterno
1093 2947 1244 3042 generali
1256 2947 1384 3044 scripte
1394 2948 1647 3045 XXVllapritis

237 3068 312 3142 xm
325 3067 554 3166 indictionis(
577 3067 604 3166 ).

286 3620 509 3707 Mandatum
533 3622 584 3705 ad
600 3619 849 3706 castellanum
866 3621 993 3705 Baroli
1020 3622 1125 3732 quod
1145 3620 1354 3706 Iordanum
1371 3618 1544 3704 obsidem
1561 3618 1642 3704 Pa·-
1696 3637 1824 3748 „m

237 3751 334 3837 duee
350 3753 392 3836 in
408 3763 533 3839 castro
549 3753 677 3838 Baroli
695 3753 902 3863 custodiat,
922 3781 946 3837 a
965 3755 1081 3839 domo
1098 3753 1235 3864 Angeli
1253 3754 1302 3837 de
1321 3753 1449 3840 Marna
1466 3763 1504 3837 et
1524 3752 1644 3865 patris

237 3883 317 3994 ejus
334 3911 519 3996 expensas
536 3911 606 3998 pro
622 3887 724 3972 uetur
741 3896 780 3972 et
796 3888 932 3972 uesdtu
950 3885 1122 3998 ejusdem
1138 3886 1293 3972 Jordani
1310 3896 1542 3996 recepturus.

317 4084 442 4167 (licoat.
457 4087 560 4168 imper.
571 4083 690 4149 metm
703 4088 747 4165 11,
762 4087 815 4150 iol.
834 4097 888 4150 tot
902 4103 1004 4169 rerso;
1019 4091 1051 4150 tn
1062 4089 1133 4153 edit.
1149 4087 1287 4169 Carnam,
1300 4105 1332 4166 p.
1348 4086 1432 4167 tot.)

281 4257 329 4328 Dc
348 4259 520 4354 imperiali
539 4260 694 4335 modam
715 4262 804 4354 sacto
821 4283 885 4358 per
900 4263 1100 4357 capistrum
1115 4263 1157 4336 R.
1178 4261 1219 4335 de
1239 4263 1386 4354 Trojecto
1402 4259 1535 4355 compsit
1548 4260 1640 4333 Lau·

235 4381 359 4453 rectius
375 4407 387 4453 .·

273 4545 315 4626 (a)
335 4547 539 4611 vertetmutter
550 4549 787 4614 subaudiendum
792 4549 985 4634 juratoriae.

556 4706 815 4717 ·-—--·-----m.--
833 4710 884 4718 ...ι
905 4710 940 4717 ---
976 4703 1635 4718 Ὶ...ι-ιιι·-σ-ο---ιι-----ιο--ι----ι-ε--η-..ι---σι--ιἦ

267 4777 302 4850 (t)
318 4779 397 4838 Nunc
415 4781 516 4840 iterum
533 4789 614 4859 atque
628 4785 727 4845 iterum
744 4793 931 4861 argumentum
943 4787 1056 4845 edemus
1072 4784 1145 4844 unde
1165 4789 1256 4860 patent
1269 4799 1397 4858 magnum
1416 4781 1488 4843 aliud
1502 4790 1639 4858 regestum

235 4872 320 4934 mrito
331 4877 450 4951 eduum,
464 4879 541 4954 mjm
553 4880 637 4942 hocce
646 4883 721 4957 quasi
733 4885 920 4960 compendium
929 4884 1001 4943 tonte
1013 4884 1153 4958 deperdito
1164 4883 1290 4958 supersit.
