4358 5996
530 606 608 670 1022
1027 601 1241 664 rnlnanlcl
1261 600 1435 662 sacrant
1749 603 1829 682 [llas.
1848 607 1937 672 lato.

527 741 619 813 libus
636 738 759 813 uostris
776 739 821 814 de
834 738 986 812 Maronia
1001 739 1037 810 iu
1052 739 1130 812 lorti
1142 758 1248 810 manu
1261 743 1296 808 ct
1307 744 1449 808 extento
1461 733 1603 808 brachio
1618 736 1810 811 secuudum
1823 739 1935 816 datam

528 864 628 938 vobis
643 885 665 936 a
681 865 751 936 Deo
769 862 989 957 prudentiam
1007 860 1192 952 inducatis,
1210 859 1258 932 ita
1276 857 1373 954 quod
1387 858 1592 932 sinceritatis
1602 868 1719 933 vestre
1733 863 1845 936 zelum
1861 887 1939 962 pos·

528 987 636 1061 simus
652 987 689 1060 iu
701 986 847 1060 Domino
860 984 1113 1059 commendare.

1488 1270 1733 1284 ——-—-

581 1499 832 1610 Raymundus
852 1499 1063 1583 Tolosanus
1085 1524 1212 1582 comes
1235 1497 1389 1607 exponit
1410 1496 1587 1607 qualiter,
1612 1496 1750 1580 comite
1772 1497 1939 1582 Berardo

529 1633 717 1716 civitatem
740 1619 965 1717 Arinionem
989 1658 1120 1742 regere
1142 1656 1220 1714 uon
1244 1629 1411 1737 volente,
1430 1629 1674 1739 potestariam
1695 1629 1813 1741 hujus
1833 1629 1939 1712 urbis

530 1766 581 1847 ad
595 1767 808 1874 profectum
827 1764 1065 1874 imperatoris
1083 1765 1281 1872 acceperit,
1297 1789 1460 1872 eamque
1477 1763 1605 1845 comiti
1621 1762 1786 1847 Galterio
1797 1762 1937 1846 vicario

528 1897 768 2005 imperatoris
786 1898 827 1978 in
845 1923 965 2006 regno
979 1895 1191 1979 Arelatensi
1210 1906 1248 1977 ct
1260 1893 1463 1978 Viennensi
1481 1893 1687 2003 requirenti
1704 1905 1743 1977 et
1759 1921 1806 1976 ex
1822 1919 1939 1975 man-

528 2028 618 2112 dato
645 2029 818 2138 ejusdem
845 2028 1085 2137 imperatoris
1112 2028 1357 2137 supersedere
1383 2025 1546 2134 nolenti,
1566 2027 1734 2137 resignat
1751 2036 1789 2109 et
1806 2025 1932 2108 tradit.

611 2213 706 2294 (Edit.
721 2231 768 2292 ap.
784 2215 830 2276 Du
843 2215 902 2276 Vrc
916 2221 946 2275 et
959 2215 1135 2286 Vnrsssrrn,
1149 2213 1223 2274 Hirt.
1240 2215 1335 2296 ptntr.
1347 2209 1382 2272 de
1395 2209 1559 2293 anned,
1569 2217 1594 2274 t.
1606 2211 1661 2291 Vl,
1672 2229 1810 2292 preuves,
1822 2230 1854 2292 p.
1867 2221 1936 2287 tre,

647 2330 724 2395 420,
739 2321 811 2382 edlt.
825 2319 982 2399 (1111163ος
1004 2337 1086 2381 nunc
1108 2320 1299 2382 mandatum
1316 2335 1355 2379 ex
1375 2319 1522 2396 original,
1541 2317 1622 2378 Tres.
1637 2315 1685 2378 dre
1697 2317 1804 2393 chart,
1819 2319 1850 2380 1.
1867 2327 1936 2398 stt,

647 2437 682 2486 11θ
697 2436 748 2506 tt,
762 2427 843 2488 unde
856 2425 915 2487 lllls
928 2428 1028 2488 eerlcls
1041 2426 1123 2487 rubrl
1136 2425 1240 2488 eolorls
1251 2424 1334 2486 bulla
1347 2425 1484 2502 plumbea
1496 2424 1667 2504 Raymundl
1680 2421 1815 2504 pendet.)

574 2585 700 2656 Notum
714 2585 758 2657 sit
771 2585 933 2658 omuibus
951 2584 1049 2680 quod
1071 2605 1162 2658 anno
1179 2583 1311 2657 domini
1327 2583 1375 2656 Μ.
1392 2582 1455 2656 CC.
1471 2583 1548 2674 XL,
1568 2582 1699 2657 scilicet
1714 2585 1762 2655 lll
1780 2582 1861 2655 idus
1880 2605 1939 2656 eu·

526 2709 632 2800 gusti,
647 2729 727 2782 cum
739 2729 855 2781 comes
868 2705 1040 2782 Galterius
1054 2708 1205 2782 vicarius
1219 2707 1388 2803 generalis
1406 2705 1537 2780 domini
1551 2707 1767 2803 imperatoris
1778 2707 1814 2778 in
1830 2728 1939 2800 regno

526 2831 719 2904 Arelatensi
744 2841 779 2904 ot
805 2832 992 2906 Viennensi
1010 2840 1141 2928 peteret
1162 2831 1380 2928 potcstariam
1405 2828 1586 2904 Ariuionis
1608 2852 1630 2903 a
1652 2830 1794 2903 domino
1813 2833 1939 2904 comite

525 2955 665 3046 Tolose,
686 2953 808 3028 diceus
828 2951 925 3051 quod
948 2977 971 3028 a
997 2954 1138 3028 domino
1164 2956 1370 3050 imperatore
1395 2961 1569 3049 receperat
1590 2953 1627 3024 iu
1651 2951 1826 3026 mandatis
1842 2953 1939 3048 quod

525 3077 746 3173 potestariam
768 3079 938 3174 reciperet
959 3076 1212 3174 supradictam,
1237 3077 1399 3150 domiuus
1425 3097 1541 3150 comes
1564 3075 1741 3171 predictus
1762 3076 1939 3172 respondit

526 3201 591 3295 ipsi
615 3199 730 3274 comiti
755 3200 905 3274 Galterio
928 3200 1025 3295 quod
1052 3202 1127 3296 ipse
1154 3210 1329 3296 receperat
1354 3200 1572 3295 potestariam
1596 3197 1777 3272 Aviuionis
1801 3209 1837 3273 et
1861 3221 1938 3272 eam

527 3323 665 3395 tenebat
682 3321 728 3396 ad
744 3323 940 3415 utilitatem,
960 3323 1126 3396 honorem
1142 3338 1178 3396 et
1189 3321 1383 3420 proficuum
1400 3322 1533 3397 domiui
1549 3323 1780 3418 imperatoris3
1805 3331 1840 3396 et
1854 3323 1938 3418 quia

528 3465 645 3516 comes
659 3445 830 3518 Berardus
854 3446 992 3519 nolebat
1008 3447 1064 3520 vel
1083 3447 1257 3520 nesciebat
1273 3468 1393 3542 regere
1408 3446 1581 3520 civitatem
1600 3443 1782 3518 Avinionis
1802 3445 1938 3540 prodic-

527 3575 616 3658 tam,
640 3576 677 3639 et
692 3567 771 3642 ideo
793 3589 957 3662 magnum
979 3568 1184 3643 scandalum
1202 3578 1317 3643 ortum
1339 3572 1404 3641 luit
1426 3569 1463 3641 in
1488 3570 1627 3642 civitate
1645 3569 1822 3663 predicta,
1842 3567 1936 3642 unde

527 3690 658 3762 inimici
677 3689 807 3763 domini
830 3691 1045 3787 imperatoris
1066 3693 1103 3764 iu
1120 3691 1244 3768 cadem
1264 3693 1402 3766 civitate
1419 3693 1635 3787 insurgentes
1657 3691 1936 3788 1111111111(-

528 3823 600 3884 tum
622 3813 781 3885 comitem
801 3813 992 3888 Berardum
1015 3813 1157 3904 armati,
1180 3821 1411 3909 proponentes
1429 3813 1544 3908 ipsum
1566 3815 1725 3887 comitem
1748 3814 1936 3888 Bernrdum

527 3935 699 4030 expellere
714 3955 735 4008 a
748 3935 888 4010 civitate
901 3945 936 4010 et
951 3937 1063 4010 lucore
1075 3936 1229 4031 regimen
1241 3958 1306 4032 per
1316 3957 1367 4023 sa,
1386 3934 1481 4009 unde
1496 3945 1566 4009 tota
1583 3937 1706 4010 civitas
1721 3938 1750 4009 si
1763 3937 1828 4032 ipsi
1840 3937 1937 4010 obti-

526 4057 683 4131 nuissent
706 4069 796 4132 essct
814 4067 931 4133 contra
951 4058 1130 4132 dominum
1152 4060 1392 4156 imperatorem
1412 4068 1541 4132 etcum
1560 4059 1685 4132 comite
1706 4059 1886 4132 Pmrincie
1902 4069 1937 4132 ct

526 4201 605 4254 oum
620 4181 764 4276 clericis,
780 4191 920 4278 propter
937 4182 1110 4256 delectum
1125 4184 1303 4278 regiminis
1320 4183 1431 4278 ipsius
1443 4181 1578 4256 comitis
1591 4181 1733 4255 Berardi
1748 4190 1783 4255 et
1795 4181 1876 4256 ideo
1889 4181 1936 4256 ad

524 4325 645 4398 preces
660 4305 770 4400 ipsius
787 4304 921 4377 comitis
938 4305 1078 4380 Berardi
1095 4313 1130 4378 et
1145 4307 1191 4380 ad
1206 4327 1327 4401 preces
1344 4305 1479 4379 consilii
1493 4305 1664 4400 generalis
1681 4313 1715 4378 et
1733 4287 1935 4400 parlamenti

524 4425 634 4522 ipsius
647 4426 796 4501 civitatis
813 4426 1072 4519 Aviuioucnsis,
1092 4429 1167 4523 ipse
1184 4429 1312 4524 recepit
1335 4430 1555 4524 potcstariam
1572 4430 1773 4524 predictam.
1794 4427 1837 4500 Et
1853 4426 1935 4522 qnia

525 4549 619 4622 cives
635 4548 816 4624 Avinionis
829 4551 1035 4624 affectabant
1049 4551 1177 4624 habere
1193 4551 1230 4623 in
1246 4560 1450 4646 potestatam
1463 4551 1645 4625 dominum
1664 4552 1823 4626 comitem
1836 4549 1934 4622 Tolo-

522 4692 648 4746 sanum
661 4675 740 4769 plus
755 4695 862 4770 quam
876 4675 982 4748 alium
994 4684 1036 4748 ct
1043 4675 1122 4770 plus
1138 4673 1305 4747 timebant
1316 4696 1397 4748 cum
1413 4695 1518 4770 qnam
1532 4675 1638 4748 alium
1651 4685 1686 4750 et
1700 4673 1824 4748 mellus
1836 4681 1936 4768 pote·
