4358 5996
325 667 416 728 bmcr.
434 663 499 740 l3.]
767 658 966 720 HISTORIA
990 656 1284 720 otsuomantctt
1673 655 1730 717 961

368 797 503 871 Similes
517 793 654 890 scripsit
668 792 762 866 idem
775 793 998 867 Brundusino
1014 793 1273 889 archiepiscopo
1285 788 1383 886 quod
1399 788 1571 862 tricesimo
1587 797 1663 884 post
1677 811 1734 860 re-

324 919 509 1016 ceptionem
534 919 747 1013 presentium
771 915 818 990 ad
840 917 972 990 curiam
999 916 1132 1003 veniat,
1162 925 1303 1012 portam
1327 934 1447 987 omnes
1474 911 1623 984 rationes
1647 933 1736 1006 quas

322 1043 538 1138 bubetsuper
549 1041 693 1116 ecclesia
709 1040 825 1114 Sancti
837 1040 957 1114 lacobi
972 1039 1010 1112 in
1027 1038 1224 1114 Brundusio
1236 1049 1271 1112 ct
1283 1037 1447 1112 omnibus
1462 1035 1736 1132 possessionibus

323 1167 570 1262 adjacentibus.

368 1293 451 1362 ltcm
469 1289 627 1382 scripsit:

368 1411 579 1500 Fridericus,
603 1420 687 1501 ete,
716 1409 920 1504 compalatio
943 1409 1124 1504 Neapolis,
1146 1419 1213 1482 etc.
1243 1407 1328 1480 Cum
1355 1427 1417 1501 per
1446 1405 1580 1477 lictores
1603 1414 1736 1478 nostras

327 1555 409 1631 quas
424 1555 487 1629 per
506 1543 541 1606 te
556 1533 607 1606 eis
622 1532 797 1606 mictimus
818 1533 1065 1627 assignandas,
1085 1533 1231 1604 citemus
1245 1530 1507 1626 Neapolitanum
1523 1538 1558 1601 et
1574 1526 1736 1601 Brundu-

329 1657 436 1730 sinum
455 1656 734 1751 archiepiscopos
760 1666 800 1729 ut
821 1655 957 1729 statutis
976 1656 1205 1752 peremptorie
1231 1654 1354 1728 diebos
1382 1652 1624 1745 uuusquisque
1646 1653 1736 1724 sicut

330 1781 436 1852 lictere
453 1779 631 1852 continent
650 1780 866 1874 supradicte,
883 1789 1000 1852 nostro
1024 1801 1062 1851 se
1085 1778 1285 1872 conspectui
1303 1784 1559 1872 representant,
1580 1774 1736 1848 fidelitati

330 1913 384 1975 tue
413 1901 634 1997 precipiendo
662 1901 870 1974 mandamus
897 1910 1068 1995 quatenus
1096 1899 1238 1973 easdem
1268 1901 1404 1974 lictores
1432 1908 1566 1971 nostras
1598 1899 1738 1971 cuilibet

330 2046 440 2098 eorum
463 2025 532 2097 sub
548 2024 744 2097 testimonio
764 2025 934 2097 bonorum
958 2023 1139 2097 bominum
1163 2024 1304 2097 studeas
1325 2024 1524 2116 assignare,
1545 2022 1737 2094 rescribens

331 2148 424 2220 uobis
438 2147 532 2220 diem
550 2147 794 2240 assignationis
817 2169 936 2220 earum
951 2155 985 2218 et
1000 2147 1142 2220 nomina
1166 2147 1302 2219 illorum
1321 2168 1436 2220 coram
1450 2146 1580 2242 quibus
1594 2146 1645 2218 eis
1662 2147 1737 2218 lue·

331 2269 393 2342 rint
407 2271 481 2366 ipsa
493 2291 557 2365 por
573 2280 608 2342 te
623 2270 741 2343 lictore
754 2261 947 2364 assignata,
963 2269 1014 2342 sic
1030 2269 1223 2362 studiosus,
1241 2279 1307 2343 etc.

375 2395 496 2466 Datum
516 2390 568 2492 [ut
585 2391 715 2494 supro}

550 2681 1367 2694 ——ss——ss———m-
1373 2681 1510 2689 -··-“··-·-

386 2932 537 3020 litterae
568 2936 618 3019 ad
645 2935 874 3045 magistrum
904 2947 1190 3046 procuratorem
1223 2937 1360 3020 Terrae
1388 2937 1547 3022 Laboris
1577 2939 1626 3022 de
1655 2942 1736 3024 do-

343 3062 452 3149 uibus
468 3077 506 3152 et
522 3069 643 3152 vineis
660 3069 788 3152 curiae
805 3069 1027 3178 reparandis
1049 3078 1087 3152 et
1107 3068 1346 3175 excolendis,
1374 3079 1412 3152 et
1434 3072 1484 3153 ad
1509 3073 1737 3182 magistrum

347 3210 607 3298 procuratorem
630 3199 829 3284 Calabriae
850 3201 899 3283 de
919 3199 1003 3308 pice
1024 3199 1208 3283 Riccardo
1234 3201 1283 3283 de
1307 3201 1469 3286 Pulcaro
1495 3203 1734 3288 destinanda.

413 3395 527 3480 (depost.
542 3399 646 3482 imper.
661 3397 781 3462 Frcdca
795 3399 836 3477 11,
850 3398 904 3461 iol.
921 3409 938 3462 3
953 3416 1053 3475 verso3
1070 3401 1101 3460 ln
1116 3400 1188 3463 edit.
1203 3399 1342 3481 Caeam,
1355 3418 1387 3480 p.
1404 3401 1488 3482 rao.)
1515 3457 1518 3463 .

378 3561 456 3643 Item
471 3574 606 3667 scripsit
620 3572 762 3646 Iacobus
774 3573 814 3645 dc
828 3575 959 3646 bactra
976 3573 1104 3646 licteus
1120 3575 1348 3667 recpcraolcs:

365 3683 590 3789 Fredericus,
612 3711 696 3788 etc,
717 3697 759 3768 R.
774 3696 821 3770 de
836 3697 976 3770 Polcaro
995 3696 1160 3790 magistro
1179 3695 1391 3791 procuratori
1412 3698 1619 3773 alermulis
1636 3701 1739 3798 Capi·

304 3801 426 3884 tincta
447 3841 559 3914 usqua
576 3819 623 3893 ad
639 3829 773 3916 portam
788 3821 919 3906 lloseti,
938 3829 1004 3894 etc.
1021 3817 1087 3916 (l).
1105 3819 1212 3894 Solita
1228 3820 1442 3912 benignitate
1464 3825 1658 3918 recepimus
1676 3828 1739 3900 lic·

300 3925 400 4004 ‘llas
419 3962 519 4036 quas
533 3951 595 4015 tua
609 3944 710 4016 nobis
729 3942 878 4017 fidelitas
892 3943 1076 4018 destinavit
1094 3952 1128 4016 et
1145 3943 1329 4036 diligenter
1342 3953 1494 4017 tenorem
1507 3947 1740 4023 intelleximus

289 4053 540 4138 tarumdem.
554 4069 667 4162 Super
677 4068 767 4140 iacto
781 4075 897 4140 autem
912 4065 1009 4161 quod
1020 4065 1173 4160 quedam
1184 4066 1309 4139 domus
1326 4076 1440 4140 nostre
1457 4069 1493 4139 in
1503 4070 1740 4162 jurisdictione

277 4159 332 4245 ¹⁰⁸
362 4189 533 4281 posite,
550 4189 737 4286 dequibus
754 4199 869 4286 posset
889 4189 986 4263 curia
1005 4199 1122 4263 nostra
1137 4191 1282 4284 singulis
1300 4193 1400 4265 annis
1417 4201 1544 4264 certam
1564 4197 1741 4292 percipere

270 4326 1741 4394 Ὰ-ῌ-,ῇ--Ἥ

299 4437 359 4517 (Ι)
394 4451 542 4517 Notanda
555 4467 598 4518 est
611 4460 648 4519 ibi
661 4461 835 4520 amanuensis
847 4461 999 4534 mdbnda,
1014 4476 1099 4535 quum
1112 4461 1256 4519 ltiocardus
1270 4461 1306 4520 de
1318 4461 1429 4522 Polcaro
1444 4469 1509 4522 tunc
1521 4464 1602 4524 luerit
1613 4469 1742 4541 magister

268 4537 486 4612 Procurator
497 4560 596 4616 Terrae
607 4557 728 4631 laboris,
741 4558 884 4616 comitatus
897 4557 993 4616 llolisii
1007 4563 1035 4615 et
1045 4559 1220 4633 Principatus.
1231 4559 1273 4616 llx
1287 4559 1370 4617 altera
1382 4567 1461 4634 parta
1471 4561 1556 4636 liquat
1569 4563 1670 4623 litteras
1681 4582 1742 4625 res-

263 4638 458 4738 'mnsam
469 4654 503 4710 ad
516 4656 629 4714 Petram
645 4654 817 4726 Gcstcldcm,
831 4655 885 4712 boc
898 4654 995 4713 eodem
1015 4655 1058 4712 dic
1074 4657 1231 4730 magistrum
1248 4663 1450 4730 procuratorem
1469 4675 1486 4717 a
1504 4661 1638 4720 Termulis
1655 4680 1742 4738 usquo

276 4727 311 4784 Μ
325 4747 483 4807 portam
496 4752 587 4812 ltoseti
599 4757 746 4825 statutum,
760 4769 814 4812 non
828 4753 911 4811 lmese
924 4753 1031 4812 musas.
