4524 6012
288 689 381 748 lmrur.
400 685 463 760 lu]
707 759 711 768 Ι
732 675 932 738 utsrouts
951 667 1246 734 ntrtottttlct.
1635 663 1695 726 673

289 827 418 893 nostros
435 817 470 887 in
484 813 609 908 Apulis
624 813 726 884 ludet
743 811 928 899 custodire,
944 827 1116 902 expensos
1134 823 1195 898 pro
1208 821 1261 890 sc,
1283 799 1485 888 falconibus,
1502 799 1696 872 lulconeriis

289 953 319 1016 et
345 939 550 1014 custodibus
571 934 793 1022 eorumdem,
816 931 905 1004 siout
929 929 1063 1003 dudum
1087 924 1274 1018 recipiebat
1289 944 1310 995 a
1325 921 1510 994 Thomusio
1525 922 1570 996 de
1585 923 1695 994 Brun·

288 1065 402 1153 doeio,
421 1083 443 1133 u
460 1071 611 1153 tempore
629 1078 700 1151 quc
715 1055 808 1128 idem
827 1053 1028 1126 Thomcsius
1046 1059 1181 1123 emotus
1198 1047 1243 1120 eb
1256 1045 1368 1118 officio
1382 1045 1465 1136 init,
1482 1043 1609 1118 hebere
1625 1067 1695 1118 non

273 1186 406 1284 potnit.
432 1184 547 1268 Quere
569 1178 778 1252 mundemus
796 1185 969 1271 qnatenus
992 1197 1013 1246 n
1035 1183 1187 1266 tempore
1208 1190 1279 1264 quc
1300 1179 1338 1240 tu
1361 1177 1509 1240 statutus
1527 1169 1561 1240 in
1582 1169 1696 1242 officio

286 1307 455 1382 Thomcsii
479 1303 623 1400 predicti
648 1302 760 1392 luisti,
783 1300 931 1373 otidum
957 1295 1210 1370 Cernilsvurius
1235 1292 1406 1388 predictus
1427 1313 1597 1388 expensas
1624 1315 1693 1366 non

287 1433 424 1520 hebuit,
444 1427 726 1525 expensasjpscs
743 1447 804 1520 pro
820 1446 875 1516 se,
898 1423 1089 1496 falconibus
1103 1431 1137 1494 et
1152 1417 1355 1492 custodibus
1367 1415 1585 1504 eorumdem,
1605 1419 1695 1492 sicut

287 1556 469 1652 recipiebat
482 1554 563 1626 olim
581 1551 709 1624 edicto
720 1547 901 1620 Thomasio
920 1567 1031 1640 usque
1048 1565 1140 1616 nunc
1156 1553 1190 1614 et
1203 1543 1239 1614 in
1258 1549 1372 1628 cumn,
1390 1539 1501 1614 donoc
1520 1541 1555 1611 in
1570 1541 1693 1614 eodem

286 1682 424 1755 servitio
448 1687 563 1750 nostro
581 1674 702 1762 merit,
722 1673 851 1746 debeas
873 1671 1058 1757 exhibere,
1076 1665 1335 1761 significaturus
1352 1665 1451 1737 nobis
1467 1667 1693 1759 quantitatem

287 1809 472 1894 luleonum,
497 1811 531 1874 et
551 1819 615 1896 pro
635 1807 719 1894 quot
741 1795 898 1868 scuteriis
920 1803 955 1868 et
979 1793 1097 1887 equis,
1125 1790 1260 1886 etquid
1282 1811 1344 1886 pro
1370 1789 1524 1883 quolibet
1547 1788 1692 1864 duxeris

285 1926 532 2006 exhibendum.

330 2057 454 2127 Datum
470 2048 595 2139 Aretii,
611 2047 673 2118 Xll
685 2043 852 2138 junuarii,
872 2042 950 2114 Xlll
966 2039 1175 2113 indictionis.

1239 2351 1485 2364 -u——u—-u—

334 2629 555 2712 Mandatum
584 2628 633 2710 ud
652 2626 900 2736 justitiarium
918 2626 1056 2707 Terrae
1073 2624 1230 2706 Laboris
1252 2635 1295 2706 ut
1317 2623 1599 2732 inquisitionem
1622 2625 1642 2706 l
1662 2673 1690 2688 -

283 2761 356 2842 ciet
373 2770 505 2842 contre
531 2759 710 2841 Donnnm
736 2759 948 2840 Bisontium
971 2765 1155 2840 statutum
1178 2781 1293 2863 super
1313 2756 1487 2862 expensis
1513 2755 1692 2838 iaciendis

283 2893 452 3000 inopere
468 2891 582 2973 castri
603 2891 774 2998 Capuae,
794 2891 897 2972 etde
916 2913 1095 2998 pmcessu
1114 2888 1287 2996 magistri
1305 2887 1500 2994 Liphcntis
1519 2887 1691 2995 ejusdem

282 3025 405 3134 operis
422 3023 721 3133 protomegistri.

362 3223 491 3305 (llcpcct.
502 3225 604 3303 imper.
617 3220 737 3285 Flcdcr.
752 3222 792 3295 11,
805 3219 854 3283 iol.
872 3230 909 3282 tt
922 3226 1017 3291 κοῖος
1031 3221 1064 3280 ln
1075 3219 1147 3279 edit.
1163 3217 1300 3292 Curcum,
1313 3235 1344 3296 p.
1361 3219 1444 3298 ³²0.)

331 3397 377 3465 lte
395 3395 566 3490 imperiali
580 3394 737 3466 mandatu
759 3396 846 3486 [octo
863 3415 924 3486 per
942 3394 1139 3484 rupturum
1156 3393 1198 3462 tt.
1221 3391 1261 3462 dc
1281 3393 1429 3484 Treiecto
1444 3394 1574 3488 scripsit
1590 3395 1630 3466 G.
1650 3395 1691 3466 dc

284 3519 469 3590 Cossutia:

328 3639 546 3728 Fredericus,
567 3647 650 3726 cto,
666 3637 833 3710 lticourdo
850 3637 895 3710 dc
907 3635 1118 3730 lllontenigro
1132 3637 1314 3728 justitiario
1332 3638 1434 3708 Terre
1447 3639 1599 3729 loboris,
1619 3651 1685 3713 etc.

282 3761 476 3835 Delationes
496 3759 664 3854 quosdam
689 3761 725 3830 in
744 3769 929 3854 conspectu
952 3759 1111 3830 culminis
1136 3759 1244 3830 nostri
1263 3760 1369 3830 factes
1393 3769 1508 3834 contra
1529 3763 1687 3835 Donnum

282 3885 470 3957 Bisantium
484 3893 649 3955 statutum
663 3901 770 3976 super
785 3881 951 3954 iaciendis
964 3881 1127 3975 expensis
1144 3883 1180 3952 in
1196 3902 1299 3976 opere
1316 3883 1417 3952 castri
1433 3885 1538 3954 nostri
1552 3884 1685 3979 Cupue,

280 4005 341 4077 tibi
366 4004 541 4076 mictimus
567 4004 784 4100 presentibus
807 4005 1026 4088 interclusum
1048 4025 1152 4097 super
1177 4003 1305 4096 quibus
1333 4025 1410 4076 cum
1432 4005 1687 4100 inquisitionem

279 4126 427 4198 velimus
454 4125 529 4198 lieri
550 4125 769 4220 diligentem,
794 4125 948 4199 fidelitati
969 4136 1027 4200 tue
1047 4125 1270 4222 precipiendo
1294 4127 1497 4202 mundemus
1516 4143 1687 4224 quatenus

280 4269 383 4344 super
395 4248 559 4321 omnibus
574 4269 643 4343 quc
656 4249 779 4321 cedula
792 4250 943 4321 continet
956 4249 1152 4340 intercluso,
1165 4260 1299 4322 cautum
1314 4261 1348 4322 et
1361 4250 1559 4344 diligentem
1572 4253 1686 4347 inqui·

279 4361 436 4445 sitiouem
455 4373 562 4446 lucius
575 4381 610 4445 et
621 4372 790 4467 quicquid
807 4372 889 4445 inde
904 4373 1080 4444 inveneris
1095 4373 1162 4444 snb
1177 4373 1297 4467 sigillo
1313 4383 1373 4446 tuo
1393 4374 1438 4446 ad
1458 4378 1586 4448 curium
1601 4400 1686 4450 nos-

279 4503 364 4566 trum
393 4495 530 4567 mictes.
554 4495 721 4568 Volumus
744 4505 897 4591 preterea
928 4496 1024 4589 quod
1052 4497 1206 4590 inquires
1231 4497 1277 4570 de
1303 4499 1432 4570 meritis
1460 4507 1496 4571 et
1522 4521 1685 4592 processu

278 4618 432 4711 megistri
456 4615 636 4714 Liphcntis
659 4619 937 4714 prothomngistri
963 4620 1075 4714 operis
1098 4622 1276 4693 memorati
1300 4633 1456 4694 contest
1481 4621 1681 4714 diligenter,

278 4741 426 4832 qualiter
448 4743 611 4835 sogessit
633 4743 671 4814 in
695 4763 798 4838 opere
820 4752 1022 4831 memorato,
1048 4763 1127 4814 cum
1154 4753 1188 4816 ct
1210 4743 1302 4817 idem
1328 4745 1422 4840 apud
1446 4746 1685 4819 celsitudinem

1737 2645 1866 2753 stultu
