4384 6004
212 672 314 732 lrtnrcr.
332 667 396 746 14.]
664 667 861 728 HISTORIA
884 664 1179 726 otPtotttttht.
1544 671 1621 732 1065

211 803 392 898 recipienti
408 801 547 875 nomine
559 802 689 875 domini
704 824 792 895 pape
804 802 932 893 eligere
943 801 1030 873 duos
1044 801 1149 892 viros,
1165 799 1294 894 quibus
1307 813 1342 871 et
1355 801 1548 896 inquorum
1561 827 1621 900 po-

212 937 335 998 testate
352 925 463 998 tradet
480 925 663 1018 pecuniam
677 925 909 1020 supradictam
924 933 958 996 et
973 926 1075 996 aliam
1092 945 1162 1017 666
1177 923 1329 996 solvetur
1341 947 1452 1018 nsque
1468 928 1513 998 ad
1532 949 1621 1000 con-

213 1057 407 1122 currentem
427 1048 652 1140 quantitatem
671 1048 744 1142 ipse
763 1048 925 1121 dominus
938 1049 1071 1140 legatus
1089 1050 1142 1119 vel
1162 1047 1275 1119 nuntii
1293 1047 1422 1120 domini
1439 1071 1541 1144 pape,
1561 1073 1622 1146 pro

212 1193 253 1244 ea
267 1170 498 1266 expendenda
516 1171 552 1241 in
569 1170 671 1243 dictis
685 1171 793 1261 galeis
808 1179 843 1240 et
861 1169 980 1241 taridis
997 1180 1032 1241 et
1044 1171 1264 1262 apparatibus
1283 1171 1483 1243 earumdem
1502 1181 1535 1245 et
1553 1195 1621 1246 non

211 1295 247 1365 in
262 1296 340 1366 aliis
354 1295 514 1389 negotiis,
537 1295 603 1366 nisi
622 1305 712 1366 66661
733 1293 778 1368 de
799 1296 977 1366 voluntate
997 1293 1079 1366 dicti
1096 1294 1227 1365 domini
1243 1316 1333 1389 pepe
1352 1296 1406 1366 vel
1424 1297 1620 1368 nuntiorum

211 1419 287 1510 ejus
300 1417 346 1491 ad
363 1419 431 1490 hoc
443 1419 703 1490 constitutorum
719 1420 774 1490 vel
787 1419 895 1512 ipsius
911 1417 1026 1507 legati.
1042 1417 1278 1511 Supradictam
1291 1439 1374 1490 vero
1383 1419 1576 1492 mercedem
1588 1433 1622 1492 et

212 1542 361 1635 pretinm
380 1540 547 1613 dictarum
563 1542 741 1634 galearum
755 1549 788 1613 61
802 1541 991 1612 taridarum
1006 1541 1197 1612 secundum
1211 1540 1307 1634 qnod
1323 1543 1481 1636 superius
1491 1540 1620 1614 dictum

211 1674 277 1752 est,
296 1667 384 1734 ultra
401 1665 511 1736 dictas
530 1665 636 1736 libras
656 1663 862 1737 llilllllCCCL
879 1662 930 1759 (n)
949 1685 1018 1757 666
1034 1664 1160 1736 debent
1176 1664 1366 1759 computari
1384 1665 1418 1735 in
1437 1666 1511 1759 ipsa
1531 1689 1621 1739 mer-

211 1787 296 1858 cede
317 1797 353 1857 et
371 1789 498 1883 pretio,
518 1787 621 1860 debet
642 1786 770 1860 habere
787 1809 967 1859 commune
985 1788 1155 1859 lanuense
1171 1795 1250 1858 ante
1267 1809 1328 1881 per
1346 1809 1497 1862 mensem
1512 1813 1620 1862 unum

210 1930 316 2001 quam
335 1911 409 2005 ipse
425 1911 522 2004 gaiae
539 1920 575 1982 et
592 1910 704 1983 taride
720 1920 913 2000 armentur,
931 1919 1032 2005 prout
1051 1912 1209 2004 superins
1227 1910 1436 1983 dictumest.
1458 1913 1540 1984 ltem
1562 1936 1620 1987 ac·
1751 1963 1754 1968 -

210 2043 283 2103 tum
301 2043 354 2104 661
371 2033 459 2105 inter
474 2035 567 2128 ipsas
585 2043 700 2128 partes
722 2032 817 2126 quod
841 2034 870 2104 61
888 2033 1084 2127 supradicte
1105 2035 1205 2123 galee
1223 2044 1258 2104 61
1284 2031 1394 2105 taride
1418 2056 1484 2106 non
1508 2049 1620 2110 essent

210 2155 405 2228 necessario
426 2177 489 2249 pro
505 2157 712 2250 supradictis
731 2156 869 2250 prelatis
891 2166 924 2227 et
946 2156 1022 2227 aliis
1044 2155 1212 2228 ducendis
1229 2165 1264 2228 61
1279 2156 1505 2245 reducendis,
1525 2161 1621 2253 quod

209 2278 303 2350 dicte
321 2279 408 2350 libre
423 2279 628 2351 Mnntcch
645 2289 680 2350 et
700 2280 768 2350 alia
790 2279 937 2374 pecunia
958 2287 993 2350 et
1015 2278 1050 2348 in
1070 2279 1273 2372 1116(1)666
1294 2279 1399 2352 debet
1416 2280 1490 2352 dari
1514 2303 1536 2352 a
1557 2283 1619 2354 do·

208 2401 305 2474 mino
324 2424 412 2497 papa
429 2424 492 2498 pro
507 2403 674 2491 navibus,
694 2402 800 2496 galeis
819 2410 854 2474 et
877 2402 1018 2473 usceriis
1035 2401 1203 2476 intrandis
1218 2401 1253 2471 in
1267 2423 1429 2495 regnum,
1446 2404 1505 2476 illo
1522 2405 1620 2478 salvo

208 2524 307 2617 quod
322 2523 409 2597 libre
423 2527 531 2598 XXVI
546 2547 615 2619 que
632 2525 912 2620 expenderentur
926 2525 961 2595 in
980 2525 1229 2620 preparatione,
1251 2525 1317 2596 hoc
1333 2535 1385 2596 est
1403 2525 1439 2596 in
1456 2538 1619 2621 apertura

209 2648 489 2742 uniuscnjusque
511 2649 718 2740 landarum,
750 2671 817 2722 non
842 2649 992 2720 debeant
1015 2647 1204 2741 computari
1229 2647 1264 2718 in
1285 2648 1431 2741 pecnnia
1453 2671 1522 2742 que
1545 2651 1618 2724 dari

208 2770 315 2842 debet
329 2793 392 2865 pro
408 2772 532 2865 galeis,
553 2772 702 2844 naribus
717 2782 751 2844 et
765 2772 906 2844 usceriis
919 2770 1087 2844 intrandis
1106 2771 1142 2840 in
1159 2791 1317 2862 regnum.
1339 2771 1420 2841 ltem
1435 2781 1551 2844 actum
1568 2783 1620 2845 661

207 2894 300 2966 iuter
313 2895 405 2989 ipsas
417 2904 532 2988 partes
545 2896 640 2989 quod
654 2897 683 2968 si
698 2917 819 2989 naves,
840 2895 937 2988 galee
948 2905 983 2967 61
997 2893 1119 2965 usserii
1135 2913 1204 2963 non
1221 2901 1335 2964 essent
1351 2894 1543 2967 necessarie
1558 2917 1619 2990 pro

207 3019 390 3091 invasione
408 3020 519 3110 regni,
533 3018 638 3091 debet
655 3019 780 3092 cedere
793 3019 940 3113 pecunia
957 3039 1025 3111 que
1036 3019 1146 3088 soluta
1160 3027 1249 3088 esset
1263 3017 1437 3088 communi
1455 3019 1618 3091 laonensi

207 3153 243 3213 et
257 3140 415 3233 ejusdem
433 3143 626 3214 communis
644 3163 731 3214 6666.
753 3141 910 3213 Predicta
932 3142 1048 3214 omnia
1066 3149 1100 3212 et
1115 3140 1251 3232 singula
1268 3139 1487 3234 supradictus
1512 3141 1619 3214 sindi-

209 3285 272 3336 cus
288 3265 429 3338 nomino
446 3266 638 3337 communis
657 3266 839 3338 Januensis
867 3265 1020 3358 promisit
1045 3265 1111 3358 ipsi
1137 3263 1278 3336 domino
1304 3263 1415 3355 legato
1441 3264 1618 3358 recipienti

209 3388 352 3460 nomine
368 3389 493 3459 summi
509 3387 679 3482 pontilicis
692 3387 882 3470 attendere,
901 3388 1069 3480 complere
1083 3397 1116 3458 et
1128 3387 1360 3459 observasset
1372 3387 1408 3456 16
1421 3387 1518 3459 66116
1532 3409 1618 3460 con-

209 3510 402 3598 travenire,
421 3512 488 3582 sub
504 3531 595 3606 pena
611 3532 806 3584 marcarum
822 3511 977 3604 6616666
1000 3511 1133 3581 611166
1155 3511 1290 3602 argenti
1307 3510 1470 3605 stipulata
1489 3523 1523 3582 et
1540 3535 1618 3606 prn-

209 3631 334 3722 missa,
359 3654 507 3727 proque
530 3654 621 3727 pena
638 3643 673 3706 et
691 3633 741 3704 sic
758 3632 984 3705 observandis
1006 3635 1120 3705 omnia
1145 3634 1235 3706 bona
1254 3634 1446 3704 eommunis
1463 3619 1618 3730 ejusdem

209 3755 346 3849 pignori
361 3756 540 3850 obligavit.
567 3759 711 3851 insuper
729 3757 860 3850 juravit
877 3756 969 3828 idem
993 3755 1147 3827 sindicus
1162 3756 1198 3826 in
1220 3756 1371 3828 animam
1394 3758 1570 3852 potestatis
1585 3768 1620 3831 et

211 3881 480 3952 consiliariorum
493 3880 717 3953 tennensium
731 3880 1037 3972 omniaetsingnla
1049 3877 1224 3950 attendere
1238 3888 1273 3952 61
1284 3880 1469 3954 observare
1480 3893 1515 3954 et
1526 3904 1615 3955 com·

211 4001 305 4094 plere
324 4011 360 4075 61
371 4003 466 4098 quod
483 4012 632 4098 potestas
646 4003 803 4097 sequenti
821 4003 1007 4074 successori
1021 4023 1084 4073 suo
1102 4001 1248 4073 dimittet
1265 4024 1326 4096 per
1343 4004 1491 4097 speciale
1504 4026 1618 4077 sacra·

212 4135 364 4196 mentum
383 4135 419 4198 61
433 4136 682 4199 tensamentum
699 4125 744 4221 (l)
769 4125 864 4219 quod
884 4125 999 4196 omnia
1022 4123 1218 4219 supradicta
1238 4136 1272 4197 et
1291 4127 1425 4221 singula
1443 4127 1569 4200 debeat
1584 4139 1618 4200 et

213 4255 378 4320 teneatur.
405 4252 510 4323 Versa
531 4253 609 4326 vice
635 4251 748 4324 dictus
770 4249 932 4322 dominus
955 4251 1088 4343 legatos
1112 4250 1313 4324 auctoritate
1335 4260 1369 4323 61
1390 4251 1526 4324 licentia
1551 4251 1615 4323 sibi

213 4390 376 4444 concessa
398 4394 419 4444 a
444 4373 584 4446 domino
609 4395 715 4468 papa,
742 4375 842 4466 cujus
865 4373 999 4446 licentia
1024 4384 1122 4446 tenor
1148 4384 1198 4446 est
1223 4374 1365 4447 interius
1391 4373 1611 4471 descriptus:

253 4543 295 4622 (a)
314 4547 351 4605 In
371 4546 426 4607 hac
446 4547 543 4609 denno
562 4552 778 4627 computattons
797 4547 1010 4610 subtrahuntur
1026 4549 1170 4611 ducentae
1182 4550 1273 4610 ltbrae
1285 4565 1359 4626 quaa
1372 4556 1546 4611 mercatores
1563 4567 1617 4628 pro

211 4653 309 4710 66161
321 4655 459 4729 expensis
470 4657 554 4730 quast
566 4654 767 4732 prelibabunt

253 4753 294 4835 (1)
316 4755 413 4818 Locus
424 4765 458 4820 nt
470 4759 587 4821 rtdetur
599 4761 733 4840 mutilus,
747 4761 820 4822 dum
836 4777 939 4822 666666
952 4762 1065 4840 integer
1077 4778 1139 4823 non
1153 4763 1344 4838 exprimetur.
