4358 5996
495 743 498 749 .
571 680 633 743 ooo
1072 677 1287 739 rnrnunrcr
1312 677 1486 740 sncuunr
1797 677 1881 763 [nn.
1900 679 1986 740 raro.

570 820 733 906 augusto,
752 810 939 883 lerusalem
959 817 994 883 et
1015 810 1130 883 Sicilie
1148 832 1230 906 rege
1253 811 1498 900 invictissimo,
1518 833 1610 886 anno
1630 811 1765 908 imperii
1786 813 1866 905 ejus
1888 813 1989 885 vice-

564 937 680 1027 'simo,
707 935 804 1029 regni
826 933 1011 1008 ierusalem
1033 935 1308 1028 quintodecimo,
1334 937 1433 1030 regui
1458 955 1547 1009 vero
1573 935 1690 1009 Sicilie
1714 935 1989 1030 quadragesimo

571 1061 696 1146 tercio,
717 1057 872 1130 feliciter.
893 1057 1019 1129 Amen.

620 1183 704 1255 Data
720 1183 816 1276 apud
834 1181 986 1277 Capuam
1000 1181 1067 1277 (l),
1087 1203 1201 1272 anno,
1220 1203 1339 1255 mense
1356 1191 1391 1254 et
1406 1181 1595 1255 indictione
1610 1181 1818 1277 prescriptis.
1936 1161 1942 1169 ’

627 1735 857 1846 Fridericus‚
876 1737 1138 1825 Romanorum
1160 1739 1380 1848 imperator,
1405 1735 1593 1821 Landullo
1619 1737 1668 1821 de
1694 1737 1839 1820 Franco
1860 1737 1987 1846 justi-

574 1867 684 1951 tiario
701 1878 824 1954 terrae
841 1869 928 1953 Bnri
947 1873 1107 1954 mandat
1123 1883 1167 1955 ut
1188 1870 1373 1954 Henricus
1398 1871 1449 1952 de
1469 1869 1562 1954 Vico
1589 1872 1739 1982 Aggere
1760 1869 1873 1954 obses
1906 1869 1988 1952 Pa-

574 1999 688 2106 duae,
707 2002 857 2085 dudum
874 2003 1030 2088 Nicolso
1047 2005 1096 2088 de
1119 2004 1245 2087 Cicala
1263 2002 1506 2110 commissae,
1523 2027 1627 2086 nuuc
1643 2028 1712 2112 per
1730 2001 1857 2112 ipsum
1872 1999 1989 2086 Leoni

575 2129 623 2213 de
640 2128 801 2215 Bnnesio
818 2133 890 2216 civi
908 2133 1064 2216 Berensi
1083 2134 1310 2244 assignetur.

628 2305 631 2312 ι
658 2339 836 2421 (liopertum,
852 2342 904 2404 rol.
922 2352 959 2404 tn
974 2359 1077 2418 vers03
1092 2343 1137 2406 Cf.
1153 2359 1259 2420 snpra,
1274 2359 1305 2420 p.
1322 2339 1408 2419 ott.)

624 2520 749 2591 Datum
768 2520 904 2616 Capne,
923 2523 1036 2618 primo
1052 2523 1160 2616 iunii,
1181 2523 1258 2595 Xlll
1276 2520 1489 2594 indictionis.

624 2643 675 2715 De
698 2645 861 2718 mandato
881 2645 1006 2720 codem
1026 2645 1084 2720 die
1104 2648 1195 2720 lacto
1216 2643 1385 2718 Odericns
1405 2642 1496 2716 lilius
1517 2641 1654 2714 ilenrici
1674 2640 1720 2716 de
1742 2642 1827 2716 Vico
1851 2642 1988 2737 Aggere

577 2765 677 2840 obses
689 2767 829 2840 Padnae
844 2769 1047 2842 commissus
1063 2778 1117 2844 est
1131 2767 1245 2842 eidem
1259 2767 1399 2840 Nicolao
1412 2765 1458 2839 de
1470 2765 1594 2838 cicala.
1608 2763 1689 2838 Vid.
1705 2766 1845 2855 ibidem,
1861 2767 1929 2858 iol.
1942 2763 1987 2836 l3

577 2909 689 2980 verso,
708 2912 746 2986 p.
767 2892 851 2964 ote.

630 3443 866 3552 Fridericus,
895 3445 1156 3529 Romanorum
1189 3443 1414 3554 imperator,
1445 3441 1555 3526 Petro
1591 3443 1768 3527 Custoldo
1807 3445 1989 3554 magistro

577 3577 813 3684 procuratori
840 3577 968 3659 curiae
998 3577 1225 3659 mandalum
1256 3575 1362 3684 prius
1392 3574 1609 3658 Alexandro
1638 3575 1717 3659 filio
1743 3577 1895 3660 Henrici
1921 3577 1988 3660 di-

578 3721 723 3792 rectum
742 3721 899 3794 renovat
916 3711 964 3793 de
987 3709 1209 3792 necessariis
1227 3707 1401 3817 expensis
1419 3709 1642 3791 exhibendis
1661 3709 1798 3793 Gentili
1816 3710 1865 3792 de
1889 3709 1987 3792 Cas-

578 3852 690 3924 tanea
707 3869 777 3951 pro
804 3841 1026 3926 custodibus
1049 3840 1330 3951 jumentorum,
1353 3839 1559 3924 stelionum
1584 3851 1623 3924 et
1649 3864 1837 3950 equorum
1861 3841 1989 3950 impe-

579 3973 683 4056 rialis
701 3973 841 4057 curiae.

675 4188 839 4270 Repetam,
854 4187 906 4248 tol.
923 4196 960 4250 nt
976 4204 1076 4264 versm
1092 4187 1138 4250 Gi.
1154 4203 1254 4266 supra,
1269 4203 1300 4266 p.
1316 4185 1399 4265 ⁸90.)

627 4368 752 4440 Datum
769 4366 898 4461 Capne,
918 4367 932 4437 1
951 4365 1060 4458 junii,
1080 4365 1158 4438 Xlll
1176 4363 1385 4438 indictionis.

615 4689 651 4763 (t)
674 4689 794 4746 «Mense
816 4687 878 4744 maii
894 4685 1040 4760 imperator
1059 4692 1219 4760 congregato
1239 4685 1358 4743 exercitu
1377 4683 1412 4742 de
1429 4683 1525 4758 Apulia
1547 4683 1621 4742 venit
1638 4651 1774 4757 Capuam,
1793 4682 1898 4756 etipse
1915 4695 1993 4739 nan·

579 4786 661 4844 dante
675 4785 855 4844 &omentum
866 4783 893 4840 iu
906 4781 1087 4841 exterioribus
1099 4783 1264 4841 devastatur.
1277 4801 1290 4835 r
1305 4781 1379 4840 Illos.
1394 4780 1426 4838 dc
1440 4781 1472 4840 S.
1485 4782 1576 4840 Gom.
1589 4779 1727 4846 cumn..
1744 4779 1779 4839 ad
1792 4793 1905 4838 aunum.
