4358 5996
540 672 618 736 1028
1038 671 1252 734 tutotttttct
1277 671 1449 733 sucuttnt
1760 671 1841 750 [An.
1860 671 1944 734 tato.

585 805 794 924 Fridericus,
814 815 898 896 etc,
915 806 1107 882 venerabili
1118 807 1266 880 Ostiensi
1284 807 1458 900 episeopo,
1473 813 1540 878 etc.
1556 805 1652 878 Illam
1665 827 1729 900 pro
1746 803 1845 880 firmo
1860 809 1948 900 geri-

538 952 617 1004 mus
643 930 690 1004 de
717 939 832 1004 vestra
861 931 1056 1004 sinceritate
1081 929 1266 1020 fiduciam,
1285 929 1379 1002 illam
1405 929 1441 1000 in
1463 929 1564 1000 vobis
1589 939 1625 1000 et
1643 929 1765 1002 ceteris
1786 930 1949 1002 fratribus

503 1145 508 1160 ι
537 1053 661 1128 uestris
683 1075 759 1128 esse
779 1055 1005 1126 constantiam
1026 1053 1208 1148 opinamur
1234 1052 1330 1147 quod
1352 1061 1673 1146 quantumcumque
1704 1051 1900 1126 devotionis
1916 1063 1951 1124 et

538 1179 736 1252 reverencie
758 1177 900 1252 vinculo
918 1177 1072 1250 Romano
1092 1174 1247 1272 pontifici
1270 1175 1345 1248 sitis
1361 1175 1530 1264 adstricti,
1550 1184 1872 1270 quantumcumque
1894 1178 1951 1248 sni

537 1322 719 1397 processus
742 1301 910 1397 impetum
935 1309 1053 1374 contra
1083 1321 1146 1374 nos
1170 1299 1327 1372 habitum
1352 1297 1419 1371 sub
1448 1298 1617 1393 generalis
1641 1299 1784 1372 ecclesie
1811 1301 1952 1373 nomine

538 1427 701 1522 periculis
725 1427 850 1500 vasula
874 1425 1067 1515 adscribat,
1096 1447 1236 1500 causam
1257 1424 1433 1521 propriam
1455 1423 1618 1518 redigens
1638 1423 1685 1498 ad
1711 1445 1949 1516 communem,

537 1571 622 1641 vos,
643 1551 740 1624 velut
759 1549 853 1623 orbis
868 1549 1027 1624 cardines
1046 1559 1080 1622 et
1100 1551 1282 1643 columpne
1301 1547 1508 1638 firmissime,
1527 1567 1592 1620 nec
1611 1547 1658 1620 ad
1677 1548 1951 1622 circumventio-

538 1695 617 1748 nem
637 1675 834 1748 innocentie
850 1683 964 1748 nostre
979 1675 1102 1748 leviter
1118 1673 1256 1770 possitis
1277 1671 1396 1744 induci
1414 1693 1479 1744 nec
1496 1671 1543 1744 ad
1564 1671 1819 1766 depressionem
1834 1685 1950 1746 nostre

532 1799 672 1892 justicie
692 1799 815 1873 leviter
840 1799 1063 1872 commorari.
1086 1799 1130 1872 Et
1147 1807 1467 1892 quantumcumque
1481 1795 1528 1869 ad
1551 1795 1714 1868 evitanda
1730 1795 1950 1870 desolationis

537 1921 721 2018 dispendia
750 1931 789 1994 ut
818 1920 994 1996 credimus
1022 1943 1084 2018 per
1111 1921 1315 2011 scissuram,
1347 1919 1497 1992 currenti
1522 1919 1670 2014 primum
1694 1920 1801 1992 furori
1831 1941 1949 1993 cesse-

536 2046 630 2138 ritis,
648 2046 794 2119 libenter
810 2055 923 2118 tamen
942 2067 1008 2119 vos
1024 2045 1182 2118 invenire
1205 2045 1295 2117 velle
1314 2041 1467 2116 remedia
1489 2042 1664 2116 credimus
1680 2063 1742 2136 per
1761 2044 1945 2132 cantelam,

536 2161 666 2260 quibus
690 2174 764 2238 orta
783 2185 846 2260 per
871 2165 1039 2258 impeturn
1063 2164 1203 2237 valeant
1219 2163 1372 2258 reparari
1391 2161 1590 2235 discrimina
1607 2171 1643 2234 et
1659 2161 1809 2234 excitata
1828 2162 1946 2236 mundi

537 2287 683 2362 dissidia
712 2288 972 2382 conquiescant.
1006 2288 1134 2362 Verum
1160 2307 1294 2360 summa
1317 2284 1455 2358 videtur
1486 2286 1791 2380 circumspectione
1819 2307 1948 2360 caven-

536 2407 642 2502 dum,
668 2418 707 2482 ut
731 2411 805 2482 sine
828 2409 1020 2505 prejudicio
1043 2419 1157 2484 vestre
1179 2409 1396 2484 discretionis
1413 2409 1581 2482 immense
1603 2409 1802 2504 loquamur,
1821 2411 1947 2485 nedum

536 2553 599 2628 per
622 2533 768 2627 liquoris
798 2533 1006 2607 inlusionem
1036 2533 1195 2627 extingui
1228 2531 1389 2606 credatur
1414 2531 1637 2622 incendium,
1667 2553 1835 2606 accensus
1860 2536 1949 2627 ignis

537 2655 715 2730 ardentius
744 2657 867 2744 furiat,
895 2679 975 2730 cum
1007 2657 1148 2730 forsitan
1172 2657 1286 2730 oleum
1311 2657 1439 2748 jacitur
1465 2657 1501 2728 in
1526 2656 1715 2730 caminum.
1735 2657 1825 2730 lllnd
1846 2659 1948 2730 etiarn

537 2799 606 2852 non
632 2779 757 2854 minori
786 2780 965 2874 diligentia
994 2779 1168 2854 credimus
1198 2777 1453 2874 prouidendum
1474 2799 1519 2851 ne
1545 2780 1687 2852 mamrie
1715 2780 1821 2852 nimis
1843 2780 1949 2854 crude

538 2903 732 2976 cauterium
753 2911 947 2998 apponatur
962 2913 997 2976 et
1018 2923 1150 2998 exque
1167 2911 1330 2998 sequatur
1351 2903 1479 2976 vulnus
1501 2902 1693 2976 insanabile
1709 2904 1823 2998 potins
1844 2925 1949 3000 quarn

537 3028 691 3100 vulneris
706 3025 892 3099 medicina.
914 3027 1032 3122 Nuper
1053 3027 1145 3099 enim
1162 3025 1382 3117 audivimus,
1404 3025 1498 3100 uude
1515 3027 1703 3117 justissima
1721 3028 1854 3102 ratione
1871 3049 1949 3102 mo·

535 3171 676 3239 vamur,
697 3149 794 3242 qnod
813 3149 915 3222 nobis
935 3149 1120 3239 excogitati
1143 3147 1293 3238 consilii,
1312 3149 1488 3242 qualitatis
1509 3149 1586 3241 ejus
1604 3158 1640 3221 et
1664 3151 1827 3244 temporis
1854 3173 1949 3245 pror·

537 3293 598 3344 sus
623 3272 771 3365 ignaris,
799 3293 861 3366 per
887 3293 1062 3344 summum
1087 3270 1285 3367 pontificem
1309 3271 1425 3345 adhuc
1453 3272 1629 3368 publicum
1659 3272 1792 3347 hostem
1815 3273 1949 3368 imperii

538 3405 572 3468 et
588 3405 741 3466 nostrum
762 3393 1044 3489 capitalissimnm
1068 3394 1248 3468 inimicum
1272 3415 1333 3490 pro
1356 3395 1453 3491 pacis
1477 3381 1636 3490 negotio,
1656 3396 1735 3468 licet
1754 3396 1822 3470 boc
1841 3417 1950 3470 voca·

538 3517 642 3590 tionis
656 3517 779 3590 emisse
794 3518 902 3590 torma
921 3539 991 3592 non
1009 3517 1198 3612 exprimat,
1215 3519 1399 3591 concilium
1418 3529 1649 3612 convocatur,
1674 3520 1733 3591 illo
1752 3520 1950 3615 simpliciter

539 3649 699 3713 annotato
725 3639 822 3734 quod
848 3660 910 3734 pro
937 3641 1074 3734 magnis
1096 3649 1130 3712 et
1152 3639 1271 3714 arduis
1299 3641 1451 3714 Ecclesia
1473 3643 1628 3715 Romane
1651 3643 1796 3738 negotiis
1822 3643 1950 3716 cisma-

539 3763 692 3836 rinorum
716 3763 923 3858 prelatorum
949 3774 984 3838 et
1002 3764 1198 3860 principum
1217 3763 1373 3860 synodus
1392 3773 1566 3838 evocetur.
1585 3767 1715 3839 Verum
1730 3787 1950 3862 quecumque

539 3887 585 3960 sit
610 3908 714 3959 causa
729 3887 919 3960 vocationis
932 3888 1132 3980 hujusmodi
1155 3889 1276 3962 litteris
1293 3889 1338 3963 ad
1357 3889 1531 3986 publicam
1550 3891 1679 3964 lamam
1696 3891 1799 3964 tacita
1819 3891 1875 3962 vel
1889 3911 1951 3963 ex·

539 4029 672 4104 pressa,
690 4009 785 4082 scitis
802 4019 916 4084 tamen
933 4012 1137 4107 suspicionis
1151 4021 1267 4085 nostre
1289 4034 1429 4086 canmm
1447 4013 1624 4108 perlucide
1639 4023 1675 4087 et
1692 4013 1821 4088 indicia
1837 4015 1948 4086 mani·

541 4133 626 4204 testa
643 4131 739 4227 quod
764 4153 834 4204 non
852 4155 915 4228 pro
934 4135 1035 4208 nobis
1057 4155 1123 4208 nec
1143 4155 1206 4230 pro
1219 4157 1323 4229 paee,
1346 4135 1409 4209 sed
1427 4146 1548 4209 contra
1562 4157 1626 4210 uos
1646 4147 1682 4211 et
1699 4157 1761 4232 pro
1778 4137 1950 4210 discordia

471 4335 473 4340 ¹
541 4255 655 4349 potius
669 4257 737 4328 tale
752 4256 937 4329 concilium
952 4269 1174 4352 convocatur,
1189 4259 1274 4332 dnm
1288 4280 1358 4332 non
1372 4281 1393 4332 a
1407 4261 1510 4334 vobis
1519 4262 1576 4334 vel
1590 4263 1711 4334 saltem
1724 4263 1951 4334 communiter

539 4379 649 4451 electe
673 4401 835 4474 persone,
857 4379 920 4454 sed
933 4381 978 4456 ab
994 4383 1134 4456 inimico
1151 4393 1267 4457 nostro
1286 4392 1323 4454 et
1343 4385 1498 4456 nonnulli
1516 4385 1624 4457 nostri
1643 4385 1804 4458 culminis
1822 4385 1950 4458 inimici

541 4511 721 4574 vocantur.
740 4503 839 4576 Prius
867 4504 973 4598 igitur
995 4506 1134 4578 tractari
1157 4528 1228 4602 pax
1254 4507 1342 4580 inter
1368 4528 1431 4580 nos
1455 4507 1577 4581 debuit
1604 4517 1639 4582 et
1663 4518 1801 4581 tractata
1824 4507 1951 4580 firmari

540 4645 647 4716 quam
671 4647 692 4698 a
713 4635 781 4698 tam
806 4629 945 4702 remotis
968 4631 1124 4726 partibus
1141 4631 1236 4726 pacis
1254 4631 1417 4724 suffragia
1442 4642 1681 4726 quererentur.
1705 4633 1773 4706 Nos
1796 4632 1889 4704 enim
1914 4633 1951 4704 in

541 4746 608 4820 boc
621 4749 837 4824 inimicorum
850 4763 1044 4828 nostrorum
1056 4755 1118 4849 qui
1132 4753 1178 4828 de
1191 4757 1301 4850 primo
1318 4756 1373 4828 vel
1390 4756 1512 4829 ultimo
1524 4777 1562 4828 se
1576 4756 1735 4846 oderunt,
1752 4755 1952 4850 superbiam
