4358 5996
225 658 407 738 Innrcr.13.]
667 655 867 719 HISTORIA
892 655 1191 722 ntrtouatmtt.
1582 659 1643 724 set

226 795 273 868 ad
291 791 514 868 concordiam
530 794 698 886 revocari,
718 815 918 890 quanquam
935 794 1003 889 ipsi
1021 793 1111 866 sicut
1126 801 1284 866 tenemur
1297 793 1334 864 in
1348 793 1427 885 jure
1444 815 1510 868 suo
1523 793 1643 872 deesse

225 940 295 992 non
321 919 495 1014 possimus
514 915 631 1011 aliquo
654 927 810 1013 tempore
836 927 897 991 aut
916 917 1089 1008 velimus,
1115 925 1230 990 umen
1255 925 1420 1010 tanquam
1442 917 1557 992 devoti
1580 919 1642 993 lilii

224 1052 357 1140 partem
375 1041 494 1115 matris
511 1041 662 1114 Ecclesie
681 1041 897 1133 foveremus,
922 1041 989 1114 sub
1012 1039 1170 1134 ejusdem
1188 1039 1272 1113 fidei
1290 1039 1408 1114 debito
1430 1063 1495 1115 vos
1511 1052 1643 1116 certum

224 1164 373 1240 reddere
389 1164 567 1259 cupientes
579 1164 675 1258 quod
687 1165 752 1240 hee
763 1163 906 1239 domino
920 1173 1036 1238 nostro
1051 1165 1249 1259 imperatori
1262 1163 1356 1238 nude
1368 1165 1525 1239 similiter
1536 1167 1642 1263 scrip-

223 1289 379 1362 simnset
394 1309 573 1383 expresse.
591 1289 667 1361 Non
683 1289 788 1362 lateat
802 1289 907 1362 etiam
919 1289 1138 1361 sanctitatem
1156 1297 1309 1361 vestram
1321 1289 1510 1384 imperialis
1528 1291 1641 1364 virtus

223 1421 259 1486 et
271 1421 435 1509 potestas,
456 1421 596 1509 propter
612 1433 683 1508 que
695 1414 773 1486 leve
789 1433 859 1486 non
877 1422 931 1486 est
944 1422 1077 1486 tantum
1095 1413 1325 1486 Romanorum
1342 1413 1544 1509 principem,
1562 1412 1640 1510 plu·

222 1537 315 1609 rium
330 1558 517 1632 regnorum
531 1557 650 1630 regem
667 1537 704 1608 in
718 1537 924 1632 patrimonio
939 1535 1201 1610 habundantem
1214 1535 1379 1628 injuri0se
1393 1537 1530 1630 vexari,
1554 1538 1640 1612 dum

220 1661 308 1754 juris
325 1683 447 1757 parere
465 1660 639 1735 desiderat
663 1662 827 1756 equitati3
847 1670 960 1753 certe,
980 1669 1097 1756 pater,
1123 1659 1210 1734 fides
1228 1651 1432 1734 devotorum
1448 1662 1585 1758 imperii
1601 1674 1640 1736 ut

222 1793 357 1858 oessent
376 1785 544 1880 premissa
562 1805 600 1858 se
612 1793 772 1881 potenter
787 1793 977 1882 opponeret
996 1793 1031 1857 et
1044 1792 1202 1880 patenter
1212 1782 1285 1881 (l);
1304 1807 1369 1857 nec
1384 1785 1532 1858 credatis
1543 1786 1640 1861 aliud

221 1909 424 1982 assentaturi
442 1909 546 1982 alicui
563 1910 770 1983 eontrarium
782 1909 996 2004 suggerenti,
1015 1908 1076 2004 qui
1094 1908 1180 1981 dum
1195 1909 1365 2004 privatam
1379 1929 1519 1983 causam
1538 1933 1640 1984 snam

224 2033 347 2126 egerit,
362 2032 551 2106 Ecclesiam
568 2042 603 2106 et
617 2053 682 2106 vos
694 2032 841 2124 deseret,
859 2041 893 2108 et
909 2035 986 2126 ejus
999 2033 1085 2105 falsa
1099 2033 1276 2128 suggestio
1294 2041 1328 2106 et
1342 2031 1488 2128 perfidia
1505 2036 1639 2110 eluces·

224 2165 316 2230 cent.
339 2155 449 2250 Igitur
471 2156 717 2252 compatientes
740 2158 840 2232 matri
865 2165 981 2232 nostre
1005 2178 1075 2252 qne
1098 2177 1160 2252 per
1182 2156 1417 2230 dilatationem
1440 2165 1475 2230 et
1496 2159 1640 2232 tutelam

225 2278 363 2376 imperii
387 2279 482 2375 pacis
505 2288 541 2352 et
569 2280 691 2352 salutis
714 2257 867 2377 recipere
884 2280 1006 2354 debuit
1023 2281 1252 2371 incrementa,
1271 2281 1515 2376 compatientes
1536 2282 1640 2355 etiam

224 2403 366 2477 domino
380 2413 416 2477 et
431 2404 629 2499 imperatori
644 2411 761 2478 nostro
772 2405 869 2500 quod
887 2405 1129 2478 tribulationes
1143 2417 1178 2478 et
1191 2407 1281 2478 mala
1293 2405 1461 2500 premissa
1477 2415 1559 2478 sunt
1573 2405 1641 2479 biis

222 2525 297 2598 suis
314 2528 528 2622 temporibus
550 2535 745 2618 reservata,
767 2526 812 2601 de
828 2529 1003 2602 communi
1018 2529 1160 2601 consilio
1173 2527 1392 2624 principum,
1415 2529 1585 2603 baronum
1606 2539 1641 2604 et

223 2649 393 2723 nobilium
419 2652 481 2747 qui
511 2651 673 2743 aderant,
705 2651 845 2724 tratrem
869 2661 1026 2724 nostrum
1052 2651 1264 2744 Conradum,
1285 2651 1486 2746 magistrum
1515 2653 1640 2728 domus

223 2773 528 2864 Theotonicorum‚
542 2776 654 2850 zelum
668 2775 731 2848 Dei
748 2783 977 2869 ntsperamns
990 2774 1188 2868 habentem,
1206 2797 1311 2870 quem
1328 2776 1430 2849 etiam
1448 2778 1640 2872 specialiter

223 2907 378 2972 vestrum
400 2907 435 2972 et
456 2898 600 2973 ecclesie
620 2900 774 2972 Romane
795 2899 968 2972 sincerum
985 2900 1166 2972 zelatorem
1183 2899 1361 2992 novimus,
1384 2901 1570 2995 eligentes,
1591 2903 1639 2978 ad

222 3021 332 3118 pedes
347 3022 537 3095 sanctitatis
553 3031 668 3096 vestre
687 3023 856 3096 duximus
869 3023 1193 3109 transmittendum,
1216 3046 1297 3096 cum
1312 3023 1506 3099 humilitate
1523 3027 1638 3100 omni·

223 3147 327 3222 moda
341 3147 575 3242 supplicantes
597 3148 760 3242 quatinus
774 3148 812 3219 in
834 3169 877 3221 eo
895 3146 1001 3220 modo
1019 3167 1090 3243 quc
1106 3146 1232 3222 modus
1247 3157 1300 3220 est
1317 3146 1461 3222 modum
1483 3123 1522 3221 in
1541 3151 1638 3246 pacis
1728 3226 1741 3238 ,,

223 3281 259 3344 et
271 3271 455 3345 concordie
466 3271 723 3365 adjectionibus
735 3293 804 3345 non
822 3281 939 3345 tenere
952 3271 1142 3345 Ecclesiam
1155 3272 1232 3364 Dei,
1244 3280 1327 3364 ete,
1341 3283 1381 3344 ut
1393 3295 1498 3366 supra
1510 3297 1635 3369 usque:

224 3394 464 3468 Commisimus
484 3393 658 3490 siquidem
674 3396 707 3468 ei
726 3407 767 3467 ut
781 3395 811 3468 si
829 3395 875 3468 de
899 3395 1077 3469 voluntate
1097 3404 1213 3469 vestra
1234 3416 1282 3468 ex
1299 3397 1403 3469 nobis
1424 3397 1551 3472 viderit
1569 3399 1637 3470 ali-

223 3539 327 3614 quem
342 3519 379 3590 in
395 3516 518 3592 eodem
534 3521 674 3614 negotio
686 3527 907 3612 oportunum,
924 3526 1008 3610 etc,
1026 3541 1128 3613 usquc
1140 3519 1288 3592 nominis
1302 3519 1497 3609 christiani3
1516 3521 1637 3616 sicque

223 3643 353 3716 sumus
372 3651 610 3738 expectantes,
634 3643 745 3716 donec
761 3641 807 3714 de
828 3663 994 3737 responso
1015 3641 1110 3716 sedis
1128 3643 1314 3738 apostolice
1330 3652 1365 3717 et
1383 3645 1514 3719 domini
1529 3647 1635 3721 nostri

222 3765 440 3861 imperatoris
455 3767 500 3838 ab
516 3766 639 3840 eodem
656 3767 759 3839 iratre
770 3773 886 3838 nostro
899 3765 1121 3839 dilectissimo
1133 3767 1270 3861 plenius
1288 3767 1510 3842 instruamur.

271 3891 398 3962 Datum
417 3889 616 3984 Herbipoli,
631 3890 679 3962 XI
695 3890 793 3978 maii,
814 3890 893 3962 XIII
912 3889 1120 3962 indictionis.

271 4012 309 4084 ln
335 4011 499 4084 eumdem
522 4011 666 4085 modum
688 4012 898 4108 scripserunt
917 4013 960 4084 H.
981 4011 1184 4101 Brabantie,
1210 4012 1370 4086 Matheus
1393 4013 1632 4108 Lotboringie,

224 4135 394 4209 Eenricus
408 4135 453 4210 de
465 4137 617 4232 Linpnrc
635 4135 759 4226 duces3
778 4135 856 4208 Otto
874 4135 1057 4227 Geirensis,
1072 4137 1241 4209 Henricus
1257 4137 1443 4229 Scinensis,
1462 4137 1635 4212 Arnoldus

225 4257 564 4352 delos,-Willelmus
578 4259 794 4352 lubecensis,
810 4249 979 4333 Esuriens
993 4259 1039 4333 de
1051 4260 1281 4334 Luzelenbcrc
1298 4251 1452 4354 comites,
1469 4271 1505 4335 et
1518 4259 1633 4336 Wale·

259 4487 296 4562 Il]
314 4487 472 4546 Notandum
485 4487 610 4561 estquod
621 4487 656 4546 de
666 4503 697 4545 rs
705 4487 801 4546 eadem
811 4486 908 4556 perimi
920 4486 991 4561 stylo
1003 4487 1131 4546 Albertus
1143 4488 1282 4546 sederes
1293 4489 1330 4546 ad
1339 4505 1404 4548 aun.
1419 4492 1488 4550 tato
1501 4492 1633 4565 exaravit,

225 4600 308 4658 quum
322 4586 397 4644 dicat
413 4603 421 4642 :
439 4587 539 4660 «Papa
558 4584 705 4660 Gregorius
723 4584 878 4644 insolentias
893 4584 1064 4664 imperatoris
1079 4591 1174 4644 eontra
1189 4587 1337 4645 Ecclesiam
1350 4593 1487 4660 metucns,
1502 4589 1636 4663 principes

225 4698 306 4757 super
318 4683 452 4743 electione
465 4684 578 4742 alterius
590 4683 755 4757 sollicitavit,
765 4683 814 4742 sed
827 4681 893 4740 nihil
902 4681 1014 4756 proiecit
1027 4683 1090 4756 quia
1101 4683 1211 4757 quidam
1223 4683 1373 4758 prinprum
1385 4683 1410 4741 ei
1420 4685 1633 4759 rescripserunt:

226 4781 313 4839 «Non
325 4795 388 4840 esse
400 4780 443 4838 sui
454 4780 524 4854 juris
535 4780 727 4855 imperatorem
739 4779 922 4850 substituere,
940 4780 988 4839 sed
1003 4785 1111 4840 tantum
1121 4780 1242 4855 ⁸electum
1256 4797 1274 4840 a
1289 4780 1457 4856 principibus
1467 4797 1604 4842 coronare.
1620 4800 1634 4835 s
