4384 6004
567 666 645 728 1084
1065 666 1277 727 ratonntct
1303 666 1476 727 suebant
1782 669 1866 748 [dnn.
1884 669 1968 732 124⁰.

563 799 632 873 Sed
646 799 857 896 propositum
871 799 1069 872 intentionis
1083 801 1222 896 proprie
1232 802 1380 874 tacuisse
1394 801 1544 891 videtur,
1555 802 1721 896 quemad
1734 805 1802 876 boc
1816 827 1883 878 vos
1896 827 1974 900 pre·

564 935 677 997 senoes
694 923 836 997 inducat
850 924 984 996 facilius
996 947 1101 1018 quam
1118 926 1289 1012 absentes,
1307 927 1373 997 nisi
1393 927 1582 1021 prudenter
1597 928 1758 999 ceveritis
1775 950 1822 1001 no
1834 949 1900 1001 suo
1914 929 1974 1002 tali

564 1049 745 1120 involucro
764 1068 827 1118 vos
848 1047 1013 1119 involvat.
1035 1047 1192 1141 Cumque
1209 1050 1321 1121 virtus
1335 1049 1533 1123 obedientie
1555 1071 1625 1144 que
1645 1071 1709 1123 voe
1725 1061 1827 1124 vocat
1844 1051 1892 1124 ad
1909 1075 1974 1125 sn·

564 1168 744 1242 beandum
770 1169 982 1242 inevitabilia
1006 1193 1139 1262 rerum,
1160 1192 1385 1265 personarum
1401 1180 1436 1244 et
1459 1172 1612 1246 Ecclesia
1632 1173 1804 1266 pericula,
1821 1195 1886 1246 vos
1906 1196 1974 1246 non

564 1295 667 1386 cogit,
686 1315 763 1365 oum
783 1315 829 1366 ex
847 1315 952 1366 causa
971 1295 1163 1367 necessarie
1180 1315 1251 1368 non
1269 1304 1428 1386 cavetur,
1450 1296 1558 1368 sivos
1576 1297 1612 1366 in
1629 1297 1733 1369 tantis
1754 1299 1974 1392 specialitatis

562 1425 596 1488 et
617 1417 849 1510 generalitatis
869 1418 1032 1512 periculis
1055 1439 1123 1490 non
1147 1427 1291 1513 cogente
1311 1419 1513 1492 necessitate
1531 1420 1657 1514 reperit
1682 1421 1730 1493 ita
1752 1421 1905 1513 debiles,
1928 1423 1973 1496 ite

561 1541 697 1629 molles,
723 1542 758 1612 iu
786 1539 983 1614 obediendo
1008 1539 1074 1636 'per
1098 1563 1162 1614 vos
1187 1542 1349 1614 meritum
1374 1541 1624 1630 demerebitur,
1652 1544 1756 1616 bomo
1779 1547 1872 1636 Deo,
1904 1568 1971 1620 non

562 1667 656 1737 Deus
668 1665 800 1738 bomini
813 1675 1039 1760 preponatur;
1056 1685 1192 1760 vosque
1211 1665 1363 1738 decerto
1375 1674 1539 1760 reputans
1558 1665 1763 1740 arundinem
1784 1668 1972 1742 flexibilem

562 1789 657 1861 omni
675 1798 796 1880 vento,
862 1789 991 1883 rpetnis
1010 1801 1049 1860 ut
1065 1790 1193 1885 incepit
1213 1789 1380 1860 libertatis
1396 1787 1512 1860 federe
1533 1789 1662 1862 violato
1680 1811 1742 1862 vos
1760 1791 1885 1883 ligabit
1898 1791 1973 1864 vin·

563 1911 651 1984 culis
668 1913 862 2003 servitutis,
884 1914 1004 2006 sicque
1023 1913 1157 2012 gravati
1179 1912 1225 1984 de
1240 1913 1339 2006 gravi
1364 1913 1400 1982 in
1419 1912 1576 2006 gravius,
1602 1913 1647 1985 de
1668 1915 1817 2008 graviori
1835 1917 1874 1986 in
1893 1938 1971 2009 gra-

562 2037 741 2107 vissimum
757 2036 915 2109 incidetis
927 2047 966 2108 ut
983 2037 1085 2109 vobis
1098 2057 1206 2128 grave
1224 2037 1364 2129 gravius
1377 2035 1617 2128 gravissimum
1631 2038 1687 2108 vel
1701 2039 1907 2130 gravissime
1920 2042 1974 2112 vel

563 2160 817 2250 generalissime
837 2169 1055 2254 comparetur
1071 2159 1133 2257 (a).
1153 2160 1215 2232 Vel
1237 2162 1267 2232 ei
1288 2159 1404 2232 forsan
1429 2180 1492 2231 vos
1515 2161 1617 2232 fortes
1642 2160 1677 2232 in
1695 2160 1762 2232 biis
1781 2161 1970 2250 invenerit,

563 2283 641 2377 plus
656 2283 691 2354 in
711 2285 786 2356 aliis
810 2304 872 2355 vos
893 2283 1067 2356 offendere
1089 2285 1241 2373 timebit,
1263 2285 1345 2378 qnia
1370 2293 1500 2356 mutata
1525 2284 1693 2357 sententia
1714 2285 1868 2358 veritatis
1897 2288 1975 2379 plue

562 2406 761 2479 humiliatus
783 2408 861 2501 plns
879 2407 1018 2496 teritur,
1036 2407 1115 2501 plus
1131 2408 1275 2501 erigitur
1294 2408 1373 2502 plus
1390 2427 1600 2502 repugnans.
1617 2406 1846 2480 Consideratis
1868 2409 1976 2501 igitur

564 2530 804 2602 universorum
828 2531 1058 2626 periculorum
1082 2531 1345 2604 circumstantiis
1365 2531 1556 2618 universis,
1579 2531 1659 2623 quis
1681 2532 1745 2603 orit
1768 2531 1857 2605 adeo
1887 2555 1976 2624 pro·

563 2654 666 2746 digus
683 2655 838 2740 vitame,
858 2654 938 2748 quis
956 2653 1045 2726 adeo
1060 2663 1274 2749 contemptor
1287 2655 1449 2728 consortii
1464 2655 1642 2744 libertatis,
1661 2655 1741 2748 quis
1756 2653 1846 2728 adeo
1858 2677 1977 2730 rerum

562 2778 740 2872 negligens
762 2787 1001 2866 conservator,
1027 2779 1107 2871 quis
1129 2778 1218 2852 adeo
1242 2799 1331 2873 pene
1352 2778 1560 2872 vilipensor,
1586 2777 1666 2870 quie
1687 2776 1776 2850 adeo
1803 2779 1978 2852 felicitatis

562 2902 723 2972 continue
737 2921 805 2972 non
824 2911 967 2986 amator,
988 2902 1050 2994 qui
1071 2902 1266 2974 felicitatem
1285 2921 1348 2994 pro
1362 2901 1525 2990 infelicio,
1544 2900 1689 2994 patriam
1705 2922 1767 2994 pm
1781 2901 1900 2992 exilio,
1921 2923 1977 2974 ree

563 3045 624 3116 pro
645 3023 800 3112 defectu,
822 3023 1015 3096 libertatem
1031 3025 1205 3118 propriam
1227 3035 1262 3094 et
1279 3045 1497 3096 communem
1514 3045 1577 3117 pro
1596 3023 1762 3094 servitute
1782 3025 1921 3118 propria
1942 3036 1978 3097 et

563 3147 757 3235 communi,
777 3156 812 3218 et
829 3146 966 3218 tandem
982 3147 1089 3217 vitam
1104 3167 1167 3240 pro
1181 3155 1290 3218 morte
1306 3145 1389 3216 velit
1408 3147 1464 3216 vel
1482 3146 1610 3218 audeat
1625 3145 1753 3217 infelici
1770 3147 1976 3218 commercio

563 3269 799 3341 commutare?
816 3271 932 3340 Timeo
946 3281 1059 3341 tamen
1076 3279 1115 3340 ut
1129 3269 1298 3362 quosdam
1313 3279 1468 3342 vestrum
1484 3269 1627 3340 ambitio
1645 3269 1691 3341 ad
1704 3271 1846 3360 majora,
1868 3291 1974 3362 quos·

564 3393 646 3464 dam
662 3391 900 3464 desiderabilis
920 3393 1107 3465 amicorum
1124 3393 1310 3486 promotio,
1325 3391 1496 3486 quosdam
1516 3393 1708 3464 afflictionis
1732 3403 1767 3464 et
1782 3394 1974 3464 exactionis

563 3515 808 3586 exterminium
826 3515 862 3587 in
879 3515 1045 3604 minores,
1067 3515 1237 3608 quosdam
1259 3517 1359 3588 timor
1382 3513 1663 3608 corrigendorum
1682 3535 1889 3586 excessuum
1907 3513 1970 3608 (b),

563 3638 733 3731 quosdam
752 3641 850 3711 favor
876 3639 971 3711 curie
996 3638 1230 3730 acquirendus
1257 3647 1359 3710 etex
1381 3637 1617 3730 acquisitionis
1640 3639 1757 3710 favore
1782 3636 1973 3708 inexaudi-

564 3761 673 3833 tioues
699 3763 921 3834 clamantium
947 3783 1212 3856 oppressorum,
1242 3760 1289 3834 ad
1316 3760 1571 3851 subjiciendum
1599 3781 1662 3832 vos
1684 3769 1719 3832 et
1743 3759 1971 3833 universalem

563 3886 748 3957 Ecclesiam
767 3887 929 3980 periculis
950 3885 1227 3980 importabilibus
1244 3905 1309 3956 vos
1328 3885 1517 3979 impellant,
1539 3886 1659 3976 sicque
1677 3882 1824 3956 diversis
1844 3885 1972 3977 cogita-

564 4009 714 4081 tionibus
733 4011 851 4102 agitati
868 4011 977 4099 eritis,
998 4011 1087 4080 sicut
1101 4008 1245 4102 quidem
1268 4009 1330 4101 qui
1351 4028 1396 4080 ne
1415 4007 1646 4103 perdantque
1668 4028 1738 4080 non
1758 4006 1886 4079 babent
1910 4029 1972 4080 neo

564 4132 713 4204 babituri
727 4145 820 4234 sunt,
835 4154 872 4205 se
888 4137 980 4226 ipsos
996 4132 1142 4226 perdere
1154 4152 1223 4203 non
1237 4140 1413 4204 verentur.
1428 4129 1502 4223 Ego
1514 4141 1627 4204 tamen
1641 4140 1809 4225 quantum
1823 4129 1969 4221 sufficio,

564 4278 712 4350 pensans
731 4269 764 4328 et
778 4257 972 4350 ponderans
989 4256 1168 4346 universa,
1188 4254 1223 4325 in
1239 4254 1415 4350 premissis
1427 4255 1596 4347 eligendis
1609 4255 1755 4326 arbitror
1769 4275 1840 4326 non
1855 4275 1972 4349 parere

564 4380 679 4474 potius
703 4401 807 4476 quem
828 4379 956 4474 perire,
978 4381 1042 4452 nisi
1064 4400 1168 4453 censa
1190 4379 1369 4453 manifesta
1394 4389 1429 4452 et
1456 4380 1647 4452 necessaria
1671 4379 1828 4474 primitus
1850 4378 1971 4473 expri-

608 4659 650 4740 (c)
670 4663 766 4723 Locus
779 4661 932 4733 obscurus,
947 4663 1004 4720 nlsl
1018 4661 1226 4738 luterpolatum
1239 4663 1431 4736 suspicemur.

604 4760 646 4842 (b)
668 4763 749 4824 llaec
761 4779 779 4823 e
791 4779 862 4822 voce
876 4763 1081 4824 exterminium
1094 4763 1201 4823 desunt
1212 4765 1244 4822 iu
1256 4762 1364 4822 Batnae
1376 4766 1406 4820 et
1417 4763 1450 4820 ln
1464 4761 1519 4822 cod
1545 4769 1636 4823 etot.
