4384 6004
180 687 182 692 ·
225 653 407 731 trnnn.1t]
678 654 876 716 HISTORIA
901 652 1197 716 cretomartcrt.
1567 655 1640 716 ltat

226 799 367 887 propter
379 788 488 860 multa
503 797 539 862 at
553 789 755 884 graviaque
767 790 935 864 hacteuus
953 791 988 862 in
1007 792 1118 863 Deum
1134 804 1169 861 et
1179 789 1367 862 Ecclesiam
1383 798 1536 864 sanctam
1551 811 1646 864 com·

227 914 382 1004 miserat,
396 923 514 986 contra
526 913 641 1008 ipsum
655 922 841 1009 tyrannum
853 924 944 988 esset
954 914 1111 1009 asperius
1126 911 1401 1009 procedendum,
1412 935 1457 986 ex
1470 915 1645 988 atrocitate

228 1047 342 1110 tamma
366 1037 452 1110 tanti
475 1015 638 1110 facinoris
661 1037 832 1114 audemus
854 1059 1040 1134 suggerere
1065 1037 1162 1133 quod
1185 1047 1304 1112 contra
1326 1037 1489 1112 eumdem
1513 1039 1646 1112 ratione

230 1160 352 1256 previa
368 1162 471 1252 juxta
497 1161 697 1260 qualitatem
720 1162 874 1234 criminis
902 1162 1121 1258 procedatur.
1150 1163 1223 1236 Sub
1245 1163 1355 1258 ipsius
1379 1163 1472 1236 enim
1499 1163 1645 1260 irnperio

230 1306 409 1378 nunquam
431 1285 584 1358 Ecclesia
604 1308 690 1382 paca
711 1288 766 1361 vel
787 1287 1033 1382 tranquillitate
1050 1287 1234 1382 gauderet,
1256 1286 1433 1383 presertim
1450 1310 1528 1360 cnm
1547 1290 1643 1384 prin·

230 1409 325 1503 cipes
340 1409 493 1483 universi
512 1412 714 1506 exemplum
735 1421 770 1483 et
785 1411 969 1485 audaciam
986 1413 1020 1484 in
1042 1413 1107 1486 hac
1124 1422 1221 1508 parte
1237 1413 1430 1506 reciperent
1445 1413 1491 1484 ab
1505 1411 1641 1485 eodem.

229 1533 279 1604 De
301 1543 469 1627 potestate
494 1545 609 1606 antem
635 1544 670 1606 et
696 1535 834 1608 civibus
854 1536 1087 1608 teanensibus
1110 1545 1224 1608 vestre
1246 1535 1418 1608 sanctitati
1439 1536 1644 1630 exponimus

229 1656 326 1750 quod
338 1667 506 1751 quantum
520 1657 723 1731 audivimus
735 1669 769 1730 et
780 1659 1023 1752 cognovimus,
1038 1657 1211 1733 fideliores
1223 1670 1256 1730 et
1275 1660 1496 1733 ferventiores
1507 1659 1543 1731 in
1558 1662 1646 1733 lacto

229 1782 382 1854 Ecclesia
402 1803 441 1854 se
458 1782 641 1854 ostendent
660 1803 765 1876 quam
784 1804 822 1855 sa
838 1782 1054 1857 ostenderint
1071 1805 1183 1878 usqua
1201 1782 1317 1857 modo.

277 1907 403 1980 Datum
421 1907 550 1995 Janue,
569 1907 602 1978 X
618 1906 676 1980 die
690 1907 787 1980 maii.

278 2031 443 2124 Sequitur
465 2040 581 2102 autem
602 2031 774 2104 Guillelmi
800 2031 902 2105 Surdi
928 2033 1103 2127 potestatis
1127 2042 1162 2105 et
1188 2033 1382 2106 communis
1397 2033 1578 2106 leunensis
1598 2033 1645 2106 ad

230 2175 356 2249 papam
365 2155 520 2248 epistola,
534 2154 580 2228 de
592 2156 786 2228 constantia
798 2154 880 2228 fidei
892 2156 996 2228 etiam
1011 2157 1199 2249 maioribus
1213 2156 1351 2229 iudiciis
1361 2156 1643 2247 demonstranda,

231 2278 312 2350 ibid.
334 2278 352 2372 5
369 2279 428 2350 LX
444 2290 479 2352 et
492 2299 607 2374 seqq„
628 2289 788 2372 eregest.
803 2280 905 2374 epist.
924 2287 961 2352 n⁰
981 2281 1040 2352 56.

438 2595 1432 2612 mmmm-

283 2849 451 2934 Abbates
469 2852 517 2934 de
537 2851 731 2959 cistercio,
752 2853 801 2934 de
821 2850 1032 2934 Claravalle
1050 2863 1088 2934 et
1105 2852 1154 2934 da
1172 2851 1312 2934 Pietate
1329 2851 1397 2934 Dei
1416 2851 1545 2956 abbati
1564 2855 1643 2938 Sa·
1713 2877 1782 2964 „a”
1801 2951 1807 2964 ¹

229 2983 364 3067 viniaci
382 2984 562 3068 nuntiant
588 3011 698 3068 suam
717 2985 757 3066 in
780 2995 906 3068 castro
925 2985 1051 3068 Sancti
1069 2985 1235 3069 Minialis
1253 2986 1529 3095 captivitatem,
1550 3014 1643 3072 mo-

229 3127 362 3200 nentes
383 3127 427 3200 ut
444 3119 565 3201 donec
586 3118 758 3227 ipsorum
780 3118 974 3200 duraverit
991 3117 1183 3218 absentie,
1207 3119 1247 3200 in
1267 3118 1412 3203 ordinis
1430 3119 1645 3232 integritate

229 3249 940 3336 observandacuramadhiberavelil.
1366 3261 1369 3268 ⁴

311 3461 406 3542 (Edit.
421 3467 453 3525 ln
469 3461 612 3526 Chronica
628 3461 663 3524 dc
677 3460 806 3540 Mcilror,
820 3481 870 3542 ap.
886 3461 985 3543 cnm,
1000 3463 1069 3525 llcr.
1085 3461 1201 3544 duplic.
1221 3463 1378 3545 smper„
1394 3472 1417 3526 t.
1434 3467 1459 3543 l,
1473 3484 1503 3544 p.
1521 3469 1604 3548 205.)

277 3646 473 3719 Venerabili
491 3648 576 3742 patri
591 3646 783 3736 Saviniaci,
802 3644 848 3719 de
868 3646 1048 3736 cistercio,
1065 3645 1111 3719 de
1124 3645 1312 3720 Claravalle
1330 3656 1364 3719 et
1379 3648 1423 3722 da
1439 3649 1568 3724 Pietate
1586 3654 1646 3726 Dei

229 3770 374 3842 abbates
389 3771 550 3844 salntem.
570 3771 743 3844 Noveritis
760 3769 858 3865 quod
873 3789 937 3843 nos
960 3769 1006 3844 de
1027 3769 1211 3844 evadendo
1234 3771 1415 3844 salubriter
1436 3775 1643 3868 cogitantes,

229 3893 467 3968 miserabiliter
489 3894 645 3968 incidere
669 3894 825 3990 cepimus
843 3894 932 3968 iuter
954 3915 1079 3966 manns
1100 3896 1312 3988 galeotarum
1332 3897 1568 3993 imperatoris,
1584 3903 1645 3995 qui

230 4037 293 4090 nos
310 4019 416 4090 rebus
437 4021 600 4093 omnibus
618 4021 750 4114 absque
765 4017 1002 4091 misericordia
1019 4019 1224 4114 spoliantes,
1240 4019 1355 4092 nudos
1372 4030 1407 4093 et
1422 4021 1647 4099 discalceatos

228 4142 446 4236 postmultas
461 4143 700 4216 tribulationes
716 4142 867 4214 marinas
888 4163 976 4236 quas
994 4163 1057 4236 per
1079 4142 1270 4238 septimane
1290 4145 1459 4218 circulum
1477 4149 1644 4222 sustinui·

229 4286 323 4354 mus,
334 4265 381 4338 ad
398 4267 573 4340 civitatem
589 4269 792 4340 Pisanomm
807 4287 887 4338 cum
900 4266 1024 4361 viginti
1038 4259 1127 4339 dena
1141 4267 1240 4360 galea
1252 4263 1369 4366 [quas]
1385 4270 1649 4347 alanueusibus

229 4397 466 4480 extorserunt,
494 4413 573 4464 cnm
602 4390 754 4486 tripudio
782 4389 1010 4463 reduxerunt.
1044 4390 1147 4464 Modo
1174 4392 1278 4466 etiam
1310 4406 1397 4466 nutu
1427 4395 1647 4492 imperatorie

221 4513 428 4605 majestatis,
445 4515 725 4608 permanentibus
740 4513 843 4586 sociis
859 4511 1087 4608 nostrisapud
1098 4515 1211 4588 Pisam
1230 4517 1410 4591 monachis
1422 4528 1457 4593 et
1472 4523 1647 4594 conversis

230 4632 266 4705 in
293 4639 447 4726 carcere)
471 4639 534 4732 qui
549 4659 670 4712 omnes
693 4660 756 4734 par
773 4638 836 4710 Dei
851 4638 998 4732 gratiam
1020 4638 1107 4711 salvi
1125 4640 1204 4713 sacti
1222 4650 1319 4731 suut,
1338 4625 1454 4738 preter
1475 4645 1646 4718 notarium

231 4754 363 4829 domini
377 4758 529 4834 Cistercii
552 4763 613 4858 qui
630 4762 731 4836 nobie
751 4760 952 4835 videntibus
978 4771 1013 4834 et
1035 4783 1237 4838 succurrere
1258 4787 1328 4839 non
1347 4767 1542 4842 valentibus
1561 4769 1647 4842 sub-
