4358 5996
225 642 328 706 lnnrur.
346 639 408 726 lo]
677 643 875 707 HISTORIA
898 643 1190 708 DlPLOMA'l'lGd.
1583 645 1643 709 95⁸1

164 875 168 880 Ι
271 775 343 876 [Dc
358 777 516 850 mandato
532 777 701 871 imperiali
716 775 819 878 [octo]
833 802 898 874 par
911 781 1108 874 mupiotrum
1121 781 1256 852 Petmm
1269 777 1309 849 dc
1324 780 1426 852 Vinea
1438 780 1567 876 ocrr'pst't
1584 803 1644 852 rto·

227 902 342 974 mrim
358 902 497 975 lacobus
514 901 554 973 do
571 903 699 974 Bactra
717 901 849 976 lictcraa
859 913 1012 998 patentes
1028 899 1076 1000 [ia
1091 903 1152 974 hoc
1165 899 1323 1000 forora]:
1420 901 1423 909 '

279 1024 504 1114 rradcrious,
530 1035 612 1114 etc„
639 1025 812 1099 universis
843 1027 1057 1100 aTermulis
1086 1026 1274 1120 Capitiuute
1298 1025 1483 1120 usquead
1512 1035 1644 1121 portem

228 1149 369 1238 Roseti,
390 1158 457 1222 etc.
476 1149 562 1223 Cum
579 1149 625 1223 de
644 1149 793 1246 provida
808 1151 1006 1246 provisione
1025 1150 1123 1222 sitin
1148 1160 1266 1223 nostra
1280 1149 1377 1222 curia
1393 1148 1590 1222 ordinatum
1606 1159 1646 1222 nt

232 1271 271 1342 in
289 1272 444 1366 qualibet
455 1272 634 1367 provincia
644 1274 742 1368 regni
755 1275 862 1346 nostri
878 1275 934 1347 vir
948 1293 1040 1346 uuus
1056 1271 1169 1346 fidelis
1181 1281 1216 1344 et
1227 1271 1379 1366 prudens
1392 1279 1573 1364 statuatur,
1588 1275 1645 1345 cui

233 1415 298 1488 per
313 1394 519 1468 destinatam
538 1395 606 1469 sibi
619 1396 834 1492 provinciam
847 1397 1044 1494 procuratio
1062 1395 1229 1484 demanii,
1246 1395 1480 1467 morticiornm
1496 1404 1530 1468 et
1542 1417 1646 1470 exca-

233 1517 430 1591 deutiarum
445 1517 491 1591 ad
509 1519 641 1591 curiam
658 1529 809 1592 nostram
829 1519 1057 1614 spectantium
1078 1517 1336 1606 commictatur‚
1356 1539 1418 1591 nos
1434 1517 1647 1594 confidentes

233 1640 281 1714 de
298 1640 484 1738 prudentia
502 1650 538 1714 et
561 1639 725 1715 fidelitate
742 1643 832 1716 Petri
850 1641 998 1714 Castaldi
1020 1641 1064 1715 de
1083 1641 1225 1737 Neapoli
1245 1639 1355 1714 fidelis
1373 1642 1497 1734 nostri,
1523 1645 1646 1716 statui·

232 1787 312 1838 mus
331 1786 413 1838 eum
433 1765 637 1856 magistrum
654 1774 910 1862 procuratorem
929 1763 982 1861 (l)
999 1765 1221 1857 bajulationis
1243 1764 1500 1856 demoniorum,
1523 1767 1647 1839 morti-

233 1889 368 1962 oiorum
377 1897 412 1960 et
425 1887 720 1977 excedentiarum,
733 1888 948 1973 animalium,
963 1907 1178 1980 camporum,
1192 1888 1337 1958 aliarum
1347 1909 1462 1960 rerum
1474 1898 1509 1960 et
1516 1891 1646 1982 Jurium

102 2083 106 2090 .
234 2011 282 2084 ad
294 2010 426 2083 curiam
441 2018 591 2082 nostram
603 2009 835 2104 spectantium
848 2009 884 2079 in
899 2009 982 2103 ipsis
998 2006 1170 2104 partibus,
1187 2019 1253 2080 tam
1268 2001 1474 2104 eorumque
1488 2021 1648 2084 revocata

235 2135 378 2206 luerunt
397 2154 504 2228 quam
527 2133 630 2210 etiam
648 2153 717 2226 quo
735 2131 898 2228 deinceps
920 2153 981 2228 por
997 2131 1206 2204 industriam
1226 2153 1327 2204 suam
1351 2143 1386 2205 et
1410 2143 1648 2207 revocatorum

236 2253 502 2331 sollicitudinem
514 2257 606 2349 juste
624 2256 773 2350 poterint
788 2257 957 2329 rovocari.
971 2254 1139 2330 Dedimus
1155 2255 1188 2327 ei
1203 2263 1405 2351 potestatem
1418 2265 1457 2328 ut
1473 2257 1646 2346 demonia,

235 2380 394 2453 morticia
408 2388 441 2451 et
456 2377 679 2451 excadantias
693 2378 799 2474 ipsas,
811 2389 925 2474 proter
938 2401 979 2452 ea
995 2401 1066 2473 que
1081 2379 1176 2452 curio
1189 2387 1306 2451 nostro
1322 2380 1515 2474 specialiter
1528 2401 1648 2453 neces·

236 2504 327 2576 saria
345 2524 415 2574 non
434 2511 515 2575 sunt
529 2503 584 2576 vel
599 2501 644 2574 de
660 2501 825 2576 mandato
846 2512 961 2576 nostro
979 2525 1024 2575 ne
1045 2504 1200 2575 locentur
1218 2511 1380 2599 excepta,
1399 2503 1445 2576 ad
1463 2523 1648 2576 conserva·

234 2627 364 2699 tionem
381 2637 416 2699 et
434 2625 682 2698 incrementum
705 2647 825 2700 eorum
849 2637 883 2699 et
902 2636 1016 2700 nostre
1035 2627 1129 2699 curie
1149 2625 1369 2699 commodum
1388 2627 1501 2700 locare
1521 2628 1646 2722 possit,

234 2750 351 2824 excoli
374 2759 409 2822 et
425 2747 642 2823 rehedilicari
665 2749 767 2821 iaciat
792 2760 893 2845 prout
916 2749 1043 2824 viderit
1066 2749 1184 2822 utilius
1206 2751 1389 2846 expedire,
1415 2751 1466 2822 sic
1489 2751 1585 2846 quod
1612 2752 1649 2823 in

233 2873 361 2946 melius
376 2873 556 2968 proficiant
570 2895 615 2946 ns
635 2871 842 2969 depereant,
862 2882 896 2946 et
909 2882 1099 2968 proventus
1118 2874 1272 2969 ipsorum
1291 2875 1446 2946 omnium
1464 2873 1583 2967 exigat
1602 2874 1648 2948 ad

234 3017 324 3094 opus
341 3007 458 3071 nostre
470 2998 564 3072 curie
577 2997 846 3072 conservandos.
861 2997 1102 3070 Commisimus
1117 2997 1221 3070 etiam
1237 2995 1352 3070 cidem
1366 2998 1464 3070 Petro
1478 3007 1517 3069 ut
1532 3000 1649 3070 omnia

234 3143 327 3196 nova
339 3131 466 3195 statuta
486 3130 521 3194 et
540 3123 692 3216 quedam
710 3122 861 3219 capitula
879 3143 949 3216 que
962 3143 1023 3217 per
1040 3121 1203 3196 eumdem
1216 3122 1388 3194 mictimus
1404 3121 1517 3215 sigillo
1534 3131 1649 3194 nostre

234 3245 423 3339 majestatis
441 3245 592 3336 munita,
609 3268 672 3342 per
690 3255 804 3341 partes
820 3246 913 3342 ipsas
933 3247 1039 3318 iaciat
1057 3245 1251 3337 observari,
1270 3245 1373 3338 juxta
1389 3243 1485 3339 quod
1503 3245 1570 3316 sibi
1588 3266 1649 3338 per

235 3369 367 3441 curiam
388 3379 540 3441 nostram
565 3369 758 3462 injunctum
776 3379 846 3461 est,
868 3378 904 3442 et
921 3379 1191 3463 transgressores
1216 3390 1258 3441 ac
1284 3379 1504 3442 contumaces
1527 3369 1650 3463 puniat

235 3491 438 3564 auctoritato
454 3493 559 3564 nostri
575 3493 736 3564 culminis
752 3493 843 3564 sicut
861 3490 974 3566 decet.
990 3492 1196 3567 Mandemus
1214 3492 1320 3587 igitur
1338 3493 1510 3566 universis
1525 3501 1561 3566 ct
1578 3493 1649 3566 sin·

236 3615 330 3709 gulis
340 3613 482 3687 firmiter
495 3637 536 3687 ao
549 3613 702 3690 districto
715 3625 886 3711 quatenus
901 3616 947 3690 de
962 3616 1125 3690 omnibus
1138 3615 1347 3712 supradietis
1360 3615 1536 3689 nominato
1548 3616 1647 3690 Petro

237 3738 332 3814 fidoli
348 3751 465 3814 nostro
479 3739 665 3814 intendatis
680 3751 716 3814 et
730 3741 966 3836 respondeatis
983 3741 1030 3814 do
1044 3749 1156 3814 cetero
1168 3749 1333 3836 tanquam
1348 3741 1512 3835 magistro
1523 3761 1648 3835 procu·

236 3865 338 3936 ratori
358 3865 593 3960 predictorum
617 3865 773 3938 omnium
797 3886 859 3961 per
881 3873 1033 3938 nostram
1053 3867 1187 3938 curiam
1201 3865 1386 3938 constituto
1411 3875 1446 3936 et
1470 3865 1647 3938 executori

238 4008 404 4062 novorum
419 3997 623 4062 statutorum
639 3979 850 4080 nostrorum,
871 3999 906 4062 ct
921 3989 967 4063 de
987 3989 1065 4062 aliis
1085 4011 1155 4085 que
1170 4011 1234 4063 sne
1252 3988 1423 4064 industrio
1445 3997 1526 4060 sunt
1548 4009 1647 4061 oom-

238 4111 354 4206 missa,
366 4111 412 4185 ad
423 4111 587 4186 honorem
596 4119 631 4185 et
642 4111 842 4188 fidelitatem
856 4114 962 4186 nostri
974 4113 1133 4187 culminis
1146 4122 1181 4187 et
1194 4113 1290 4187 curie
1301 4122 1416 4186 nostre
1426 4110 1646 4186 commodum

238 4241 274 4303 et
285 4235 486 4328 proiectum.

287 4357 409 4431 Datum
422 4357 520 4448 Orto,
538 4359 583 4430 lll
597 4357 721 4450 madii,
737 4358 814 4432 Xlll
825 4358 1034 4433 indictionis.

287 4479 418 4554 Similes
436 4481 553 4555 clause
568 4482 658 4556 facte
673 4491 756 4555 sunt
769 4481 883 4556 eidem
901 4483 1013 4557 Petro.

276 4735 313 4810 (l)
330 4737 436 4808 Sdlicot
445 4737 505 4796 loco
518 4739 669 4814 Alexandri,
682 4739 730 4798 filii
741 4739 860 4814 llcnricl,
873 4739 973 4799 licelid
987 4755 1040 4798 non
1054 4753 1181 4814 expresso
1194 4737 1307 4797 dicatur.
1323 4735 1363 4796 Gi.
1378 4751 1470 4811 supra,
1485 4753 1513 4811 p.
1527 4739 1590 4796 etl.

315 4837 352 4899 V.
373 4853 461 4898 rma
1429 4845 1482 4898 ¹21
