<?xml version="1.0" encoding="UTF-8"?>
<!DOCTYPE html PUBLIC "-//W3C//DTD XHTML 1.0 Transitional//EN"
    "http://www.w3.org/TR/xhtml1/DTD/xhtml1-transitional.dtd">
<html xmlns="http://www.w3.org/1999/xhtml" xml:lang="en" lang="en">
 <head>
  <title>
</title>
<meta http-equiv="Content-Type" content="text/html;charset=utf-8" />
  <meta name='ocr-system' content='tesseract 3.04.00' />
  <meta name='ocr-capabilities' content='ocr_page ocr_carea ocr_par ocr_line ocrx_word'/>
</head>
<body>
  <div class='ocr_page' id='page_1' title='image "./historiadiploma01fredgoog_0468.png"; bbox 0 0 4384 6004; ppageno 0'>
   <div class='ocr_carea' id='block_1_1' title="bbox 507 613 1913 695">
    <p class='ocr_par' dir='ltr' id='par_1_1' title="bbox 507 613 1913 695">
     <span class='ocr_line' id='line_1_1' title="bbox 507 613 1913 695; baseline 0.001 -21"><span class='ocrx_word' id='word_1_1' title='bbox 507 613 585 674; x_wconf 77' lang='lat'>1102</span> <span class='ocrx_word' id='word_1_2' title='bbox 1006 615 1220 679; x_wconf 75' lang='lat' dir='ltr'>lbtbssutct</span> <span class='ocrx_word' id='word_1_3' title='bbox 1247 617 1421 679; x_wconf 82' lang='lat' dir='ltr'>sucuttot</span> <span class='ocrx_word' id='word_1_4' title='bbox 1730 615 1811 695; x_wconf 71' lang='lat' dir='ltr'>[bus.</span> <span class='ocrx_word' id='word_1_5' title='bbox 1830 615 1913 677; x_wconf 67' lang='lat' dir='ltr'>tuti.</span> 
     </span>
    </p>
   </div>
   <div class='ocr_carea' id='block_1_2' title="bbox 504 745 1922 3442">
    <p class='ocr_par' dir='ltr' id='par_1_2' title="bbox 504 745 1918 2331">
     <span class='ocr_line' id='line_1_2' title="bbox 505 745 1915 848; baseline 0.002 -29"><span class='ocrx_word' id='word_1_6' title='bbox 505 746 601 842; x_wconf 94' lang='lat' dir='ltr'>quod</span> <span class='ocrx_word' id='word_1_7' title='bbox 614 747 704 819; x_wconf 87' lang='lat' dir='ltr'>bona</span> <span class='ocrx_word' id='word_1_8' title='bbox 722 745 790 820; x_wconf 91' lang='lat' dir='ltr'>lide</span> <span class='ocrx_word' id='word_1_9' title='bbox 807 747 1041 822; x_wconf 79' lang='lat' dir='ltr'>laborabimus</span> <span class='ocrx_word' id='word_1_10' title='bbox 1053 762 1087 824; x_wconf 87' lang='lat' dir='ltr'>et</span> <span class='ocrx_word' id='word_1_11' title='bbox 1104 773 1242 848; x_wconf 88' lang='lat' dir='ltr'>operam</span> <span class='ocrx_word' id='word_1_12' title='bbox 1261 753 1425 827; x_wconf 79' lang='lat' dir='ltr'>dabimus</span> <span class='ocrx_word' id='word_1_13' title='bbox 1442 752 1616 824; x_wconf 86' lang='lat' dir='ltr'>efficacem</span> <span class='ocrx_word' id='word_1_14' title='bbox 1634 750 1730 846; x_wconf 92' lang='lat' dir='ltr'>quod</span> <span class='ocrx_word' id='word_1_15' title='bbox 1746 750 1792 824; x_wconf 93' lang='lat' dir='ltr'>de</span> <span class='ocrx_word' id='word_1_16' title='bbox 1806 761 1915 824; x_wconf 86' lang='lat' dir='ltr'>cetero</span> 
     </span>
     <span class='ocr_line' id='line_1_3' title="bbox 504 871 1916 970; baseline 0.001 -26"><span class='ocrx_word' id='word_1_17' title='bbox 504 871 666 944; x_wconf 90' lang='lat' dir='ltr'>dominus</span> <span class='ocrx_word' id='word_1_18' title='bbox 691 881 806 945; x_wconf 89' lang='lat' dir='ltr'>noster</span> <span class='ocrx_word' id='word_1_19' title='bbox 827 872 1042 946; x_wconf 88' lang='lat' dir='ltr'>Raimnndus</span> <span class='ocrx_word' id='word_1_20' title='bbox 1063 877 1124 949; x_wconf 88' lang='lat' dir='ltr'>Dei</span> <span class='ocrx_word' id='word_1_21' title='bbox 1147 877 1259 970; x_wconf 80' lang='lat' dir='ltr'>gratia</span> <span class='ocrx_word' id='word_1_22' title='bbox 1276 877 1467 949; x_wconf 83' lang='lat' dir='ltr'>Tolosanns</span> <span class='ocrx_word' id='word_1_23' title='bbox 1492 895 1626 962; x_wconf 86' lang='lat' dir='ltr'>comes,</span> <span class='ocrx_word' id='word_1_24' title='bbox 1654 875 1808 948; x_wconf 89' lang='lat' dir='ltr'>marcbio</span> <span class='ocrx_word' id='word_1_25' title='bbox 1833 875 1916 946; x_wconf 87' lang='lat' dir='ltr'>Pro-</span> 
     </span>
     <span class='ocr_line' id='line_1_4' title="bbox 505 994 1915 1094; baseline 0.004 -29"><span class='ocrx_word' id='word_1_26' title='bbox 505 994 637 1086; x_wconf 87' lang='lat' dir='ltr'>vincia,</span> <span class='ocrx_word' id='word_1_27' title='bbox 658 997 850 1088; x_wconf 87' lang='lat' dir='ltr'>peremnia</span> <span class='ocrx_word' id='word_1_28' title='bbox 871 996 1010 1070; x_wconf 79' lang='lat' dir='ltr'>obediat</span> <span class='ocrx_word' id='word_1_29' title='bbox 1024 998 1199 1072; x_wconf 89' lang='lat' dir='ltr'>mandatis</span> <span class='ocrx_word' id='word_1_30' title='bbox 1220 999 1350 1073; x_wconf 92' lang='lat' dir='ltr'>domini</span> <span class='ocrx_word' id='word_1_31' title='bbox 1374 1020 1464 1094; x_wconf 86' lang='lat' dir='ltr'>pape</span> <span class='ocrx_word' id='word_1_32' title='bbox 1480 1009 1514 1070; x_wconf 92' lang='lat' dir='ltr'>ct</span> <span class='ocrx_word' id='word_1_33' title='bbox 1531 999 1682 1071; x_wconf 80' lang='lat' dir='ltr'>Ecclesia</span> <span class='ocrx_word' id='word_1_34' title='bbox 1705 1000 1859 1071; x_wconf 84' lang='lat' dir='ltr'>Romane</span> <span class='ocrx_word' id='word_1_35' title='bbox 1875 1019 1915 1071; x_wconf 90' lang='lat' dir='ltr'>ac</span> 
     </span>
     <span class='ocr_line' id='line_1_5' title="bbox 504 1099 1915 1218; baseline 0.004 -30"><span class='ocrx_word' id='word_1_36' title='bbox 504 1118 608 1211; x_wconf 81' lang='lat' dir='ltr'>legati</span> <span class='ocrx_word' id='word_1_37' title='bbox 627 1127 661 1188; x_wconf 88' lang='lat' dir='ltr'>et</span> <span class='ocrx_word' id='word_1_38' title='bbox 686 1119 867 1210; x_wconf 84' lang='lat' dir='ltr'>adjuvabit</span> <span class='ocrx_word' id='word_1_39' title='bbox 881 1121 1069 1193; x_wconf 75' lang='lat' dir='ltr'>Ecclesiam</span> <span class='ocrx_word' id='word_1_40' title='bbox 1092 1099 1279 1195; x_wconf 72' lang='lat' dir='ltr'>Romanam</span> <span class='ocrx_word' id='word_1_41' title='bbox 1301 1121 1448 1195; x_wconf 87' lang='lat' dir='ltr'>fideliter</span> <span class='ocrx_word' id='word_1_42' title='bbox 1469 1130 1503 1194; x_wconf 93' lang='lat' dir='ltr'>et</span> <span class='ocrx_word' id='word_1_43' title='bbox 1525 1130 1700 1218; x_wconf 81' lang='lat' dir='ltr'>potenter,</span> <span class='ocrx_word' id='word_1_44' title='bbox 1725 1121 1915 1217; x_wconf 69' lang='lat' dir='ltr'>specialiter</span> 
     </span>
     <span class='ocr_line' id='line_1_6' title="bbox 505 1243 1914 1341; baseline -0.001 -25"><span class='ocrx_word' id='word_1_45' title='bbox 505 1254 624 1316; x_wconf 87' lang='lat' dir='ltr'>contra</span> <span class='ocrx_word' id='word_1_46' title='bbox 636 1243 854 1318; x_wconf 88' lang='lat' dir='ltr'>Fredericum</span> <span class='ocrx_word' id='word_1_47' title='bbox 870 1244 1000 1318; x_wconf 89' lang='lat' dir='ltr'>dictum</span> <span class='ocrx_word' id='word_1_48' title='bbox 1021 1246 1261 1341; x_wconf 82' lang='lat' dir='ltr'>imperatorem</span> <span class='ocrx_word' id='word_1_49' title='bbox 1283 1255 1319 1318; x_wconf 90' lang='lat' dir='ltr'>ot</span> <span class='ocrx_word' id='word_1_50' title='bbox 1335 1265 1552 1319; x_wconf 81' lang='lat' dir='ltr'>successores</span> <span class='ocrx_word' id='word_1_51' title='bbox 1571 1247 1724 1340; x_wconf 87' lang='lat' dir='ltr'>ejusqui</span> <span class='ocrx_word' id='word_1_52' title='bbox 1741 1245 1779 1316; x_wconf 90' lang='lat' dir='ltr'>in</span> <span class='ocrx_word' id='word_1_53' title='bbox 1793 1245 1914 1316; x_wconf 88' lang='lat' dir='ltr'>vitium</span> 
     </span>
     <span class='ocr_line' id='line_1_7' title="bbox 505 1364 1912 1466; baseline 0.001 -28"><span class='ocrx_word' id='word_1_54' title='bbox 505 1365 728 1440; x_wconf 82' lang='lat' dir='ltr'>succederent</span> <span class='ocrx_word' id='word_1_55' title='bbox 741 1378 776 1441; x_wconf 88' lang='lat' dir='ltr'>et</span> <span class='ocrx_word' id='word_1_56' title='bbox 794 1369 944 1440; x_wconf 75' lang='lat' dir='ltr'>laumres</span> <span class='ocrx_word' id='word_1_57' title='bbox 957 1378 992 1442; x_wconf 92' lang='lat' dir='ltr'>et</span> <span class='ocrx_word' id='word_1_58' title='bbox 1007 1370 1168 1444; x_wconf 90' lang='lat' dir='ltr'>valitores</span> <span class='ocrx_word' id='word_1_59' title='bbox 1182 1371 1350 1466; x_wconf 90' lang='lat' dir='ltr'>ipsorum.</span> <span class='ocrx_word' id='word_1_60' title='bbox 1363 1369 1398 1441; x_wconf 92' lang='lat' dir='ltr'>Si</span> <span class='ocrx_word' id='word_1_61' title='bbox 1412 1379 1540 1459; x_wconf 89' lang='lat' dir='ltr'>autem,</span> <span class='ocrx_word' id='word_1_62' title='bbox 1553 1369 1649 1464; x_wconf 92' lang='lat' dir='ltr'>qnod</span> <span class='ocrx_word' id='word_1_63' title='bbox 1662 1364 1912 1442; x_wconf 88' lang='lat' dir='ltr'>Deusavcrtatl</span> 
     </span>
     <span class='ocr_line' id='line_1_8' title="bbox 505 1493 1916 1590; baseline 0.001 -28"><span class='ocrx_word' id='word_1_64' title='bbox 505 1513 660 1586; x_wconf 89' lang='lat' dir='ltr'>nuquam</span> <span class='ocrx_word' id='word_1_65' title='bbox 677 1501 795 1565; x_wconf 87' lang='lat' dir='ltr'>contra</span> <span class='ocrx_word' id='word_1_66' title='bbox 815 1493 976 1588; x_wconf 87' lang='lat' dir='ltr'>superius</span> <span class='ocrx_word' id='word_1_67' title='bbox 1005 1493 1099 1567; x_wconf 87' lang='lat' dir='ltr'>dicta</span> <span class='ocrx_word' id='word_1_68' title='bbox 1119 1497 1272 1590; x_wconf 85' lang='lat' dir='ltr'>prelatus</span> <span class='ocrx_word' id='word_1_69' title='bbox 1298 1515 1411 1567; x_wconf 90' lang='lat' dir='ltr'>comes</span> <span class='ocrx_word' id='word_1_70' title='bbox 1434 1494 1587 1588; x_wconf 80' lang='lat' dir='ltr'>veniret,</span> <span class='ocrx_word' id='word_1_71' title='bbox 1611 1494 1678 1566; x_wconf 91' lang='lat' dir='ltr'>nisi</span> <span class='ocrx_word' id='word_1_72' title='bbox 1707 1494 1916 1566; x_wconf 88' lang='lat' dir='ltr'>amonitnsa</span> 
     </span>
     <span class='ocr_line' id='line_1_9' title="bbox 506 1614 1918 1712; baseline -0.001 -25"><span class='ocrx_word' id='word_1_73' title='bbox 506 1614 647 1690; x_wconf 91' lang='lat' dir='ltr'>domino</span> <span class='ocrx_word' id='word_1_74' title='bbox 669 1638 761 1712; x_wconf 89' lang='lat' dir='ltr'>papa</span> <span class='ocrx_word' id='word_1_75' title='bbox 781 1617 833 1689; x_wconf 87' lang='lat' dir='ltr'>vel</span> <span class='ocrx_word' id='word_1_76' title='bbox 860 1619 975 1710; x_wconf 80' lang='lat' dir='ltr'>legato</span> <span class='ocrx_word' id='word_1_77' title='bbox 999 1619 1076 1710; x_wconf 90' lang='lat' dir='ltr'>ejus</span> <span class='ocrx_word' id='word_1_78' title='bbox 1101 1619 1189 1690; x_wconf 85' lang='lat' dir='ltr'>inira</span> <span class='ocrx_word' id='word_1_79' title='bbox 1212 1639 1366 1690; x_wconf 90' lang='lat' dir='ltr'>mensem</span> <span class='ocrx_word' id='word_1_80' title='bbox 1389 1617 1648 1705; x_wconf 83' lang='lat' dir='ltr'>emendaverit,</span> <span class='ocrx_word' id='word_1_81' title='bbox 1673 1616 1918 1710; x_wconf 86' lang='lat' dir='ltr'>adjuvabimus</span> 
     </span>
     <span class='ocr_line' id='line_1_10' title="bbox 505 1737 1918 1834; baseline -0.002 -23"><span class='ocrx_word' id='word_1_82' title='bbox 505 1737 685 1811; x_wconf 95' lang='lat' dir='ltr'>dominum</span> <span class='ocrx_word' id='word_1_83' title='bbox 711 1761 854 1834; x_wconf 88' lang='lat' dir='ltr'>papam,</span> <span class='ocrx_word' id='word_1_84' title='bbox 876 1739 1063 1812; x_wconf 82' lang='lat' dir='ltr'>Ecclesiam</span> <span class='ocrx_word' id='word_1_85' title='bbox 1085 1741 1273 1813; x_wconf 82' lang='lat' dir='ltr'>Romanam</span> <span class='ocrx_word' id='word_1_86' title='bbox 1297 1750 1332 1814; x_wconf 92' lang='lat' dir='ltr'>et</span> <span class='ocrx_word' id='word_1_87' title='bbox 1354 1743 1429 1834; x_wconf 86' lang='lat' dir='ltr'>ejus</span> <span class='ocrx_word' id='word_1_88' title='bbox 1453 1742 1604 1833; x_wconf 80' lang='lat' dir='ltr'>legatum</span> <span class='ocrx_word' id='word_1_89' title='bbox 1633 1749 1752 1812; x_wconf 90' lang='lat' dir='ltr'>contra</span> <span class='ocrx_word' id='word_1_90' title='bbox 1779 1761 1861 1812; x_wconf 90' lang='lat' dir='ltr'>eum</span> <span class='ocrx_word' id='word_1_91' title='bbox 1884 1747 1918 1810; x_wconf 90' lang='lat' dir='ltr'>et</span> 
     </span>
     <span class='ocr_line' id='line_1_11' title="bbox 505 1861 1918 1960; baseline 0.001 -26"><span class='ocrx_word' id='word_1_92' title='bbox 505 1861 651 1936; x_wconf 89' lang='lat' dir='ltr'>heredes</span> <span class='ocrx_word' id='word_1_93' title='bbox 662 1873 697 1936; x_wconf 92' lang='lat' dir='ltr'>et</span> <span class='ocrx_word' id='word_1_94' title='bbox 711 1863 874 1935; x_wconf 90' lang='lat' dir='ltr'>valitores</span> <span class='ocrx_word' id='word_1_95' title='bbox 886 1863 1007 1957; x_wconf 90' lang='lat' dir='ltr'>ipsius,</span> <span class='ocrx_word' id='word_1_96' title='bbox 1027 1865 1314 1937; x_wconf 84' lang='lat' dir='ltr'>nonobstantibus</span> <span class='ocrx_word' id='word_1_97' title='bbox 1327 1865 1536 1956; x_wconf 68' lang='lat' dir='ltr'>juramento,</span> <span class='ocrx_word' id='word_1_98' title='bbox 1555 1873 1668 1960; x_wconf 88' lang='lat' dir='ltr'>pacto,</span> <span class='ocrx_word' id='word_1_99' title='bbox 1688 1863 1918 1936; x_wconf 85' lang='lat' dir='ltr'>conventione</span> 
     </span>
     <span class='ocr_line' id='line_1_12' title="bbox 505 1985 1918 2082; baseline -0.001 -24"><span class='ocrx_word' id='word_1_100' title='bbox 505 1985 641 2058; x_wconf 89' lang='lat' dir='ltr'>anobis</span> <span class='ocrx_word' id='word_1_101' title='bbox 655 1985 722 2057; x_wconf 90' lang='lat' dir='ltr'>sibi</span> <span class='ocrx_word' id='word_1_102' title='bbox 737 1986 792 2058; x_wconf 92' lang='lat' dir='ltr'>vel</span> <span class='ocrx_word' id='word_1_103' title='bbox 806 1985 993 2058; x_wconf 87' lang='lat' dir='ltr'>heredibus</span> <span class='ocrx_word' id='word_1_104' title='bbox 1006 1987 1078 2059; x_wconf 89' lang='lat' dir='ltr'>suis</span> <span class='ocrx_word' id='word_1_105' title='bbox 1091 1987 1188 2060; x_wconf 85' lang='lat' dir='ltr'>factis</span> <span class='ocrx_word' id='word_1_106' title='bbox 1207 1989 1264 2060; x_wconf 93' lang='lat' dir='ltr'>vel</span> <span class='ocrx_word' id='word_1_107' title='bbox 1281 1987 1448 2062; x_wconf 87' lang='lat' dir='ltr'>faciendis</span> <span class='ocrx_word' id='word_1_108' title='bbox 1464 2009 1528 2060; x_wconf 89' lang='lat' dir='ltr'>een</span> <span class='ocrx_word' id='word_1_109' title='bbox 1546 1987 1623 2060; x_wconf 88' lang='lat' dir='ltr'>aliis</span> <span class='ocrx_word' id='word_1_110' title='bbox 1640 1987 1918 2082; x_wconf 82' lang='lat' dir='ltr'>quibuscumque</span> 
     </span>
     <span class='ocr_line' id='line_1_13' title="bbox 506 2107 1917 2206; baseline -0.001 -25"><span class='ocrx_word' id='word_1_111' title='bbox 506 2107 731 2182; x_wconf 89' lang='lat' dir='ltr'>demandato</span> <span class='ocrx_word' id='word_1_112' title='bbox 750 2108 858 2203; x_wconf 90' lang='lat' dir='ltr'>ipsius</span> <span class='ocrx_word' id='word_1_113' title='bbox 882 2111 1035 2200; x_wconf 89' lang='lat' dir='ltr'>comitis,</span> <span class='ocrx_word' id='word_1_114' title='bbox 1060 2112 1238 2206; x_wconf 83' lang='lat' dir='ltr'>presertim</span> <span class='ocrx_word' id='word_1_115' title='bbox 1261 2133 1340 2184; x_wconf 92' lang='lat' dir='ltr'>cum</span> <span class='ocrx_word' id='word_1_116' title='bbox 1363 2111 1400 2182; x_wconf 91' lang='lat' dir='ltr'>in</span> <span class='ocrx_word' id='word_1_117' title='bbox 1420 2115 1614 2206; x_wconf 87' lang='lat' dir='ltr'>juramento</span> <span class='ocrx_word' id='word_1_118' title='bbox 1637 2131 1701 2184; x_wconf 91' lang='lat' dir='ltr'>suc</span> <span class='ocrx_word' id='word_1_119' title='bbox 1723 2132 1828 2206; x_wconf 90' lang='lat' dir='ltr'>super</span> <span class='ocrx_word' id='word_1_120' title='bbox 1851 2109 1917 2181; x_wconf 92' lang='lat' dir='ltr'>boc</span> 
     </span>
     <span class='ocr_line' id='line_1_14' title="bbox 506 2232 1744 2331; baseline -0.002 -25"><span class='ocrx_word' id='word_1_121' title='bbox 506 2235 646 2331; x_wconf 90' lang='lat' dir='ltr'>prestito</span> <span class='ocrx_word' id='word_1_122' title='bbox 663 2235 775 2324; x_wconf 80' lang='lat' dir='ltr'>legato</span> <span class='ocrx_word' id='word_1_123' title='bbox 789 2245 824 2306; x_wconf 90' lang='lat' dir='ltr'>et</span> <span class='ocrx_word' id='word_1_124' title='bbox 838 2235 990 2307; x_wconf 82' lang='lat' dir='ltr'>Ecclesia</span> <span class='ocrx_word' id='word_1_125' title='bbox 1002 2235 1135 2317; x_wconf 80' lang='lat' dir='ltr'>¹ratione</span> <span class='ocrx_word' id='word_1_126' title='bbox 1152 2237 1183 2308; x_wconf 86' lang='lat' dir='ltr'>ai</span> <span class='ocrx_word' id='word_1_127' title='bbox 1200 2236 1451 2309; x_wconf 89' lang='lat' dir='ltr'>contraveniret</span> <span class='ocrx_word' id='word_1_128' title='bbox 1466 2236 1642 2308; x_wconf 89' lang='lat' dir='ltr'>absolutos</span> <span class='ocrx_word' id='word_1_129' title='bbox 1657 2232 1744 2329; x_wconf 77' lang='lat' dir='ltr'>(ric).</span> 
     </span>
    </p>

    <p class='ocr_par' dir='ltr' id='par_1_3' title="bbox 505 2355 1922 3300">
     <span class='ocr_line' id='line_1_15' title="bbox 553 2355 1918 2453; baseline -0.002 -23"><span class='ocrx_word' id='word_1_130' title='bbox 553 2361 626 2432; x_wconf 88' lang='lat' dir='ltr'>Hoc</span> <span class='ocrx_word' id='word_1_131' title='bbox 642 2359 747 2452; x_wconf 80' lang='lat' dir='ltr'>igitur</span> <span class='ocrx_word' id='word_1_132' title='bbox 760 2367 1010 2431; x_wconf 86' lang='lat' dir='ltr'>sacramentum</span> <span class='ocrx_word' id='word_1_133' title='bbox 1032 2360 1193 2432; x_wconf 92' lang='lat' dir='ltr'>volumus</span> <span class='ocrx_word' id='word_1_134' title='bbox 1209 2369 1244 2432; x_wconf 95' lang='lat' dir='ltr'>et</span> <span class='ocrx_word' id='word_1_135' title='bbox 1260 2357 1467 2432; x_wconf 89' lang='lat' dir='ltr'>mandamus</span> <span class='ocrx_word' id='word_1_136' title='bbox 1480 2359 1578 2453; x_wconf 91' lang='lat' dir='ltr'>quod</span> <span class='ocrx_word' id='word_1_137' title='bbox 1591 2379 1654 2430; x_wconf 91' lang='lat' dir='ltr'>vos</span> <span class='ocrx_word' id='word_1_138' title='bbox 1670 2355 1818 2452; x_wconf 90' lang='lat' dir='ltr'>predicti</span> <span class='ocrx_word' id='word_1_139' title='bbox 1836 2377 1918 2428; x_wconf 90' lang='lat' dir='ltr'>con·</span> 
     </span>
     <span class='ocr_line' id='line_1_16' title="bbox 505 2481 1919 2578; baseline -0.003 -22"><span class='ocrx_word' id='word_1_140' title='bbox 505 2485 597 2556; x_wconf 85' lang='lat' dir='ltr'>eules</span> <span class='ocrx_word' id='word_1_141' title='bbox 611 2492 645 2556; x_wconf 92' lang='lat' dir='ltr'>et</span> <span class='ocrx_word' id='word_1_142' title='bbox 660 2483 766 2556; x_wconf 90' lang='lat' dir='ltr'>vestri</span> <span class='ocrx_word' id='word_1_143' title='bbox 782 2481 966 2556; x_wconf 87' lang='lat' dir='ltr'>consiliarii</span> <span class='ocrx_word' id='word_1_144' title='bbox 983 2505 1045 2578; x_wconf 91' lang='lat' dir='ltr'>pro</span> <span class='ocrx_word' id='word_1_145' title='bbox 1056 2505 1094 2556; x_wconf 89' lang='lat' dir='ltr'>se</span> <span class='ocrx_word' id='word_1_146' title='bbox 1106 2491 1141 2555; x_wconf 90' lang='lat' dir='ltr'>et</span> <span class='ocrx_word' id='word_1_147' title='bbox 1155 2482 1375 2557; x_wconf 89' lang='lat' dir='ltr'>demandato</span> <span class='ocrx_word' id='word_1_148' title='bbox 1390 2484 1672 2556; x_wconf 87' lang='lat' dir='ltr'>communitatum</span> <span class='ocrx_word' id='word_1_149' title='bbox 1687 2481 1919 2576; x_wconf 87' lang='lat' dir='ltr'>predictarum</span> 
     </span>
     <span class='ocr_line' id='line_1_17' title="bbox 506 2605 1920 2704; baseline -0.003 -24"><span class='ocrx_word' id='word_1_150' title='bbox 506 2630 567 2703; x_wconf 95' lang='lat' dir='ltr'>pro</span> <span class='ocrx_word' id='word_1_151' title='bbox 584 2609 670 2704; x_wconf 91' lang='lat' dir='ltr'>ipsis</span> <span class='ocrx_word' id='word_1_152' title='bbox 685 2608 988 2680; x_wconf 88' lang='lat' dir='ltr'>communitatibus</span> <span class='ocrx_word' id='word_1_153' title='bbox 1006 2608 1150 2680; x_wconf 82' lang='lat' dir='ltr'>faciatis.</span> <span class='ocrx_word' id='word_1_154' title='bbox 1169 2607 1268 2681; x_wconf 92' lang='lat' dir='ltr'>Unde</span> <span class='ocrx_word' id='word_1_155' title='bbox 1283 2607 1491 2681; x_wconf 88' lang='lat' dir='ltr'>mandamns</span> <span class='ocrx_word' id='word_1_156' title='bbox 1503 2607 1605 2680; x_wconf 90' lang='lat' dir='ltr'>vobis</span> <span class='ocrx_word' id='word_1_157' title='bbox 1619 2606 1794 2677; x_wconf 88' lang='lat' dir='ltr'>universis</span> <span class='ocrx_word' id='word_1_158' title='bbox 1805 2616 1841 2678; x_wconf 91' lang='lat' dir='ltr'>et</span> <span class='ocrx_word' id='word_1_159' title='bbox 1855 2605 1920 2676; x_wconf 90' lang='lat' dir='ltr'>ein-</span> 
     </span>
     <span class='ocr_line' id='line_1_18' title="bbox 505 2729 1920 2827; baseline -0.003 -24"><span class='ocrx_word' id='word_1_160' title='bbox 505 2733 595 2827; x_wconf 79' lang='lat' dir='ltr'>gulis</span> <span class='ocrx_word' id='word_1_161' title='bbox 614 2732 778 2826; x_wconf 89' lang='lat' dir='ltr'>quatinus</span> <span class='ocrx_word' id='word_1_162' title='bbox 802 2753 883 2803; x_wconf 90' lang='lat' dir='ltr'>cum</span> <span class='ocrx_word' id='word_1_163' title='bbox 901 2731 1056 2825; x_wconf 86' lang='lat' dir='ltr'>requisiti</span> <span class='ocrx_word' id='word_1_164' title='bbox 1075 2731 1244 2804; x_wconf 83' lang='lat' dir='ltr'>fueritisa</span> <span class='ocrx_word' id='word_1_165' title='bbox 1267 2731 1457 2804; x_wconf 85' lang='lat' dir='ltr'>venerabili</span> <span class='ocrx_word' id='word_1_166' title='bbox 1479 2739 1575 2827; x_wconf 88' lang='lat' dir='ltr'>petre</span> <span class='ocrx_word' id='word_1_167' title='bbox 1594 2730 1735 2803; x_wconf 94' lang='lat' dir='ltr'>dominc</span> <span class='ocrx_word' id='word_1_168' title='bbox 1757 2729 1920 2824; x_wconf 90' lang='lat' dir='ltr'>episcopo</span> 
     </span>
     <span class='ocr_line' id='line_1_19' title="bbox 505 2854 1921 2950; baseline -0.003 -22"><span class='ocrx_word' id='word_1_169' title='bbox 505 2855 721 2950; x_wconf 79' lang='lat' dir='ltr'>Agennensi,</span> <span class='ocrx_word' id='word_1_170' title='bbox 749 2855 784 2926; x_wconf 93' lang='lat' dir='ltr'>in</span> <span class='ocrx_word' id='word_1_171' title='bbox 808 2855 916 2927; x_wconf 80' lang='lat' dir='ltr'>forme</span> <span class='ocrx_word' id='word_1_172' title='bbox 937 2855 1090 2950; x_wconf 90' lang='lat' dir='ltr'>predicta</span> <span class='ocrx_word' id='word_1_173' title='bbox 1111 2855 1252 2948; x_wconf 87' lang='lat' dir='ltr'>juretis,</span> <span class='ocrx_word' id='word_1_174' title='bbox 1279 2855 1453 2928; x_wconf 90' lang='lat' dir='ltr'>tradentes</span> <span class='ocrx_word' id='word_1_175' title='bbox 1477 2854 1592 2928; x_wconf 88' lang='lat' dir='ltr'>eidem</span> <span class='ocrx_word' id='word_1_176' title='bbox 1614 2854 1743 2925; x_wconf 85' lang='lat' dir='ltr'>litteras</span> <span class='ocrx_word' id='word_1_177' title='bbox 1766 2861 1921 2948; x_wconf 85' lang='lat' dir='ltr'>patentes</span> 
     </span>
     <span class='ocr_line' id='line_1_20' title="bbox 507 2977 1921 3076; baseline -0.003 -24"><span class='ocrx_word' id='word_1_178' title='bbox 507 3002 586 3052; x_wconf 91' lang='lat' dir='ltr'>cum</span> <span class='ocrx_word' id='word_1_179' title='bbox 603 2979 715 3074; x_wconf 78' lang='lat' dir='ltr'>sigillo</span> <span class='ocrx_word' id='word_1_180' title='bbox 732 2979 913 3074; x_wconf 88' lang='lat' dir='ltr'>pendenti,</span> <span class='ocrx_word' id='word_1_181' title='bbox 935 3001 999 3052; x_wconf 90' lang='lat' dir='ltr'>vos</span> <span class='ocrx_word' id='word_1_182' title='bbox 1018 3001 1134 3052; x_wconf 88' lang='lat' dir='ltr'>comes</span> <span class='ocrx_word' id='word_1_183' title='bbox 1149 2979 1318 3052; x_wconf 77' lang='lat' dir='ltr'>Forensis</span> <span class='ocrx_word' id='word_1_184' title='bbox 1341 3002 1403 3076; x_wconf 90' lang='lat' dir='ltr'>per</span> <span class='ocrx_word' id='word_1_185' title='bbox 1422 3000 1487 3052; x_wconf 91' lang='lat' dir='ltr'>vos</span> <span class='ocrx_word' id='word_1_186' title='bbox 1509 2987 1544 3052; x_wconf 91' lang='lat' dir='ltr'>et</span> <span class='ocrx_word' id='word_1_187' title='bbox 1561 2999 1625 3051; x_wconf 90' lang='lat' dir='ltr'>vos</span> <span class='ocrx_word' id='word_1_188' title='bbox 1647 2977 1841 3049; x_wconf 87' lang='lat' dir='ltr'>vicecomes</span> <span class='ocrx_word' id='word_1_189' title='bbox 1859 2998 1921 3072; x_wconf 90' lang='lat' dir='ltr'>per</span> 
     </span>
     <span class='ocr_line' id='line_1_21' title="bbox 506 3099 1922 3200; baseline -0.003 -22"><span class='ocrx_word' id='word_1_190' title='bbox 506 3126 571 3178; x_wconf 88' lang='lat' dir='ltr'>vos</span> <span class='ocrx_word' id='word_1_191' title='bbox 595 3115 629 3177; x_wconf 95' lang='lat' dir='ltr'>et</span> <span class='ocrx_word' id='word_1_192' title='bbox 655 3105 807 3199; x_wconf 89' lang='lat' dir='ltr'>quelibet</span> <span class='ocrx_word' id='word_1_193' title='bbox 831 3105 1095 3177; x_wconf 88' lang='lat' dir='ltr'>universitatum</span> <span class='ocrx_word' id='word_1_194' title='bbox 1124 3101 1354 3200; x_wconf 90' lang='lat' dir='ltr'>predictarum</span> <span class='ocrx_word' id='word_1_195' title='bbox 1376 3125 1439 3200; x_wconf 89' lang='lat' dir='ltr'>per</span> <span class='ocrx_word' id='word_1_196' title='bbox 1461 3125 1516 3194; x_wconf 90' lang='lat' dir='ltr'>se,</span> <span class='ocrx_word' id='word_1_197' title='bbox 1545 3113 1580 3177; x_wconf 90' lang='lat' dir='ltr'>et</span> <span class='ocrx_word' id='word_1_198' title='bbox 1603 3103 1669 3175; x_wconf 93' lang='lat' dir='ltr'>boc</span> <span class='ocrx_word' id='word_1_199' title='bbox 1696 3103 1792 3174; x_wconf 94' lang='lat' dir='ltr'>nullo</span> <span class='ocrx_word' id='word_1_200' title='bbox 1817 3099 1922 3174; x_wconf 91' lang='lat' dir='ltr'>modo</span> 
     </span>
     <span class='ocr_line' id='line_1_22' title="bbox 507 3227 657 3300; baseline -0.007 0"><span class='ocrx_word' id='word_1_201' title='bbox 507 3227 657 3300; x_wconf 89' lang='lat' dir='ltr'>mutetis.</span> 
     </span>
    </p>

    <p class='ocr_par' dir='ltr' id='par_1_4' title="bbox 556 3347 1820 3442">
     <span class='ocr_line' id='line_1_23' title="bbox 556 3347 1820 3442; baseline -0.004 -19"><span class='ocrx_word' id='word_1_202' title='bbox 556 3353 680 3425; x_wconf 88' lang='lat' dir='ltr'>Datum</span> <span class='ocrx_word' id='word_1_203' title='bbox 695 3351 929 3442; x_wconf 79' lang='lat' dir='ltr'>claromonte,</span> <span class='ocrx_word' id='word_1_204' title='bbox 949 3349 1105 3423; x_wconf 85' lang='lat' dir='ltr'>kalendis</span> <span class='ocrx_word' id='word_1_205' title='bbox 1121 3351 1252 3442; x_wconf 88' lang='lat' dir='ltr'>martii,</span> <span class='ocrx_word' id='word_1_206' title='bbox 1273 3372 1365 3423; x_wconf 88' lang='lat' dir='ltr'>anno</span> <span class='ocrx_word' id='word_1_207' title='bbox 1384 3347 1515 3424; x_wconf 91' lang='lat' dir='ltr'>domini</span> <span class='ocrx_word' id='word_1_208' title='bbox 1535 3349 1582 3422; x_wconf 89' lang='grc' dir='ltr'>Μ.</span> <span class='ocrx_word' id='word_1_209' title='bbox 1599 3347 1661 3421; x_wconf 87' lang='lat' dir='ltr'>CC.</span> <span class='ocrx_word' id='word_1_210' title='bbox 1679 3349 1738 3420; x_wconf 86' lang='lat' dir='ltr'>XL</span> <span class='ocrx_word' id='word_1_211' title='bbox 1754 3347 1820 3442; x_wconf 85' lang='lat' dir='ltr'>(t).</span> 
     </span>
    </p>
   </div>
   <div class='ocr_carea' id='block_1_3' title="bbox 724 3627 1714 3645">
    <p class='ocr_par' dir='ltr' id='par_1_5' title="bbox 724 3627 1714 3645">
     <span class='ocr_line' id='line_1_24' title="bbox 724 3627 1714 3645; baseline -0.012 4"><span class='ocrx_word' id='word_1_212' title='bbox 724 3627 1714 3645; x_wconf 49' lang='lat' dir='ltr'>”fflw--u--m-na—...m-——n-——n—-n</span> 
     </span>
    </p>
   </div>
   <div class='ocr_carea' id='block_1_4' title="bbox 411 3883 1920 4138">
    <p class='ocr_par' dir='ltr' id='par_1_6' title="bbox 411 3883 1920 4138">
     <span class='ocr_line' id='line_1_25' title="bbox 561 3883 1920 4008; baseline -0.017 -30"><span class='ocrx_word' id='word_1_213' title='bbox 561 3895 588 3978; x_wconf 87' lang='lat' dir='ltr'>F</span> <span class='ocrx_word' id='word_1_214' title='bbox 591 3893 793 4000; x_wconf 82' lang='lat' dir='ltr'>ridericus,</span> <span class='ocrx_word' id='word_1_215' title='bbox 826 3891 1087 3974; x_wconf 88' lang='lat' dir='ltr'>Romanorum</span> <span class='ocrx_word' id='word_1_216' title='bbox 1117 3889 1341 4008; x_wconf 73' lang='lat' dir='ltr'>imperator,</span> <span class='ocrx_word' id='word_1_217' title='bbox 1371 3887 1613 3996; x_wconf 83' lang='lat' dir='ltr'>privilegium</span> <span class='ocrx_word' id='word_1_218' title='bbox 1643 3883 1795 3968; x_wconf 81' lang='lat' dir='ltr'>Henrici</span> <span class='ocrx_word' id='word_1_219' title='bbox 1824 3883 1920 3966; x_wconf 76' lang='lat' dir='ltr'>sexti</span> 
     </span>
     <span class='ocr_line' id='line_1_26' title="bbox 411 4016 1920 4138; baseline -0.013 -23"><span class='ocrx_word' id='word_1_220' title='bbox 411 4039 434 4072; x_wconf 89' lang='lat'>⁰·</span> <span class='ocrx_word' id='word_1_221' title='bbox 507 4028 704 4138; x_wconf 88' lang='lat' dir='ltr'>patrissui</span> <span class='ocrx_word' id='word_1_222' title='bbox 734 4027 936 4109; x_wconf 90' lang='lat' dir='ltr'>inserendo</span> <span class='ocrx_word' id='word_1_223' title='bbox 954 4023 1154 4108; x_wconf 90' lang='lat' dir='ltr'>confirmet</span> <span class='ocrx_word' id='word_1_224' title='bbox 1171 4049 1249 4133; x_wconf 87' lang='lat' dir='ltr'>quo</span> <span class='ocrx_word' id='word_1_225' title='bbox 1273 4021 1483 4130; x_wconf 83' lang='lat' dir='ltr'>burgenses</span> <span class='ocrx_word' id='word_1_226' title='bbox 1503 4019 1809 4102; x_wconf 81' lang='lat' dir='ltr'>Constantienses</span> <span class='ocrx_word' id='word_1_227' title='bbox 1830 4016 1920 4100; x_wconf 92' lang='lat' dir='ltr'>col-</span> 
     </span>
    </p>
   </div>
   <div class='ocr_carea' id='block_1_5' title="bbox 505 4331 1923 4708">
    <p class='ocr_par' dir='ltr' id='par_1_7' title="bbox 505 4331 1923 4708">
     <span class='ocr_line' id='line_1_27' title="bbox 543 4331 1923 4419; baseline -0.012 -16"><span class='ocrx_word' id='word_1_228' title='bbox 543 4345 579 4419; x_wconf 83' lang='lat' dir='ltr'>(t)</span> <span class='ocrx_word' id='word_1_229' title='bbox 596 4345 687 4403; x_wconf 85' lang='lat' dir='ltr'>Utitur</span> <span class='ocrx_word' id='word_1_230' title='bbox 706 4357 778 4401; x_wconf 88' lang='lat' dir='ltr'>anno</span> <span class='ocrx_word' id='word_1_231' title='bbox 793 4343 943 4401; x_wconf 89' lang='lat' dir='ltr'>secundum</span> <span class='ocrx_word' id='word_1_232' title='bbox 963 4339 1190 4415; x_wconf 87' lang='lat' dir='ltr'>computationem</span> <span class='ocrx_word' id='word_1_233' title='bbox 1206 4340 1372 4398; x_wconf 87' lang='lat' dir='ltr'>Francorum</span> <span class='ocrx_word' id='word_1_234' title='bbox 1393 4337 1420 4396; x_wconf 92' lang='lat' dir='ltr'>iu</span> <span class='ocrx_word' id='word_1_235' title='bbox 1437 4336 1543 4396; x_wconf 82' lang='lat' dir='ltr'>Pascha</span> <span class='ocrx_word' id='word_1_236' title='bbox 1558 4335 1712 4408; x_wconf 66' lang='lat' dir='ltr'>incipiam.</span> <span class='ocrx_word' id='word_1_237' title='bbox 1731 4333 1856 4390; x_wconf 86' lang='lat' dir='ltr'>Promisit</span> <span class='ocrx_word' id='word_1_238' title='bbox 1876 4331 1923 4388; x_wconf 91' lang='lat' dir='ltr'>iu-</span> 
     </span>
     <span class='ocr_line' id='line_1_28' title="bbox 505 4430 1923 4519; baseline -0.013 -15"><span class='ocrx_word' id='word_1_239' title='bbox 505 4459 588 4519; x_wconf 77' lang='lat' dir='ltr'>super</span> <span class='ocrx_word' id='word_1_240' title='bbox 598 4459 689 4503; x_wconf 87' lang='lat' dir='ltr'>comes</span> <span class='ocrx_word' id='word_1_241' title='bbox 699 4441 860 4512; x_wconf 73' lang='lat' dir='ltr'>tolosanus,</span> <span class='ocrx_word' id='word_1_242' title='bbox 874 4447 943 4500; x_wconf 86' lang='lat' dir='ltr'>teste</span> <span class='ocrx_word' id='word_1_243' title='bbox 956 4439 1101 4499; x_wconf 85' lang='lat' dir='ltr'>Guillelmo</span> <span class='ocrx_word' id='word_1_244' title='bbox 1113 4439 1147 4496; x_wconf 88' lang='lat' dir='ltr'>de</span> <span class='ocrx_word' id='word_1_245' title='bbox 1160 4439 1243 4496; x_wconf 85' lang='lat' dir='ltr'>Podio</span> <span class='ocrx_word' id='word_1_246' title='bbox 1254 4437 1405 4506; x_wconf 86' lang='lat' dir='ltr'>Laurentii,</span> <span class='ocrx_word' id='word_1_247' title='bbox 1422 4450 1484 4510; x_wconf 87' lang='lat' dir='ltr'>cap.</span> <span class='ocrx_word' id='word_1_248' title='bbox 1498 4437 1544 4503; x_wconf 86' lang='lat' dir='ltr'>tt,</span> <span class='ocrx_word' id='word_1_249' title='bbox 1561 4449 1592 4492; x_wconf 88' lang='lat' dir='ltr'>se</span> <span class='ocrx_word' id='word_1_250' title='bbox 1606 4435 1707 4490; x_wconf 88' lang='lat' dir='ltr'>iturum</span> <span class='ocrx_word' id='word_1_251' title='bbox 1719 4447 1781 4488; x_wconf 88' lang='lat' dir='ltr'>cum</span> <span class='ocrx_word' id='word_1_252' title='bbox 1794 4430 1923 4504; x_wconf 84' lang='lat' dir='ltr'>episeopo</span> 
     </span>
     <span class='ocr_line' id='line_1_29' title="bbox 506 4523 1922 4612; baseline -0.013 -13"><span class='ocrx_word' id='word_1_253' title='bbox 506 4541 637 4600; x_wconf 82' lang='lat' dir='ltr'>&#39;tolosano</span> <span class='ocrx_word' id='word_1_254' title='bbox 648 4539 681 4598; x_wconf 88' lang='lat' dir='ltr'>ed</span> <span class='ocrx_word' id='word_1_255' title='bbox 692 4539 835 4597; x_wconf 88' lang='lat' dir='ltr'>concilium</span> <span class='ocrx_word' id='word_1_256' title='bbox 844 4553 861 4596; x_wconf 91' lang='lat' dir='ltr'>a</span> <span class='ocrx_word' id='word_1_257' title='bbox 870 4553 939 4612; x_wconf 86' lang='lat' dir='ltr'>pape</span> <span class='ocrx_word' id='word_1_258' title='bbox 951 4539 1053 4594; x_wconf 82' lang='lat' dir='ltr'>Romae</span> <span class='ocrx_word' id='word_1_259' title='bbox 1064 4541 1250 4594; x_wconf 87' lang='lat' dir='ltr'>convocatum.</span> <span class='ocrx_word' id='word_1_260' title='bbox 1265 4534 1332 4593; x_wconf 81' lang='lat' dir='ltr'>cum</span> <span class='ocrx_word' id='word_1_261' title='bbox 1345 4538 1437 4590; x_wconf 84' lang='lat' dir='ltr'>eutem</span> <span class='ocrx_word' id='word_1_262' title='bbox 1447 4547 1465 4590; x_wconf 89' lang='lat' dir='ltr'>a</span> <span class='ocrx_word' id='word_1_263' title='bbox 1476 4529 1808 4604; x_wconf 79' lang='lat' dir='ltr'>curiaregieFrancorum</span> <span class='ocrx_word' id='word_1_264' title='bbox 1818 4523 1922 4584; x_wconf 84' lang='lat' dir='ltr'>blasei-</span> 
     </span>
     <span class='ocr_line' id='line_1_30' title="bbox 507 4621 1923 4708; baseline -0.012 -13"><span class='ocrx_word' id='word_1_265' title='bbox 507 4639 569 4698; x_wconf 90' lang='lat' dir='ltr'>liam</span> <span class='ocrx_word' id='word_1_266' title='bbox 589 4652 715 4696; x_wconf 88' lang='lat' dir='ltr'>reversus</span> <span class='ocrx_word' id='word_1_267' title='bbox 735 4636 843 4708; x_wconf 86' lang='lat' dir='ltr'>luisset,</span> <span class='ocrx_word' id='word_1_268' title='bbox 860 4635 898 4692; x_wconf 93' lang='lat' dir='ltr'>ibi</span> <span class='ocrx_word' id='word_1_269' title='bbox 916 4649 1014 4694; x_wconf 89' lang='lat' dir='ltr'>navem</span> <span class='ocrx_word' id='word_1_270' title='bbox 1033 4647 1243 4704; x_wconf 86' lang='lat' dir='ltr'>conscensurus,</span> <span class='ocrx_word' id='word_1_271' title='bbox 1265 4630 1420 4704; x_wconf 79' lang='lat' dir='ltr'>captionem</span> <span class='ocrx_word' id='word_1_272' title='bbox 1437 4627 1621 4703; x_wconf 88' lang='lat' dir='ltr'>praelatorum</span> <span class='ocrx_word' id='word_1_273' title='bbox 1639 4623 1726 4683; x_wconf 87' lang='lat' dir='ltr'>audiit</span> <span class='ocrx_word' id='word_1_274' title='bbox 1741 4641 1749 4680; x_wconf 73' lang='grc' dir='ltr'>ι</span> <span class='ocrx_word' id='word_1_275' title='bbox 1764 4621 1840 4696; x_wconf 88' lang='lat' dir='ltr'>quod</span> <span class='ocrx_word' id='word_1_276' title='bbox 1862 4621 1923 4694; x_wconf 82' lang='lat' dir='ltr'>ejus</span> 
     </span>
    </p>
   </div>
   <div class='ocr_carea' id='block_1_6' title="bbox 507 4733 837 4810">
    <p class='ocr_par' dir='ltr' id='par_1_8' title="bbox 507 4733 837 4810">
     <span class='ocr_line' id='line_1_31' title="bbox 507 4733 837 4810; baseline -0.012 -16"><span class='ocrx_word' id='word_1_277' title='bbox 507 4736 674 4810; x_wconf 83' lang='lat' dir='ltr'>propositum</span> <span class='ocrx_word' id='word_1_278' title='bbox 687 4733 837 4808; x_wconf 90' lang='lat' dir='ltr'>impedivit.</span> 
     </span>
    </p>
   </div>
   <div class='ocr_carea' id='block_1_7' title="bbox 0 0 2205 6004">
    <p class='ocr_par' dir='ltr' id='par_1_9' title="bbox 0 0 2205 6004">
     <span class='ocr_line' id='line_1_32' title="bbox 0 0 2205 6004; baseline 0 0"><span class='ocrx_word' id='word_1_279' title='bbox 0 0 2205 6004; x_wconf 95' lang='lat' dir='ltr'> </span> 
     </span>
    </p>
   </div>
  </div>
 </body>
</html>
