4648 6056
557 664 635 727 lits
1007 667 1134 726 INDEX
1162 667 1510 730 bocbttnnionutt.

566 863 676 939 1258

555 965 692 1067 ’ἱερῖῖ
737 987 773 1046 u
788 991 892 1050 enan
936 1023 978 1034 -
996 990 1116 1052 uber
1140 991 1177 1052 oe
1203 993 1383 1072 notamen
1408 994 1568 1071 pararem
1590 992 1630 1054 ae
1652 993 1812 1054 monum
1837 1007 1961 1070 suam

717 1083 748 1142 in
761 1083 913 1145 obsidione
977 1087 1154 1164 completum
1170 1091 1294 1150 remittit
1306 1095 1341 1152 ut
1354 1091 1503 1152 civitatem
1515 1095 1547 1150 at
1558 1088 1662 1150 domos
1673 1089 1809 1150 incendio
1822 1087 1959 1150 combus-

751 1178 878 1240 Brlxlae.
976 1187 1022 1244 tes
1035 1183 1154 1244 valeam
1167 1201 1312 1261 reparare.
1902 1191 1960 1244 225

584 1290 659 1364 sapt.
738 1285 775 1345 In
787 1288 890 1346 cestris
937 1318 977 1332 -
995 1287 1161 1348 iohannem
1174 1288 1371 1350 Amlatensem
1388 1290 1639 1366 archiepiscopum
1651 1295 1767 1367 recepto
1784 1287 1822 1349 ab
1838 1304 1874 1350 ao
1885 1286 1961 1348 dde-

717 1381 910 1537 mffltdlom
976 1381 1066 1443 litatis
1083 1389 1113 1444 et
1131 1383 1255 1444 hominii
1264 1389 1446 1464 juramento,
1462 1385 1499 1446 de
1512 1383 1658 1464 regalibus
1675 1401 1726 1462 per
1743 1390 1891 1461 sceptrum
1911 1385 1959 1443 ln·

830 1493 875 1538 aa.
974 1480 1073 1539 vestit.
1430 1503 1432 1508 ’
1901 1488 1958 1540 226

584 1587 660 1659 sept.
736 1583 772 1642 ln
786 1586 888 1644 caruis
936 1615 976 1630 -
994 1584 1142 1646 Bernardo
1161 1585 1359 1647 Avanionensl
1378 1588 1512 1663 episcopo
1525 1589 1647 1648 renovat
1665 1593 1696 1647 et
1714 1585 1870 1646 inserendo
1889 1599 1959 1645 eon·

716 1680 747 1738 ln
759 1678 910 1740 obsidione
975 1679 1075 1742 ilrmat
1100 1677 1287 1761 privilegium
1314 1699 1332 1743 a
1358 1683 1505 1743 Frlderloo
1532 1684 1629 1758 primo
1655 1697 1712 1744 avo
1739 1697 1793 1743 suo
1818 1679 1958 1742 Ganirldo

749 1775 877 1836 Brixiae.
974 1776 1173 1839 Avanionansl
1197 1779 1332 1856 episeopo
1359 1793 1439 1838 anno
1465 1785 1554 1852 1111,
1581 1785 1618 1838 22
1649 1777 1835 1851 novembris,
1856 1775 1959 1836 ndul-

975 1879 1051 1933 turn.
1901 1880 1956 1931 221

582 1983 658 2053 sapt.
735 1975 771 2036 ln
785 1977 889 2038 castris
935 2011 976 2022 -
992 1979 1150 2038 Laurentio
1169 1979 1334 2040 Tricostino
1353 1981 1488 2056 episcopo
1505 1977 1692 2056 privilegiam
1707 1993 1727 2036 e
1744 1992 1776 2037 sa
1794 1979 1860 2052 ipso
1877 1975 1958 2036 Gau-

713 2071 746 2130 ln
760 2071 911 2133 obsidione
975 2073 1052 2134 irido
1065 2075 1198 2150 ejusdem
1211 2074 1348 2135 eeclesiae
1361 2076 1496 2151 episcopo
1509 2073 1659 2151 quoan
1675 2077 1805 2148 tempore
1817 2071 1901 2148 regni
1913 2072 1958 2131 sui

748 2166 874 2229 Brixiae.
974 2171 1122 2232 indultum
1135 2169 1643 2232 renovatetlnserendocondrmut.
1901 2175 1955 2228 221

581 2278 653 2350 sapt.
736 2272 772 2331 In
785 2277 891 2334 castris
936 2307 975 2318 —
988 2273 1160 2335 llumberto
1176 2275 1278 2336 Diensl
1291 2271 1959 2353 episeopoprlvilsgiaal'rlderlooprlnaoavo

716 2368 747 2427 in
760 2367 912 2432 obsidione
975 2387 1029 2432 suo
1042 2369 1170 2432 ltoberto
1186 2381 1222 2432 1ο
1235 2373 1304 2448 tolli
1318 2381 1393 2432 itta
1407 2379 1437 2432 st
1449 2387 1468 2432 a
1480 2386 1511 2431 sa
1523 2373 1589 2448 ipso
1599 2377 1729 2448 tempore
1741 2371 1825 2446 regni
1841 2370 1888 2429 sui
1901 2367 1959 2428 lle·

746 2463 873 2526 erxiuc.
974 2468 1082 2622 taffo
1098 2468 1232 2544 eiusdem
1244 2469 1382 2530 ecclesius
1398 2468 1540 2544 episcopis
1560 2483 1698 2528 concessa
1710 2470 1834 2526 mnovat
1846 2470 1877 2524 ct
1889 2481 1959 2526 eon-

1041 2569 1081 2623 at.
1826 2567 1957 2620 tin-²8³

559 2675 597 2728 28
611 2672 684 2744 sept.
711 2665 746 2724 ln
760 2662 913 2725 obsidione
934 2701 975 2712 -
994 2668 1118 2729 Mandat
1138 2667 1301 2729 Humbcrto
1323 2671 1459 2745 episcopo
1481 2667 1582 2728 chnsl
1603 2673 1638 2728 ut
1660 2665 1743 2728 ialsis
1762 2666 1909 2724 mansuds
1929 2671 1959 2725 et

749 2761 875 2820 Brixiae.
974 2763 1150 2840 ponderibus
1183 2769 1299 2826 utentes
1328 2765 1433 2840 punire
1454 2762 1561 2835 iactet,
1584 2777 1699 2823 necnon
1720 2760 1960 2822 communitatem

975 2863 1134 2920 nectentes
1165 2875 1217 2920 sen
1248 2859 1405 2938 pedagium
1434 2859 1610 2934 accipientes
1631 2859 1695 2918 sine
1735 2853 1876 2917 incudm
1905 2871 1960 2916 sno

973 2955 1102 3032 speciali.
1900 2957 1959 3023 211

577 3056 666 3140 [circa
713 3101 918 3120 .......
936 3089 975 3104 -
995 3059 1055 3121 Suo
1069 3061 1177 3121 vicario
1195 3059 1317 3120 mandat
1335 3065 1371 3119 ut
1389 3057 1507 3119 dllildet
1524 3059 1688 3120 lunuanses
1707 3056 1828 3117 rebelles
1845 3057 1960 3132 imperit

576 3151 664 3236 sept]
975 3160 1026 3233 qul
1045 3159 1161 3218 mentiti
1179 3163 1249 3218 snut
1267 3156 1356 3217 iidem
1374 3171 1465 3232 quam
1487 3155 1696 3232 promiserant,
1719 3159 1751 3215 et
1770 3155 1843 3229 ipsis
1861 3153 1961 3213 omnia

975 3251 1084 3312 11111111
1096 3267 1171 3328 quaa
1183 3253 1311 3329 potuerit
1322 3251 1440 3313 inierat.
1901 3257 1958 3309 211

578 3352 667 3437 [circa
712 3394 919 3418 .......
937 3389 976 3403 -
995 3357 1146 3418 Fidallbas
1159 3359 1220 3419 suls
1230 3359 1443 3436 mandatquod
1455 3375 1517 3419 non
1531 3357 1665 3420 deterant
1677 3357 1817 3419 victualia
1829 3356 1961 3417 lanaeu-

576 3449 665 3534 sept.]
975 3454 1057 3515 albus
1072 3453 1239 3515 lnddeltbns
1250 3457 1321 3516 suls.
1901 3461 1959 3512 218

558 3557 681 3618 octobri.
712 3557 748 3616 In
760 3555 913 3616 obsidione
938 3593 975 3605 -
994 3561 1043 3620 Ad
1060 3561 1301 3637 supplicationem
1319 3560 1484 3622 obbatissm
1496 3566 1528 3621 et
1539 3563 1702 3621 conventus
1715 3557 1753 3618 da
1765 3555 1960 3618 Niedernruu·

750 3652 876 3712 Brixiae.
976 3663 1036 3717 ster
1051 3657 1082 3716 ln
1096 3655 1220 3735 elisatio,
1231 3658 1280 3732 lus
1293 3663 1465 3732 patronatus
1478 3657 1616 3717 ecclesiae
1627 3657 1659 3715 in
1672 3653 1832 3715 Ottcurode
1848 3649 1959 3712 condr-

975 3759 1049 3831 mat‚
1062 3751 1143 3829 quod
1155 3753 1188 3812 tn
1209 3754 1378 3828 quaestione
1399 3769 1417 3813 u
1438 3752 1571 3812 Conrado
1592 3753 1625 3810 ln
1640 3751 1842 3810 Romanorum
1863 3762 1959 3825 1121111

976 3849 1067 3908 eleeto
1086 3849 1157 3924 lpsls
1175 3853 1256 3907 mota
1269 3863 1367 3908 coram
1383 3845 1533 3924 iudicibus
1549 3845 1587 3907 ab
1600 3845 1818 3922 archiepiscopo
1831 3841 1959 3918 Mogon-

975 3945 1037 4005 tino
1049 3944 1196 4020 dapuutts
1208 3945 1340 4004 evincere
1350 3951 1467 4004 mactae
1479 3941 1606 4004 iamt.
1901 3945 1958 3998 212

557 4046 680 4108 octobri.
737 4047 773 4106 ln
783 4047 888 4106 casule
936 4082 977 4098 -
995 4049 1042 4110 Ad
1064 4051 1300 4126 conquestionem
1317 4047 1500 4124 patriarchae
1518 4046 1725 4124 Aquilegansts
1746 4049 1848 4105 eonbu
1865 4059 1960 4122 quos-

717 4144 749 4202 ln
758 4141 910 4204 obsidione
975 4145 1044 4206 dam
1057 4144 1222 4205 infeudatos
1233 4147 1265 4204 ln
1277 4145 1419 4222 Forojnlti
1429 4151 1459 4205 et
1470 4145 1557 4205 leb-te
1569 4145 1739 4215 1111111111,
1752 4140 1961 4202 sanoeudnlitar

748 4238 875 4299 ltrixlae.
975 4239 1104 4299 declarat
1121 4253 1171 4298 eos
1188 4239 1291 4315 quide
1311 4240 1407 4300 causis
1424 4237 1463 4298 ad
1480 4253 1595 4298 merum
1611 4243 1641 4297 et
1657 4237 1787 4296 mixtum
1803 4233 1961 4310 imperinm

976 4335 1186 4412 pertinentibus
1199 4351 1231 4396 se
1249 4337 1422 4395 armature
1438 4335 1553 4411 propria
1575 4334 1770 4394 intromittere
1787 4344 1959 4407 praesump-

977 4433 1257 4505 serint‚rnausorum
1265 4427 1857 4507 dreadvoeadaetsudoprirandosesse.
1900 4433 1958 4486 210

559 4543 687 4604 octobri.
738 4540 774 4601 In
788 4543 893 4602 matris
938 4575 977 4587 -
996 4543 1133 4603 Formam
1146 4545 1227 4620 pacis
1240 4541 1316 4604 inter
1328 4541 1524 4620 patriarcham
1532 4540 1766 4620 Aqulleglensem
1779 4543 1809 4598 et
1823 4535 1961 4616 mdleos

718 4639 750 4698 in
760 4637 912 4698 obsidione
976 4643 1007 4699 ot
1032 4647 1234 4716 procuratores
1259 4641 1387 4701 civitatis
1411 4637 1675 4716 Justtnopolitanae
1705 4633 1801 4714 (Capo
1826 4627 1960 4708 d’lstrla)

751 4732 878 4796 Brixiae.
976 4741 1146 4812 1111111111,
1161 4737 1314 4816 privilegio
1326 4753 1382 4800 suo
1394 4737 1535 4799 insanam
1548 4731 1713 4802 oonllrmut.
1901 4733 1959 4788 212
