4468 6010
588 705 650 768 aaa
1088 707 1303 769 rrruuurcr
1326 705 1500 768 suorum
1812 701 1892 786 [mr.
1912 701 1996 763 rsro.

637 841 768 916 Eodem
781 840 838 914 dio
853 842 941 915 laete
959 851 1041 914 snut
1058 842 1187 915 similes
1207 853 1361 939 patentes
1379 851 1414 914 et
1429 841 1546 913 clause
1564 837 1610 910 ad
1628 835 1800 934 predictos
1821 838 1999 931 magistros

588 968 672 1040 siole
693 965 881 1038 Brundusii
907 987 970 1062 pro
991 965 1202 1061 Algaruohio
1231 965 1302 1040 lilio
1321 965 1484 1040 Iohannis
1508 961 1707 1056 Algarnehii
1727 961 1876 1051 limosi,
1901 961 1999 1033 Sixto

587 1089 743 1164 Iohanne
754 1088 955 1182 Algaruohii
968 1089 1013 1162 de
1026 1091 1173 1163 Tiniosis
1188 1100 1222 1164 et
1234 1091 1334 1164 Petro
1347 1091 1484 1162 Tinioso
1500 1087 1662 1161 Romanis
1674 1085 1720 1158 de
1731 1085 1828 1157 libris
1837 1085 1998 1157 Venetia·

588 1235 710 1286 norum
725 1234 921 1308 grossorum
933 1213 1051 1286 LXVll
1065 1223 1100 1286 et
1113 1213 1231 1287 solidis
1243 1215 1272 1286 ll
1282 1212 1322 1312 Ἀ
1335 1235 1398 1309 pro
1415 1211 1525 1286 unciis
1543 1211 1619 1283 auri
1632 1206 1863 1303 cclxvlws.
1875 1207 1998 1282 eodem

587 1337 733 1410 termino
751 1346 786 1408 et
800 1338 920 1410 torma.

502 1485 509 1504 ·
636 1461 766 1534 llodem
786 1460 844 1534 die
859 1462 948 1533 laete
962 1469 1044 1533 sunt
1060 1461 1189 1534 similes
1211 1470 1366 1557 patentes
1383 1467 1418 1532 et
1432 1459 1548 1531 clause
1568 1456 1615 1530 ad
1630 1447 1800 1552 predictos
1818 1455 1999 1548 magistros

586 1584 670 1658 siole
683 1584 870 1658 Brundusii
887 1605 950 1681 pro
968 1584 1070 1657 Petro
1087 1584 1196 1658 lurda
1211 1593 1254 1658 et
1266 1583 1441 1658 Gualterio
1460 1580 1505 1656 de
1525 1581 1647 1654 Cesaru
1663 1579 1825 1652 llomanis
1840 1578 1885 1652 de
1901 1579 1998 1651 libris

586 1709 853 1782 Venetiauorum
868 1709 994 1782 XXVII
1008 1707 1045 1796 *Α
1066 1729 1128 1804 pro
1148 1709 1260 1781 unciis
1279 1707 1355 1781 auri
1374 1706 1432 1779 CX
1448 1705 1570 1779 eodem
1595 1703 1741 1776 termino
1756 1712 1790 1774 et
1808 1703 1916 1774 torma
1934 1701 1997 1773 sol·

586 1831 723 1906 vendis.

789 2040 1386 2050 *a———n---fflm-m--a-

523 2409 528 2421 1
637 2299 859 2385 Mandatum
892 2300 942 2382 ad
972 2300 1165 2382 Andreem
1198 2302 1247 2384 de
1274 2301 1400 2384 Ginaia
1429 2311 1474 2384 ut
1507 2301 1681 2384 homines
1709 2301 1901 2410 Arqualss
1927 2301 1995 2409 qui

583 2441 751 2514 cestrum
788 2431 948 2514 Veozani
978 2431 1238 2515 fraudulenter
1264 2443 1545 2543 oocupaverunt
1573 2444 1612 2516 et
1638 2433 1858 2539 diruerunt,
1884 2431 1994 2516 bonis

582 2564 789 2648 mobilibus
808 2564 1029 2673 asportetis,
1046 2563 1150 2672 justa
1168 2566 1364 2648 severitate
1381 2568 1529 2675 puniat.

664 2757 793 2841 (licem.
808 2761 910 2840 imper.
925 2757 1045 2821 stodor.
1060 2761 1104 2834 11,
1120 2760 1174 2820 fol.
1189 2770 1227 2822 86
1244 2767 1340 2834 reot03
1355 2763 1388 2822 tn
1402 2762 1474 2822 edit.
1491 2761 1628 2838 Carnam,
1642 2779 1674 2840 p.
1691 2761 1775 2840 tlt.)

632 2931 680 3002 De
697 2931 867 3024 imperiali
881 2929 1036 3002 mandato
1055 2931 1144 3020 facto
1157 2953 1221 3024 per
1239 2933 1434 3026 magistrum
1456 2934 1593 3004 Petrum
1611 2929 1653 3002 de
1674 2933 1775 3003 vinea
1793 2953 1855 3025 per
1873 2953 1994 3002 mortua

583 3050 745 3126 Iohannis
763 3055 803 3124 de
820 3051 941 3126 Sancto
956 3051 1118 3124 (immone
1133 3055 1309 3146 factasunt
1326 3055 1430 3128 littere
1448 3057 1485 3127 in
1501 3057 1563 3128 ltnc
1576 3059 1711 3149 forma:

630 3175 846 3266 Fredericus,
860 3184 944 3265 ete,
960 3176 1100 3249 Andree
1114 3176 1159 3248 de
1173 3177 1285 3250 Cicala
1303 3179 1494 3274 capitaneo,
1508 3187 1574 3252 ete.
1595 3179 1788 3252 liobbertus
1800 3177 1845 3250 de
1859 3177 1994 3250 Sabuoo

583 3301 788 3372 castellanus
802 3298 955 3393 Arqnate
978 3298 1088 3372 fidelis
1111 3312 1227 3374 noster
1248 3324 1309 3396 per
1328 3324 1410 3375 suas
1433 3303 1533 3376 nobis
1554 3304 1689 3375 listerus
1709 3302 1883 3374 intimavit
1898 3299 1994 3395 quod

583 3443 663 3494 eum
680 3421 901 3494 demandato
917 3423 1054 3494 Henriei
1072 3423 1165 3517 regis
1183 3424 1343 3496 Turrium
1355 3435 1390 3497 et
1408 3423 1546 3498 Gallure
1562 3423 1624 3497 filii
1641 3423 1749 3497 nostri
1765 3433 1800 3496 et
1813 3433 1873 3496 tuo
1890 3423 1994 3494 vellet

583 3553 735 3616 castrum
751 3544 896 3617 Veezani
913 3546 1063 3640 recipere
1085 3546 1131 3620 ad
1155 3546 1320 3620 honorem
1341 3557 1376 3620 et
1400 3546 1600 3622 fidelitatem
1620 3555 1772 3622 nostram
1795 3544 1993 3618 eustodien-

583 3667 682 3756 dum,
699 3677 733 3739 et
747 3689 817 3740 una
835 3689 914 3740 cum
927 3667 1286 3764 hominibusrquuate
1300 3673 1404 3764 juxta
1419 3671 1620 3746 mandatum
1637 3671 1721 3745 dieti
1734 3670 1826 3764 ragis
1841 3678 1876 3743 et
1892 3677 1992 3741 tuum

582 3790 839 3884 expugnaverit
854 3799 1004 3863 oestrum
1018 3791 1133 3888 ipsum
1146 3815 1217 3886 quo
1231 3804 1345 3888 posset
1362 3794 1456 3868 idem
1472 3803 1621 3868 castrum
1634 3792 1861 3868 dominationi
1878 3800 1993 3864 nostre

581 3912 757 4004 subicere,
778 3914 889 4004 maior
906 3935 987 4008 pars
1005 3913 1187 3987 hominum
1201 3917 1303 3988 castri
1319 3917 1474 4010 ejusdem
1497 3919 1596 3991 nobis
1617 3915 1789 3990 fidelitatis
1798 3917 1993 4008 juramenta

582 4043 777 4130 prastarunt
801 4046 836 4109 et
857 4035 934 4108 aliis
956 4037 1165 4130 quibusdam
1188 4041 1448 4135 receptantibus
1473 4063 1513 4114 se
1535 4043 1571 4112 iu
1593 4041 1844 4113 munitionibus
1865 4037 1989 4130 castri,

581 4179 662 4229 oum
680 4159 864 4230 castellano
882 4158 1037 4253 predicto
1058 4171 1197 4255 paetum
1216 4164 1367 4237 inierunt
1381 4164 1427 4237 de
1443 4162 1622 4237 reddendo
1635 4163 1701 4237 sibi
1715 4173 1829 4236 castro
1844 4159 1891 4235 ad
1903 4179 1992 4254 opus

540 4333 543 4340 .
582 4266 736 4354 nostrum
748 4281 777 4354 si
789 4281 878 4352 intra
890 4303 1043 4355 mensem
1054 4305 1125 4356 nou
1140 4295 1280 4381 possent
1291 4287 1420 4361 habere
1429 4310 1643 4360 succursum.
1655 4287 1812 4381 Cumque
1822 4283 1991 4379 eompleto

580 4405 727 4475 termino
744 4403 950 4476 castellanus
966 4406 1071 4478 vellet
1085 4406 1130 4480 ad
1143 4409 1378 4504 recipiendum
1392 4421 1542 4484 castrum
1558 4411 1736 4500 aoeedsre,
1753 4408 1910 4482 homines
1926 4404 1991 4478 An-

577 4536 682 4621 quats
700 4526 936 4600 fraudulenter
954 4543 1210 4625 occupaverunt
1230 4543 1380 4606 castrum
1393 4535 1506 4630 ipsum
1524 4545 1637 4630 preter
1652 4533 1896 4608 conscientiam
1914 4551 1991 4603 oas-

577 4653 692 4724 tellani
720 4659 755 4723 et
778 4649 865 4726 illud
892 4653 1049 4728 funditus
1074 4655 1267 4747 diruentes,
1289 4659 1381 4732 bona
1394 4660 1545 4734 *mobilia
1567 4660 1649 4732 illuc
1674 4660 1816 4730 inventa
1840 4653 1990 4729 valentia

577 4775 698 4848 uncias
711 4774 787 4846 auri
805 4784 944 4850 eentum
962 4780 1119 4874 nequiter
1134 4790 1363 4876 asportarunt.
1379 4783 1468 4870 Quia
1486 4784 1593 4876 igitur
1610 4804 1776 4856 excessus
1792 4776 1989 4874 hujusmodi
