4384 6004
208 700 309 760 lonver.
326 696 391 772 14]
664 690 861 752 HISTORIA
886 686 1178 750 blrbollullcs.
1546 681 1624 742 1043

208 831 291 927 quie
306 829 454 904 celemus
471 849 578 923 quam
590 827 739 900 credatis
757 826 997 922 expectatione
1014 822 1134 897 celeris
1151 821 1322 894 adventus
1333 819 1442 892 nostri
1452 817 1624 910 jocundos

209 953 365 1052 plenarie
380 973 448 1026 vos
463 950 663 1024 reddemus.

210 1203 322 1276 tione.

426 1385 692 1397 ——--.-·----....·
696 1387 730 1394 .....
738 1383 1044 1394 ...-..—...--—--..—-
1050 1379 1410 1390 ...φη--ι--ι--ι

266 1631 501 1738 Friderious,
527 1631 789 1715 Romanorum
814 1631 1033 1740 imperator,
1055 1657 1124 1739 pro
1152 1631 1271 1740 gratis
1300 1640 1337 1712 et
1361 1629 1522 1738 acceptis
1541 1655 1627 1712 ser-

212 1762 314 1844 vitiis
343 1763 638 1846 viterbiensium
675 1763 846 1844 fidelium
883 1789 1060 1870 suorum,
1085 1761 1321 1871 imperialem
1357 1762 1486 1845 aulam
1523 1761 1627 1871 apud

213 1894 426 1978 Viterbium
453 1895 535 1978 fieri
562 1895 724 1978 mandat
748 1905 786 1978 et
814 1893 955 1978 ibidem
984 1893 1158 2003 publicae
1179 1895 1360 2004 pecuniae
1387 1894 1519 1977 siclam
1547 1922 1625 1978 ou-

212 2027 381 2110 dendum
399 2053 481 2110 esse
496 2027 617 2136 jubet.

296 2239 399 2319 (ΕΜ.
415 2242 520 2320 Bussr,
535 2241 641 2304 latoria
654 2237 687 2302 di
705 2237 828 2316 Vitcrbo,
843 2259 875 2319 p.
890 2243 972 2318 ⁴05.)

260 2425 473 2516 blidericus,
492 2427 554 2501 Dei
571 2428 680 2522 gratia
702 2429 933 2502 Romanorum
952 2428 1134 2522 imperator
1152 2405 1286 2522 semper
1307 2437 1493 2522 augustus,
1520 2431 1626 2502 Jeru-

212 2549 320 2621 salem
333 2557 367 2621 et
383 2549 498 2623 Sicilie
515 2571 592 2640 rex,
610 2550 783 2645 potestati,
805 2550 959 2642 consilio,
981 2559 1014 2620 et
1031 2551 1205 2621 communi
1221 2551 1363 2621 Viterbii
1378 2549 1540 2622 fidelibus
1554 2554 1626 2626 suis

212 2674 358 2766 gratiam
373 2693 472 2744 suam
489 2682 522 2746 et
536 2674 825 2746 benevolentiam.
840 2674 1007 2746 Memores
1023 2672 1191 2746 immense
1210 2671 1292 2745 fidei
1310 2684 1422 2745 vestre
1438 2675 1483 2746 ad
1499 2677 1625 2767 majes-

213 2805 317 2869 tatem
343 2805 553 2870 nostramet
579 2797 763 2892 imperium
791 2796 1032 2869 inviolabiliter
1051 2796 1250 2887 observate,
1276 2797 1486 2890 servitiaque
1513 2812 1628 2872 vestra

213 2919 450 3014 multipliciter.
469 2919 568 2993 uobis
580 2919 733 2993 exhibita
752 2941 816 3018 pre
831 2920 940 2994 oculis
957 2929 1187 3014 apponentes,
1206 2920 1317 2991 altiori
1339 2929 1455 2993 mente
1473 2923 1628 2995 revolvi-

213 3064 290 3114 mus
316 3043 465 3136 qualiter
484 3051 610 3116 statum
634 3043 785 3116 civitatis
813 3053 847 3116 et
868 3051 1023 3116 vestrum
1050 3065 1230 3138 possemus
1250 3043 1439 3117 bonoribus
1459 3055 1494 3116 et
1517 3045 1626 3118 bene·

213 3163 302 3237 liciis
319 3167 496 3261 ampliare.
518 3167 573 3239 Ad
591 3167 629 3242 id
647 3167 753 3259 igitur
770 3177 862 3241 recta
881 3166 1082 3240 deliberatio
1099 3189 1163 3241 nos
1179 3168 1411 3242 favorabiliter
1426 3169 1622 3262 inclinavit,

213 3295 253 3358 ut
270 3289 419 3362 eandem
436 3291 537 3364 nobis
553 3289 809 3365 devotissimam
822 3292 1017 3384 civitatem,
1037 3281 1410 3387 caputquodammodo
1428 3293 1578 3386 regionis
1593 3301 1627 3366 et

213 3411 392 3506 provincie
410 3413 586 3507 iacientes,
603 3413 815 3510 imperialem
828 3416 943 3488 aulam
958 3415 995 3487 in
1016 3435 1058 3488 ea
1074 3413 1148 3486 lieri
1161 3415 1421 3508 mandavimus,
1442 3417 1479 3488 in
1495 3439 1565 3511 qna
1582 3417 1628 3490 sit

213 3533 384 3608 habitatio
399 3546 517 3611 nostra
535 3539 711 3632 continua,
730 3547 764 3612 et
776 3539 907 3612 bridam
920 3539 965 3610 ad
980 3539 1222 3612 exaltationem
1236 3548 1385 3611 vestram
1400 3539 1520 3612 sedem
1536 3561 1628 3614 cesa·

214 3681 308 3734 ream
330 3671 536 3746 statuentes,
553 3685 623 3756 que
644 3663 740 3757 pacis
759 3673 793 3736 et
812 3663 901 3755 juris
917 3673 997 3734 sunt
1012 3664 1212 3735 auctoritate
1229 3685 1366 3736 cesarea
1387 3663 1624 3759 disponamus.

214 3786 382 3859 Videmus
404 3785 508 3859 etiam
533 3785 579 3860 ad
602 3785 890 3880 magnificandam
910 3785 1032 3859 urbem
1053 3787 1194 3859 Viterbii
1215 3785 1361 3880 provide
1382 3787 1629 3862 deliberatione

215 3919 426 4004 competere,
446 3920 485 3980 ut
501 3911 536 3981 in
555 3931 595 3984 ea
613 3931 676 4006 pro
699 3911 800 3983 vobis
820 3919 854 3982 et
872 3910 1017 4004 imperio
1040 3909 1179 4004 publice
1192 3910 1336 4004 pecunie
1360 3909 1444 3982 siola
1460 3912 1624 4002 cudatur,

213 4054 283 4124 que
300 4033 463 4126 imaginis
477 4042 592 4106 nostre
607 4033 857 4128 subscriptione
870 4033 1079 4127 prefulgeat,
1098 4041 1131 4104 et
1148 4033 1195 4104 ad
1209 4031 1373 4106 honorem
1389 4035 1495 4106 nostri
1514 4035 1628 4105 nomi·

214 4155 269 4226 nis
283 4156 415 4250 ubique
433 4163 494 4251 per
511 4157 687 4251 regionem
709 4156 834 4248 effusa,
851 4149 897 4228 ad
915 4178 1115 4228 communes
1133 4179 1304 4251 expensas
1323 4157 1476 4230 omnium
1493 4179 1626 4253 expen-

213 4277 333 4368 datnr3
359 4281 406 4353 ita
425 4281 521 4375 quod
542 4279 706 4353 denarius
726 4301 834 4376 parve
857 4290 993 4352 monete
1017 4301 1079 4376 pro
1101 4287 1207 4374 parvo
1231 4279 1392 4371 Senensi,
1414 4287 1448 4352 et
1463 4279 1627 4354 denarius

212 4421 355 4491 grossus
375 4424 440 4498 pro
464 4401 826 4501 duodecimdenariis
853 4403 970 4500 parvis
996 4403 1102 4498 recipi
1132 4402 1282 4478 debeant
1307 4413 1341 4475 et
1362 4403 1528 4498 expendi.
1558 4407 1628 4478 Ista

214 4525 317 4597 etiam
331 4537 498 4622 perpetuo
515 4527 663 4600 valitura
681 4529 876 4619 sancimus,
898 4539 933 4599 et
951 4528 1118 4622 imperiali
1133 4528 1340 4601 mandamus
1356 4527 1469 4601 edicto
1486 4526 1629 4601 firmiter

215 4657 249 4720 et
275 4649 522 4723 inviolabiliter
541 4652 734 4743 observari;
759 4649 915 4725 fidelitati
937 4661 1050 4724 vestre
1072 4651 1295 4747 precipiendo
1315 4651 1519 4725 mandantes
1540 4673 1628 4746 qua-

215 4781 336 4864 tenns,
354 4773 444 4845 siout
467 4795 531 4869 per
546 4796 611 4847 nos
630 4773 857 4848 deliberatum
880 4776 992 4849 extitit
1008 4783 1043 4849 et
1063 4776 1258 4870 provisum,
1280 4784 1314 4848 et
1329 4796 1391 4872 per
1413 4797 1478 4849 vos
1497 4775 1629 4847 unani-

258 1078 387 1152 Datum
404 1077 440 1148 in
459 1075 582 1148 eastris
594 1075 630 1146 in
653 1073 833 1147 obsidione
850 1073 1039 1164 Favenoie,
1059 1070 1152 1144 XXV
1167 1065 1389 1165 septembris,
1407 1065 1499 1136 Xllll
1513 1063 1641 1137 indic·¹

1668 1662 1821 1759 inlbb’b'dttrae

1677 1767 1811 1821 Ferendus,

1679 1822 1808 1876 septembrl.
