4374 6010
235 746 344 810 horor.
364 745 426 831 la]
693 745 892 808 HISTORIA
917 741 1210 829 upanout'llclt.

297 1251 467 1338 Litterae
500 1250 739 1363 responsales
775 1251 825 1335 ad
861 1249 1088 1334 lliccardum
1119 1249 1169 1333 de
1198 1248 1358 1334 Pulcaro
1393 1248 1442 1332 de
1474 1246 1666 1330 frumento
1723 1260 1844 1370 effi·

239 1385 440 1470 mittendo
461 1386 502 1468 in
518 1389 661 1468 terrem
685 1383 876 1468 Lunesani
898 1408 968 1493 pro
987 1381 1200 1466 munitione
1221 1391 1434 1466 castrorum
1458 1379 1575 1491 hujus
1601 1405 1669 1464 re·

242 1519 401 1628 gionis,
420 1520 470 1602 de
486 1519 635 1604 delectu
653 1517 767 1629 picis,
787 1518 836 1603 de
852 1516 961 1628 equis
979 1525 1017 1599 et
1034 1515 1150 1599 mulis
1172 1514 1240 1626 qui
1260 1513 1410 1626 Capuae
1428 1521 1531 1598 sunt.

335 1719 464 1802 (ltepoet.
478 1720 583 1800 ἂψ.
594 1717 714 1781 stada.
727 1719 771 1795 11,
786 1719 839 1780 tol.
855 1727 892 1780 95
905 1735 1007 1800 remo3
1023 1721 1054 1780 ln
1066 1718 1138 1782 edit.
1153 1715 1291 1797 Cascam,
1305 1733 1337 1794 p.
1354 1725 1411 1778 aaa
1425 1720 1455 1778 et
1467 1713 1551 1796 ato.)

295 1871 412 1940 Item:

295 1991 521 2080 Fredaricns,
540 2001 624 2083 etc,
638 1993 681 2066 ll.
700 1989 746 2066 de
763 1991 921 2082 Pulcaro,
941 1997 1008 2062 etc.
1024 1987 1211 2064 Fidelitatis
1227 1997 1286 2062 tue
1297 1989 1427 2065 litteras
1439 1990 1591 2086 benigne
1608 2013 1670 2066 re-
1810 1999 1816 2009 '

244 2116 414 2212 cepimus
431 2125 468 2188 et
483 2137 554 2210 qua
570 2115 789 2190 eontinentur
807 2115 844 2187 in
862 2113 914 2188 eis
929 2113 1163 2186 intelleximus
1178 2113 1376 2210 diligenter,
1396 2123 1495 2188 tuum
1514 2114 1670 2190 studium

246 2237 538 2314 commendantes
556 2239 656 2334 quia,
676 2238 767 2312 sicut
783 2237 963 2334 scripsisti,
989 2237 1201 2310 trumentum
1217 2236 1430 2310 mictendnm
1444 2238 1481 2310 in
1497 2246 1588 2312 terra
1601 2239 1670 2312 La·

246 2363 381 2438 uesani
402 2363 505 2456 juxta
536 2363 740 2438 mandatnm
764 2371 921 2436 nostrum
952 2383 1016 2457 pro
1047 2360 1239 2436 munitione
1260 2369 1449 2436 castrorum
1475 2371 1671 2438 nostrorum

247 2509 326 2582 que
341 2487 381 2559 in
398 2496 552 2560 contrata
571 2486 629 2560 illa
648 2487 684 2560 in
703 2487 866 2560 manibus
881 2487 1006 2558 nostris
1024 2493 1194 2576 tenemus,
1212 2494 1372 2580 paratum
1389 2485 1498 2560 habes
1515 2495 1550 2560 et
1567 2507 1673 2583 super

243 2612 328 2707 ipso
348 2611 524 2684 frumento
544 2610 659 2684 viram
686 2608 824 2684 lldelem
850 2618 886 2684 et
909 2609 1074 2682 idoneum
1095 2609 1257 2682 statuisti.
1278 2610 1405 2682 Verum
1426 2609 1510 2703 qnia
1527 2631 1589 2704 per
1607 2631 1674 2684 nos

245 2734 384 2808 instrui
401 2734 581 2829 postulasti
605 2743 691 2830 quot
716 2743 751 2808 et
776 2755 846 2828 que
868 2743 979 2807 castra
1002 2743 1120 2808 noatm
1143 2733 1272 2806 muniri
1295 2733 1445 2808 debeant
1472 2735 1510 2806 in
1531 2734 1673 2828 regione

245 2857 310 2932 illa
329 2866 367 2932 et
385 2865 470 2951 quot
481 2857 670 2932 servientes
689 2857 759 2932 sint
778 2857 826 2931 ad
846 2857 1124 2953 uuiuscujusque
1147 2857 1340 2932 custodiam
1361 2856 1535 2954 deputati,
1559 2857 1671 2932 fideli·

246 2981 312 3054 tati
332 2989 396 3054 tue
416 2980 529 3054 taliter
545 2981 796 3078 respondemus
822 2980 917 3076 quod
940 3003 1019 3054 cnm
1039 2981 1084 3055 de
1102 2981 1169 3055 hoc
1187 3003 1253 3072 nos
1275 2981 1380 3054 etiam
1402 2981 1509 3053 simus
1529 2979 1670 3072 incerti,

246 3113 283 3177 ta
304 3103 395 3178 inde
414 3104 583 3180 iustruere
596 3106 816 3202 presentibus
836 3127 908 3180 non
926 3107 1101 3196 volemum
1131 3105 1194 3180 sed
1215 3107 1327 3202 placet
1352 3104 1452 3180 nobis
1474 3113 1513 3178 ut
1530 3104 1672 3178 nunnus

244 3235 337 3298 tuus
354 3247 461 3321 quem
479 3227 599 3301 mictes
616 3250 721 3324 super
741 3231 914 3302 frumento
930 3229 1007 3326 ipso
1023 3229 1177 3325 requirat
1199 3229 1281 3303 inde
1305 3231 1346 3302 ll.
1364 3227 1409 3302 de
1429 3229 1557 3302 Guasto
1578 3227 1673 3324 capi-

246 3357 399 3420 taneum
421 3350 592 3424 Lnneaaui
613 3348 751 3426 fidelem
771 3359 929 3425 nostrum
950 3361 985 3426 et
1005 3351 1051 3425 ab
1070 3351 1147 3447 ipso
1165 3353 1311 3448 accipiet
1334 3372 1403 3447 que
1424 3362 1534 3426 castra
1556 3361 1674 3425 nostra

248 3473 387 3546 muniri
418 3473 568 3548 debeant
595 3485 631 3551 et
662 3499 846 3550 numerum
877 3477 1102 3551 servientium
1132 3479 1195 3572 qui
1226 3477 1272 3550 ad
1300 3478 1455 3574 ipsorum
1483 3485 1673 3551 castrorum

249 3595 451 3670 custodiam
473 3607 556 3670 aunt
576 3599 705 3672 statuti.
728 3601 778 3674 De
803 3599 880 3694 pice
905 3623 1010 3695 quam
1039 3599 1128 3674 dicis
1155 3621 1225 3674 non
1249 3622 1326 3674 esse
1350 3601 1386 3672 in
1414 3600 1612 3697 Principatn
1639 3609 1674 3674 et

249 3719 363 3793 Terra
382 3719 540 3826 laboris,
561 3743 625 3816 pro
647 3722 748 3814 cnjus
774 3721 910 3796 delectu
932 3723 1053 3797 scribis
1076 3723 1266 3819 dampnum
1284 3724 1417 3798 curiam
1439 3733 1591 3799 nostram
1618 3723 1672 3798 in·

250 3864 410 3936 currere,
426 3845 537 3940 plamt
553 3845 653 3921 nobis
665 3855 704 3920 ut
720 3847 756 3918 in
775 3846 928 3922 adventu
942 3857 1003 3922 tuo
1020 3823 1068 3922 all
1078 3870 1141 3922 nos
1157 3849 1218 3944 qui
1235 3849 1339 3924 debet
1354 3849 1670 3946 compropinquus,

249 3965 323 4039 hoc
339 3965 605 4042 admemoriam
621 3979 774 4044 nostram
796 3970 957 4065 reducas,
979 3993 1206 4068 expressurus
1225 3971 1325 4046 nobis
1342 3971 1568 4068 quantitatem
1584 3973 1673 4067 picis

253 4113 328 4185 qne
347 4092 451 4164 luerit
470 4103 657 4188 oportuna,
686 4103 721 4168 et
744 4103 828 4170 tnnc
854 4095 937 4170 inda
963 4097 1205 4172 mandabimus
1228 4096 1324 4192 qnod
1349 4097 1475 4171 malins
1496 4096 1673 4170 videbitur

253 4212 438 4308 expedire.
459 4217 510 4288 De
530 4218 629 4310 equis
647 4227 682 4292 et
698 4219 803 4293 mulis
820 4221 976 4296 XXXllll
994 4221 1083 4294 inter
1099 4243 1221 4296 omnes
1241 4243 1329 4317 quos
1350 4220 1515 4316 scripsisti
1533 4218 1635 4316 toro(
1657 4221 1672 4316 )

253 4335 388 4432 Capua,
403 4357 552 4432 quorum
565 4338 708 4434 quidam
726 4343 866 4416 luerunt
883 4344 1038 4438 magistri
1055 4343 1233 4438 qnondam
1250 4344 1415 4419 Iohannis
1429 4343 1475 4416 de
1490 4343 1671 4416 Laurentio

253 4466 292 4530 et
323 4457 468 4552 qnidam
494 4461 647 4560 episcopi
671 4465 971 4561 Capudaquensis,
1001 4467 1208 4542 mandamus
1240 4467 1395 4543 fidelitati
1425 4475 1485 4540 tue
1512 4474 1551 4537 nt
1578 4466 1672 4561 ipsos

255 4599 380 4654 omnes
396 4583 501 4658 iacias
517 4585 564 4660 ad
579 4587 711 4660 cunam
725 4601 879 4664 nostram
893 4589 975 4664 duci
994 4599 1030 4664 et
1047 4599 1164 4666 nostre
1177 4591 1381 4666 excellentie
1396 4589 1601 4686 presentari.

306 4705 433 4779 Datum
448 4699 670 4800 Lucerie,'lll
684 4713 826 4808 aprelis,
845 4715 923 4788 Xlll
937 4703 1149 4790 indictionis.

184 4853 187 4860 '
301 4851 346 4932 (a)
366 4853 430 4937 Slc;
445 4859 643 4923 vennmtur
655 4861 900 4946 legendnmsorc.
