4358 5996
228 643 325 701 lnnrcr.
348 635 405 719 lb]
672 630 871 692 HISTORIA
897 629 1188 692 lilPLOldll'l'lCli.
1562 624 1634 684 1021

276 775 398 848 Postea
413 791 459 842 ne
473 766 638 842 Friderici
653 766 756 838 minis
770 765 913 861 praelati
927 765 1148 837 ecclesiarum
1159 761 1332 850 cederent,
1349 759 1452 855 paulo
1466 766 1542 852 post
1554 757 1640 829 alias

228 900 358 970 litteras
380 893 428 968 ad
450 889 720 966 confirmandam
738 910 857 962 eorum
880 887 1104 962 constantiam
1124 885 1220 958 dedit
1238 883 1440 976 Gregorius,
1461 880 1659 972 laterani,

229 1021 349 1095 idibus
364 1016 532 1106 octobris,
548 1035 640 1088 anno
650 1014 727 1087 XIV
741 1011 832 1109 (idid.
852 1013 889 1107 §5
907 1013 1005 1103 LVll,
1021 1033 1042 1083 e
1059 1018 1183 1102 regest.
1200 1008 1261 1079 lib.
1281 1007 1370 1098 XIV,
1386 1013 1424 1077 n⁰
1440 1001 1539 1101 ato).

431 1325 581 1336 ..ι-υ·-
588 1325 605 1332 a·
609 1324 664 1332 —u—
668 1319 1099 1332 -oe-o--n--n—-e--n—n—--rae-
1103 1311 1426 1326 -un——at-th--u—-fl

284 1592 490 1701 Gregorius
507 1618 607 1702 pape
625 1591 756 1674 scribit
767 1589 1070 1676 Bononiensibus
1084 1599 1127 1672 ut
1139 1589 1318 1671 inducere
1331 1575 1640 1672 debeantduoem
1702 1586 1811 1682 illidi?

230 1733 267 1806 et
284 1725 472 1834 populum
497 1725 683 1807 Venetum
711 1725 761 1806 od
789 1723 1087 1807 succurrendum
1113 1722 1190 1804 illis
1215 1723 1263 1804 de
1284 1721 1450 1805 Marchia
1469 1722 1641 1805 Anconi-

229 1863 337 1964 tano,
351 1858 563 1967 regratians
574 1858 653 1940 Deo
667 1859 771 1966 quod
789 1883 928 1939 nomen
945 1857 1132 1939 dictorum
1149 1853 1446 1938 Bononiensium
1465 1855 1514 1936 ad
1532 1855 1642 1936 errol-

229 1990 414 2074 tatr'onem
428 1990 617 2074 Ecclesiae
632 2001 670 2072 et
683 1989 944 2074 confusionem
961 1989 1161 2072 rebellium
1178 1999 1260 2070 tom
1278 1986 1436 2069 mirifioe
1453 1987 1637 2071 dilatavit.

313 2203 414 2282 (Edld.
428 2205 525 2266 Fuso.
540 2206 646 2283 Eunu,
658 2200 775 2265 collect.
785 2220 914 2263 monum
925 2208 978 2264 oct.
995 2207 1024 2262 ct
1036 2207 1157 2280 recent,
1171 2207 1195 2260 t.
1207 2203 1233 2274 l,
1247 2200 1323 2262 boll.
1338 2199 1458 2277 pontit,
1473 2215 1505 2276 p.
1520 2207 1641 2272 tto-tt,

354 2308 512 2384 mxvii.)
1465 2302 1469 2310 '

280 2493 468 2586 Gregorius
486 2493 810 2588 episcopusservus
828 2512 1007 2564 sorvorum
1025 2490 1106 2578 Dei,
1124 2488 1259 2561 dilectis
1274 2488 1352 2560 liliis
1369 2490 1542 2582 potestati,
1563 2511 1644 2561 con-

233 2618 310 2690 silio
324 2626 360 2690 et
373 2618 550 2690 communi
566 2617 773 2691 Bononiensi
787 2617 980 2690 salutemet
994 2614 1215 2710 apostolicam
1231 2611 1520 2684 benedictionem.
1538 2613 1645 2684 Exul-

233 2749 347 2812 tumus
361 2761 424 2835 pro
437 2740 538 2812 vobis
549 2741 586 2812 in
599 2740 744 2813 Domino
756 2749 791 2813 ot
803 2741 835 2812 ei
846 2739 1035 2832 gratiarum
1047 2736 1262 2809 exsolvimus
1274 2735 1425 2807 actiones
1436 2734 1533 2829 quod
1545 2735 1645 2807 vobis

234 2882 297 2956 per
314 2862 584 2936 miscricordiam
607 2885 707 2936 suam
732 2863 873 2935 feliciter
890 2861 995 2934 astitit
1016 2869 1051 2932 et
1073 2881 1211 2953 gressus
1225 2866 1358 2932 vestros
1376 2877 1539 2951 prospere
1559 2855 1645 2928 diri·

234 3005 320 3079 gens
334 2985 372 3056 iu
388 2987 551 3078 salutem,
571 2984 617 3058 ad
633 2986 688 3056 sui
703 2986 847 3078 gloriam
870 2983 1038 3074 nominis,
1057 2982 1297 3055 exaltationem
1309 2979 1460 3052 Ecclesie
1472 2988 1508 3051 ct
1522 2981 1644 3053 mniu-

234 3107 366 3182 sionem
381 3108 561 3182 rebellium
583 3129 709 3186 nomen
732 3118 885 3180 vestrum
908 3105 1053 3178 mirifice
1069 3104 1237 3178 dilatavit.
1258 3101 1544 3176 Commendamus
1563 3125 1644 3199 pro·

236 3240 329 3306 tcrca
352 3219 529 3323 diligentie
546 3242 661 3305 vestre
682 3231 834 3304 studium
859 3230 955 3325 quod
976 3239 1011 3303 et
1031 3229 1175 3303 edoctus
1192 3229 1267 3323 ipso
1288 3226 1521 3315 commendat,
1535 3249 1645 3320 quum

237 3377 284 3428 ex
301 3376 344 3428 eo
372 3356 504 3428 fructus
526 3355 724 3450 provenerit
745 3364 948 3448 exoptatos,
976 3375 1038 3448 pro
1055 3375 1126 3448 quo
1148 3374 1218 3426 nou
1244 3350 1408 3424 evitando
1429 3349 1647 3424 difficultates

236 3478 435 3550 innumerus
450 3479 630 3572 multoque
643 3476 843 3550 discrimina
861 3486 896 3549 et
911 3477 1082 3578 pericula,
1100 3474 1271 3548 indefesse
1286 3497 1329 3547 uc
1346 3474 1528 3546 efficaciter
1550 3473 1646 3547 labo-

237 3602 355 3693 rastis,
381 3610 627 3696 prosequentes
652 3611 722 3672 tarn
748 3621 930 3672 commune
948 3621 1054 3694 quarn
1070 3599 1245 3694 proprium
1264 3599 1441 3670 interesse.
1465 3598 1517 3668 Sit
1538 3597 1647 3670 bene-
1708 3667 1711 3674 .

238 3725 351 3798 dictos
366 3725 457 3796 Deus
468 3724 529 3817 qni
547 3744 617 3796 non
630 3723 760 3796 amovit
772 3722 1034 3817 temptacionem
1053 3733 1203 3795 nostram
1219 3731 1255 3793 et
1269 3719 1535 3793 misericordiam
1547 3742 1647 3792 suam

237 3848 377 3920 anobis
390 3857 425 3920 et
437 3867 599 3942 sponsam
613 3868 713 3920 suom
728 3846 914 3918 Ecclesiam
928 3847 1004 3936 ejus
1018 3843 1190 3917 desiderio
1201 3865 1271 3916 non
1289 3841 1472 3914 fraudavit.
1490 3843 1647 3916 Ceterum

237 3971 316 4044 licet
338 3970 454 4044 dilecti
475 3969 536 4042 filii
540 4023 614 4042 .....
638 3971 715 4043 dux
736 3979 770 4043 et
791 3971 939 4066 populus
964 3971 1171 4041 Venetorum
1193 3967 1303 4060 magis
1326 3968 1393 4039 sint
1414 3966 1589 4039 laboribus
1612 3979 1648 4040 ot

238 4093 436 4190 sumptibus
457 4094 608 4186 fatigati,
625 4092 842 4167 considerato
859 4103 973 4166 tumen
987 4101 1090 4187 prout
1106 4091 1268 4162 convenit
1280 4089 1462 4184 diligenter
1479 4101 1646 4183 quantum

239 4219 394 4290 utilitatis
408 4215 577 4288 fructibus
594 4226 707 4288 vestre
731 4215 923 4288 devotionis
944 4223 1116 4288 accrescat
1133 4213 1163 4285 si
1179 4213 1329 4285 Marchia
1347 4213 1560 4285 Anconitana
1577 4233 1647 4306 que

238 4361 259 4412 a
277 4338 463 4412 devotione
476 4338 586 4433 ipsius
597 4339 749 4412 Ecclesia
764 4339 800 4410 in
816 4337 1042 4411 devocionem
1057 4335 1228 4410 Frederici
1242 4343 1439 4423 recesserat,
1455 4335 1560 4406 flaute
1577 4335 1646 4407 leni
1780 4317 1785 4332 ¹

238 4471 341 4551 aura,
357 4465 430 4555 jam
444 4463 569 4534 revorti
587 4461 634 4535 ad
656 4463 733 4554 ojus
757 4460 928 4554 gremium
946 4460 1036 4532 sicut
1050 4460 1244 4554 accepimus
1265 4458 1310 4530 sit
1321 4468 1454 4548 parata,
1478 4459 1649 4532 universi·

240 4595 345 4660 tatem
372 4594 520 4658 vestram
547 4605 730 4678 rogamus,
757 4603 937 4656 monemus
966 4591 1001 4655 et
1023 4582 1198 4655 hortamur
1222 4589 1350 4654 attente
1377 4603 1439 4674 per
1464 4581 1647 4676 apostolica

239 4709 341 4782 vobis
353 4708 481 4802 scriptu
494 4708 697 4811 mandantes
712 4715 883 4802 quatenus
894 4707 1063 4802 prelatum
1080 4706 1204 4781 ducem
1216 4706 1264 4780 ad
1275 4706 1549 4779 succurrendum
1565 4705 1648 4780 lido-

318 4831 358 4894 V.
379 4845 469 4890 arna
1431 4837 1488 4890 1²9
