4374 6010
513 661 575 736 888
1009 665 1223 732 lltloffltlct
1246 669 1419 734 secono!
1734 669 1819 750 [Aur.
1836 671 1931 737 tato:

523 879 525 884 ¹
562 801 610 870 Dc
625 799 782 873 mundato
797 799 964 896 imperiali
975 805 1063 894 sacto
1072 827 1136 898 per
1147 805 1296 899 judicor
1312 809 1451 880 Petrum
1470 803 1511 878 de
1528 807 1630 879 Viaco
1643 805 1775 902 scripsit
1785 809 1927 884 lacobus

513 922 553 994 dc
566 925 718 996 Bactra:
740 927 746 938 '

561 1047 775 1135 Fredericus,
796 1055 879 1139 etc,
889 1046 999 1140 judici
1015 1049 1141 1124 Iacobo
1156 1051 1202 1126 de
1214 1052 1347 1126 Sanctis
1362 1052 1572 1127 recollectori
1588 1053 1736 1148 pecunie
1754 1054 1790 1126 in
1810 1054 1924 1128 Sicilia

512 1170 598 1244 citra
613 1170 744 1242 llumen
758 1170 911 1260 Salsum,
929 1181 997 1244 etc.
1019 1173 1227 1250 Mandamus
1240 1186 1275 1250 et
1290 1176 1501 1272 precipimus
1515 1175 1671 1250 fidelitati
1685 1185 1745 1250 tue
1761 1179 1926 1272 quatinus

510 1293 658 1366 Iohanni
680 1293 835 1366 Vulcano
857 1293 927 1366 civi
948 1295 1173 1390 Neapolitano
1191 1299 1359 1393 provisori
1386 1308 1577 1372 casuorum
1600 1299 1753 1395 ipsarum
1777 1303 1923 1396 partium

510 1414 606 1489 fidoli
622 1397 736 1489 nostro
755 1437 818 1511 pro
833 1438 888 1508 se,
908 1417 1018 1490 tribus
1036 1421 1193 1494 scuteriis
1211 1430 1246 1494 et
1266 1430 1416 1516 quatuor
1436 1422 1537 1516 equis
1552 1443 1725 1518 expensas
1740 1423 1825 1498 dare
1842 1447 1922 1521 pro·

510 1561 609 1614 cures
621 1542 723 1633 juxta
737 1539 881 1612 assisam
897 1541 994 1614 curie
1009 1552 1124 1616 nostre
1134 1543 1275 1640 quando
1290 1545 1395 1617 luerit
1411 1544 1448 1616 in
1463 1545 1606 1618 servitio
1621 1546 1838 1642 supradicto,
1856 1547 1924 1646 hys

510 1662 674 1738 videlicet
686 1671 819 1736 tantum
836 1663 961 1738 diebus
974 1667 1103 1761 quibus
1117 1668 1221 1760 juxta
1241 1667 1444 1742 mandatum
1464 1677 1619 1743 nostrum
1635 1672 1831 1746 exercuerit
1847 1673 1923 1746 offi-

510 1787 605 1878 ciom'
618 1785 845 1860 antedictum.

557 1913 683 1984 Datum
698 1911 858 2005 viterbii,
874 1913 936 1986 XV
950 1914 1083 2005 martii,
1099 1915 1176 1988 Xlll
1194 1915 1405 1990 indictionis.

560 2477 784 2565 Mandatum
816 2477 866 2563 ad
898 2477 1084 2562 Criscium
1117 2479 1394 2564 Amalfitanum
1425 2480 1474 2564 de
1512 2479 1769 2592 quadraginta
1800 2479 1921 2562 unciis

509 2610 701 2696 Guolterio
718 2613 769 2734 de
786 2612 887 2696 Ocra
908 2611 1106 2721 capellano
1125 2623 1163 2696 et
1193 2613 1341 2696 notario
1362 2612 1644 2724 persolvendis,
1667 2623 1753 2698 tum
1772 2638 1820 2696 ex
1837 2611 1920 2694 im-

505 2743 693 2854 positione
723 2743 975 2829 vassallorum
1004 2744 1184 2828 ecclesiae
1217 2745 1440 2852 Veliensis,
1477 2756 1562 2830 tum
1593 2771 1640 2830 ex
1675 2744 1921 2856 proventibus

506 2875 678 2986 ejusdem
696 2877 875 2959 ecclesiae
892 2902 916 2958 a
934 2877 1244 2985 procuratoribus
1267 2880 1440 2988 receptis.

586 3106 712 3188 (llcpeat.
726 3104 830 3184 imper.
844 3099 962 3164 Frcdcr.
978 3103 1021 3178 11,
1037 3103 1089 3164 fol.
1106 3113 1142 3166 st
1159 3111 1253 3180 κοῖος
1269 3107 1300 3166 ln
1313 3105 1385 3166 edlt.
1399 3105 1536 3180 Coacon..
1551 3121 1581 3184 p.
1599 3103 1683 3184 ott.)

553 3279 603 3350 De
619 3277 792 3370 imperiali
808 3276 963 3348 mundato
981 3279 1069 3368 [octo
1082 3299 1146 3370 per
1163 3276 1333 3350 minum
1353 3277 1523 3350 Yoddeum
1542 3277 1674 3371 scripsit
1689 3277 1891 3348 Laurentius
1907 3303 1919 3347 .-

553 3399 773 3489 Frederious,
789 3407 870 3489 eta,
886 3398 1015 3472 Crisoio
1030 3398 1237 3474 Amalfitano
1250 3399 1295 3474 de
1306 3400 1438 3497 Capua,
1450 3409 1517 3474 etc.
1532 3400 1623 3485 Quia
1637 3399 1801 3494 magister
1812 3396 1920 3472 Gual·

505 3525 613 3596 terius
632 3522 779 3596 de-Ocra
798 3523 1030 3618 cappellanus,
1055 3525 1209 3596 notarius
1225 3533 1260 3597 et
1272 3523 1387 3598 fidelis
1403 3505 1536 3615 noster,
1558 3523 1695 3597 dudum
1715 3544 1777 3618 pro
1795 3521 1920 3596 nostris

506 3647 657 3722 servitiis
668 3646 858 3720 laborando
870 3647 1027 3718 debitum
1044 3647 1277 3742 quadraginta
1292 3648 1474 3721 unciarum
1485 3649 1560 3722 auri
1577 3653 1809 3735 contraxerat,
1823 3646 1920 3741 quod

505 3771 595 3845 solvi
611 3772 825 3867 providimus
835 3771 879 3844 de
893 3771 1117 3866 proventibus
1127 3772 1308 3844 valvensis
1321 3772 1464 3846 ecclesie
1477 3781 1511 3844 et
1524 3770 1672 3845 diocesis
1685 3770 1920 3866 spectantibus

505 3897 552 3969 ad
568 3897 769 3991 episcopum
793 3905 863 3967 tam
887 3896 923 3966 in
946 3895 1099 3968 ecclesiis
1123 3917 1230 3990 qnam
1252 3897 1426 3988 vassallis,
1450 3895 1623 3968 Ptolomeo
1647 3893 1693 3967 de
1716 3893 1920 3968 Castellions

502 4019 871 4113 justitiarioqnondam
881 4016 1205 4114 Aprutiiscripsisse
1214 4020 1397 4092 recolimus
1410 4030 1449 4092 nt
1457 4017 1504 4092 ad
1513 4018 1772 4113 requisitionem
1780 4015 1920 4090 Andree

505 4143 670 4238 prepositi
689 4151 724 4214 et
742 4141 887 4212 Abbiusi
912 4141 1068 4212 canonici
1091 4141 1272 4214 Valvensis
1289 4143 1436 4216 ecclesie
1454 4151 1488 4216 ot
1504 4141 1675 4214 Thomasii
1689 4139 1920 4236 procuratoris

506 4265 649 4339 ecclesie
665 4263 780 4336 Sancti
800 4261 957 4358 Panphlli
976 4285 1016 4336 ac
1029 4264 1131 4356 juxta
1153 4265 1387 4359 provisionem
1405 4287 1526 4338 eorum
1547 4265 1673 4336 laceret
1692 4263 1823 4358 imponi
1838 4283 1922 4334 vas·

506 4389 599 4462 sollis
616 4388 724 4483 ipsius
741 4386 885 4459 ecclesie
900 4387 1021 4459 nucius
1036 4387 1253 4484 supradictas
1271 4398 1306 4460 et
1321 4389 1488 4484 reciperet
1505 4387 1551 4460 ab
1571 4386 1723 4477 eisdem,
1739 4407 1800 4459 aas
1815 4385 1919 4459 dictis

505 4509 785 4609 procuratoribus
805 4519 887 4582 tunc
909 4509 1070 4609 temporis
1093 4510 1137 4583 de
1159 4533 1251 4585 novo
1272 4513 1408 4586 statutis
1430 4511 1569 4585 nomine
1591 4510 1675 4584 dicti
1703 4507 1857 4602 magistri
1873 4507 1913 4579 G.

506 4637 702 4728 soluturus,
725 4643 760 4706 et
776 4633 806 4704 si
825 4634 912 4728 quid
934 4635 1020 4707 loret
1042 4633 1222 4708 residuum
1239 4635 1336 4731 quod
1358 4635 1404 4710 ab
1425 4633 1556 4709 eisdem
1572 4633 1730 4707 vassallis
1743 4631 1832 4705 solvi
1847 4653 1917 4704 non

508 4769 634 4856 posset,
651 4757 696 4832 de
708 4759 933 4854 proventibus
949 4759 1181 4854 predictarum
1198 4761 1423 4836 ecclesiarum
1440 4770 1477 4834 et
1490 4759 1638 4834 diooeeia
1656 4778 1778 4834 eorum
1791 4777 1917 4852 procu·
