4384 6004
227 701 324 762 lunser.
343 696 403 782 lh]
684 695 879 758 HISTORIA
901 696 1187 760 nlrnoltaulcn.
1559 695 1635 758 1135

228 835 384 908 Getarum
413 842 451 905 ut
472 830 585 905 omnis
610 849 631 902 a
658 829 838 904 cordetuo
862 831 1001 925 penitus
1019 830 1225 927 suspicionis
1244 829 1426 924 scrupulus
1447 829 1633 921 auferatur,

227 980 366 1032 omnem
383 957 445 1028 tihi
469 954 686 1029 securitatem
707 975 812 1050 quam
836 977 899 1050 pro
920 955 1029 1028 salute
1051 976 1217 1051 persone,
1242 953 1382 1028 honoris
1409 977 1450 1028 ac
1469 963 1636 1028 terrarum

227 1094 366 1156 tuarum
386 1081 483 1154 salva
498 1079 676 1152 honestate
693 1089 810 1152 nostra
831 1078 996 1174 expedire
1013 1077 1156 1172 viduis,
1174 1079 1351 1154 iaciemus.
1725 1065 1731 1078 '

430 1399 456 1407 ι·-
467 1399 840 1408 ι--ι-μ--ι--ι-
846 1395 1423 1409 mmm—*namn*-

279 1654 464 1774 hlmtinns
483 1689 603 1774 abhas
622 1689 841 1774 monasterii
859 1689 987 1772 Sancti
1005 1689 1195 1772 Michaelis
1213 1689 1261 1771 de
1278 1688 1407 1797 Burgo
1425 1689 1491 1770 dat
1509 1685 1636 1788 vitali,

227 1821 507 1933 archiepiscopo
541 1824 700 1930 Pisano,
738 1821 856 1904 libras
891 1823 1022 1904 decem
1059 1821 1302 1904 denariorum
1334 1819 1559 1902 Pisanorum
1589 1846 1635 1902 ex

226 1955 409 2039 mandato
430 1955 675 2039 dominorum
701 1953 972 2058 cardinalium,
997 1979 1068 2062 pro
1090 1953 1263 2062 expensis
1281 1977 1378 2062 quas
1396 1977 1517 2062 nuper
1533 1951 1635 2036 idem

226 2085 531 2197 archiepiscopus
550 2087 591 2169 in
608 2087 750 2170 eisdem
769 2085 904 2196 legatis
921 2084 1022 2168 iecit.

306 2328 443 2408 (Edider.
457 2329 686 2392 utrumme
697 2329 884 2408 Cossanoru,
898 2323 1006 2388 Amat
1025 2323 1203 2404 Gerraidai,
1216 2334 1290 2388 tom.
1302 2326 1356 2402 lV,
1366 2279 1507 2408 append„
1521 2343 1550 2406 p.
1564 2337 1634 2403 564,

345 2442 381 2494 n⁰
395 2442 470 2510 ³⁵4,
483 2451 523 2496 ex
535 2435 663 2498 chartul.
678 2437 707 2500 S.
724 2435 816 2497 Mich.
832 2435 992 2514 Pisarnm.)

276 2645 314 2717 ln
327 2647 467 2719 nomine
478 2645 587 2720 Patris
602 2657 637 2720 et
652 2646 727 2718 Filii
741 2656 776 2718 et
788 2647 935 2742 Spiritus
947 2647 1069 2738 sancti,
1085 2667 1198 2718 amen.
1211 2645 1264 2718 Ex
1281 2645 1347 2718 hoc
1357 2643 1497 2741 publico
1511 2646 1636 2719 instru-

229 2780 343 2844 mento
357 2771 401 2842 sit
414 2771 636 2844 manifestum
650 2771 746 2866 qnod
759 2770 907 2844 domnus
920 2771 1099 2864 Martinus,
1113 2771 1172 2843 liei
1188 2769 1298 2862 gratia
1310 2769 1516 2844 venerahilis
1529 2770 1638 2844 abbas

226 2893 423 2966 monasterii
440 2893 549 2966 sancti
567 2893 744 2968 Michaelis
768 2893 813 2966 de
828 2896 943 2988 Burgo
966 2915 1030 2990 pro
1052 2894 1128 2990 ipso
1144 2894 1349 2967 monasterio
1365 2915 1479 2966 coram
1496 2916 1553 2968 me
1573 2897 1633 2968 Ja-

227 3016 313 3090 ooho
322 3017 458 3091 notario
470 3017 637 3092 Rosciada
652 3027 686 3089 et
698 3019 842 3090 testibus
851 3017 1075 3113 infrascriptis
1088 3019 1379 3112 representavitat
1390 3016 1488 3090 dedit
1496 3017 1638 3092 domino

227 3139 392 3213 Rioovoro
404 3141 593 3214 camerario
612 3141 742 3214 domini
757 3131 878 3214 Vitalis
890 3141 952 3214 Dei
967 3141 1075 3234 gratia
1089 3141 1201 3214 Pisani
1220 3141 1466 3238 archiepiscopi
1482 3164 1544 3238 pro
1559 3143 1637 3239 ipso

228 3261 368 3337 domino
382 3263 638 3360 archiepiscopo
655 3265 759 3338 libras
773 3263 893 3338 decem
914 3249 1131 3338 denariorum
1145 3265 1346 3338 Pisanorum
1365 3266 1574 3340 minutorum
1593 3267 1638 3340 de

227 3387 386 3483 imposita
410 3388 476 3460 sibi
502 3389 590 3462 iacta
614 3411 660 3462 ex
683 3388 846 3462 mandato
870 3387 1000 3461 domini
1018 3387 1136 3461 Jaoohi
1161 3389 1330 3461 Pilcstrini
1343 3386 1406 3486 ¹(a)
1433 3391 1583 3486 episcopi
1605 3401 1640 3463 et

228 3507 357 3583 domini
371 3511 505 3584 Ottonis
521 3511 609 3582 tituli
624 3513 733 3585 sancti
749 3511 904 3585 Nicholai
918 3511 953 3582 in
968 3531 1104 3584 carcere
1117 3511 1273 3585 Tulliano
1287 3511 1426 3587 diaconi
1440 3513 1636 3604 cardinalis,

228 3635 414 3731 apostolice
427 3635 522 3709 sadis
536 3635 739 3730 legatorum,
755 3645 856 3732 prout
870 3646 1025 3709 constare
1040 3636 1177 3708 dicebat
1188 3635 1406 3724 demandato
1421 3661 1482 3736 per
1497 3661 1636 3713 manum

229 3757 462 3832 lldehrandini
476 3759 598 3833 notarii
611 3761 857 3834 Forrestanide
869 3769 988 3833 sancto
1001 3759 1154 3850 Minimo,
1165 3761 1346 3833 occasione
1360 3765 1637 3858 procurationum

228 3889 262 3954 et
286 3903 519 3978 expensarum
544 3885 713 3956 laetarum
738 3905 799 3980 por
822 3881 1002 3957 dominnm
1025 3884 1320 3980 archiepiscopum
1341 3887 1577 3980 supradictum
1603 3889 1639 3961 in

228 4005 432 4100 supradictis
449 4007 571 4098 legatis
587 4009 733 4102 aliisque
748 4009 887 4104 prelatis
904 4030 1015 4104 nuper
1033 4009 1220 4081 iniortnnio
1238 4009 1424 4082 miserabili
1448 4013 1573 4108 captis;
1595 4013 1640 4086 de

230 4129 357 4223 quihus
368 4151 406 4202 se
422 4131 511 4203 bene
523 4131 677 4225 quietum
693 4143 727 4204 et
741 4143 904 4228 pagatnm
916 4133 1054 4205 vocavit
1069 4131 1114 4204 ab
1126 4153 1167 4204 eo
1185 4132 1354 4228 prodicta
1370 4138 1589 4228 monasteri0‚
1604 4149 1639 4209 et

231 4251 341 4346 ipsum
362 4255 606 4326 monasterinm
625 4266 659 4327 et
681 4256 772 4328 hona
789 4257 898 4353 ipsius
914 4255 1110 4328 monasterii
1130 4265 1164 4328 et
1184 4258 1259 4351 ejus
1276 4279 1489 4352 successores
1510 4260 1638 4332 liberos

232 4387 264 4446 et
279 4375 453 4450 absolutos
471 4380 620 4452 vocavit.

240 4523 244 4528 ·
278 4499 403 4572 Actum
421 4502 507 4574 Pisis
522 4502 559 4575 in
577 4503 756 4576 bellatorio
778 4503 1088 4601 archiepiscopatus
1106 4503 1237 4596 Pisani,
1258 4470 1475 4600 presentibus
1488 4507 1636 4601 Henrigo

231 4623 407 4716 quondam
427 4625 527 4698 Gritti
542 4637 576 4700 ct
593 4627 721 4701 laccho
736 4627 871 4702 sindico
886 4629 1017 4702 domini
1032 4628 1277 4724 archiepiscopi
1291 4639 1326 4701 et
1343 4630 1419 4702 aliis
1433 4632 1577 4704 testibus
1591 4631 1636 4705 ad

272 4825 313 4906 (a)
334 4825 384 4888 sre
396 4843 449 4906 pro
463 4827 638 4892 ramme.
