4358 5996
1067 702 1278 766 salonam!
1305 704 1480 766 sncnnnl
1788 703 1867 782 [An.
1887 705 1978 770 talo.

803 925 1129 936 —n--n--n—-n———a-n
1155 925 1717 938 --οηαι-αιαιοιιο--ι-ι-ψ

393 1140 503 1250 03⁰3„
617 1129 817 1244 Enoyolica
852 1135 1023 1244 Gregorii
1058 1162 1179 1246 papae
1215 1138 1264 1221 de
1299 1137 1459 1222 concilio
1495 1137 1636 1222 Romae
1667 1137 1894 1221 celebrando
1928 1137 1979 1217 ad

384 1249 511 1354 ἷῗὲῗιῗιῗιῖ
564 1265 782 1372 proximum
800 1267 941 1350 festum
959 1267 1257 1354 Resurrectionis
1274 1270 1501 1356 dominicae.

646 1452 782 1534 (Edidsr.
804 1455 978 1532 Barnun,
993 1453 1106 1519 deod.
1120 1455 1212 1518 mbr.
1232 1457 1272 1518 ad
1284 1474 1357 1518 ann.
1371 1465 1466 1536 tato,
1483 1459 1500 1535 s
1515 1457 1600 1536 Llll,
1618 1462 1762 1537 eregesto
1774 1456 1899 1535 Gregor.
1917 1455 1978 1532 IX,

685 1560 737 1622 llb.
752 1561 835 1634 XIV,
851 1572 884 1622 n⁰
898 1570 1044 1624 act-ast.
1060 1565 1339 1642 —Wunnrwnm
1353 1563 1435 1626 lllooa
1447 1561 1570 1638 mitid„
1583 1569 1608 1624 t.
1623 1563 1678 1642 IX,
1691 1579 1723 1641 p.
1739 1571 1792 1638 ²⁸,
1808 1561 1847 1623 ad
1863 1560 1981 1622 archie-

685 1669 837 1744 plseopnm
851 1665 1085 1748 Maguntlnum.)

613 1825 816 1918 Gregorius,
831 1835 915 1918 etc,
932 1826 1189 1924 archiepiscopo
1202 1828 1409 1920 Senonensi‚
1424 1837 1492 1900 etc.
1512 1827 1639 1900 literne
1657 1825 1876 1922 providentia
1889 1845 1979 1897 oon·

564 1945 685 2021 (litoris
705 1954 858 2019 sanctam
883 1956 919 2018 et
940 1947 1193 2022 immaculatam
1209 1949 1396 2023 Ecclesiam
1419 1970 1441 2021 a
1461 1970 1525 2022 sue
1543 1949 1754 2022 fundationis
1774 1947 1922 2021 exordio
1937 1967 1980 2018 eo

564 2069 673 2142 voluit
689 2069 811 2144 ordine
833 2069 1020 2164 gubernari
1041 2081 1081 2144 nt
1098 2072 1160 2144 nni
1182 2073 1311 2166 pastori
1332 2073 1509 2166 potestatis
1531 2071 1781 2167 plenitudinem
1807 2069 1980 2142 obtinenti

565 2194 671 2266 ceteri
686 2203 820 2288 partem
835 2193 1079 2268 sollicitudinis
1095 2205 1311 2268 assumentes
1329 2205 1494 2291 tanqm
1514 2195 1667 2268 membra
1681 2195 1802 2290 capiti,
1821 2213 1981 2265 commu·

485 2355 488 2362 ·
565 2316 689 2388 nicatis
705 2317 906 2389 alterutrum
921 2319 1178 2410 emergentibus
1193 2319 1344 2410 casibus,
1364 2319 1495 2392 unione
1512 2317 1745 2392 indissolubili
1761 2316 1976 2406 cohererent,

565 2462 628 2536 per
644 2461 749 2534 quam
771 2441 821 2512 eis
843 2443 1068 2514 consensibus
1092 2443 1222 2516 mutuis
1247 2442 1402 2516 solidatis
1424 2450 1529 2537 capnt
1554 2441 1798 2514 famulantibus
1815 2438 1981 2512 membris

565 2565 723 2659 vigorem
736 2576 928 2636 assumeret
950 2574 985 2638 et
999 2565 1230 2638 membrorum
1243 2565 1395 2638 conditio
1412 2563 1457 2638 de
1470 2565 1525 2636 sui
1544 2564 1704 2660 principii
1724 2563 1845 2638 robore
1861 2562 1979 2635 firma-

564 2697 671 2762 retur.
690 2687 778 2772 Quia
793 2686 900 2780 igitur
915 2687 1064 2780 grandes
1086 2689 1270 2783 apostolice
1287 2687 1381 2762 sedis
1402 2696 1551 2761 eventus
1567 2696 1602 2760 et
1620 2709 1741 2760 causas
1761 2697 1796 2760 ta
1816 2687 1981 2780 ignorare

566 2816 637 2883 non
655 2809 818 2884 convenit
838 2821 1001 2904 tanquam
1020 2812 1251 2884 necessarium
1263 2811 1381 2885 matris
1394 2811 1548 2884 Ecclesie
1561 2812 1827 2899 munimentum,
1842 2817 1981 2904 propter

566 2955 636 3029 que
652 2933 853 3006 necessitate
875 2942 1022 3028 urgente
1046 2943 1141 3008 tuam
1164 2944 1197 3008 et
1215 2935 1362 3008 aliorum
1380 2932 1542 3006 videmus
1563 2934 1770 3029 presentiam
1789 2933 1981 3030 plurimum

567 3067 794 3152 oportunam,
814 3056 1059 3128 fraternitatem
1083 3066 1179 3129 tuam
1201 3077 1365 3150 rogamus
1380 3066 1415 3130 et
1431 3057 1607 3130 hortamur
1627 3056 1790 3128 attentius
1812 3077 1874 3150 per
1893 3076 1980 3152 apo·

568 3181 690 3252 stolica
715 3179 776 3250 tibi
796 3179 921 3273 scripta
940 3179 1164 3274 precipiendo
1187 3179 1390 3253 mandantes
1407 3189 1579 3274 quatenns
1595 3198 1707 3274 usque
1722 3178 1769 3252 ad
1781 3177 1981 3273 proximum

571 3303 696 3374 festum
706 3301 977 3374 Resurrectionis
992 3299 1165 3374 dominice
1180 3301 1225 3374 ad
1239 3311 1389 3375 nostram
1402 3303 1609 3398 presentiam
1625 3301 1846 3398 personaliter
1861 3301 1982 3373 uenire

569 3445 749 3520 procures,
766 3424 860 3496 omni
873 3423 1057 3496 occasione
1079 3433 1255 3517 cessante,
1276 3434 1316 3497 ut
1328 3425 1454 3498 babeat
1475 3425 1618 3500 ecclesia
1635 3436 1743 3498 mater
1760 3424 1796 3528 in
1812 3422 1884 3497 filio
1901 3443 1981 3520 spe·

570 3557 682 3620 ratum
698 3547 734 3618 in
752 3555 812 3618 tua
826 3545 1023 3618 visitatione
1038 3547 1197 3618 solatium
1216 3557 1251 3620 et
1266 3557 1401 3642 gratum
1416 3546 1555 3644 providi
1571 3548 1707 3620 consilii
1724 3547 1978 3638 fulcimentum,

571 3671 708 3768 proviso
720 3671 807 3742 utin
819 3691 1042 3763 personarum
1056 3680 1092 3742 et
1105 3671 1322 3744 evectionum
1335 3671 1513 3745 moderato
1528 3692 1672 3744 numam
1683 3671 1805 3744 venias
1819 3692 1864 3744 ne
1878 3671 1983 3742 nimis

572 3794 716 3868 ecclesie
735 3802 795 3864 tue
812 3813 978 3866 onerosus
995 3794 1137 3866 existas.
1162 3795 1320 3870 Preterea
1340 3796 1502 3868 volumus
1520 3804 1555 3867 et
1574 3794 1779 3868 mandamus
1798 3804 1838 3867 ut
1858 3795 1982 3868 suffra·

572 3937 761 4012 ganeorum
779 3924 915 3989 tuorum
939 3915 1117 4012 capitulis,
1137 3917 1320 3990 abbatibus
1343 3927 1377 3990 et
1392 3919 1531 4012 prelatis
1551 3917 1629 3990 aliis
1650 3929 1711 3992 tue
1727 3917 1906 4013 provincie
1920 3917 1982 4012 qui

572 4040 766 4140 specialiter
783 4061 853 4111 non
872 4048 1040 4112 vocantur
1061 4040 1263 4114 auctoritate
1285 4051 1403 4114 nostra
1420 4041 1582 4135 injungas
1602 4050 1641 4112 nt
1665 4062 1770 4137 snper
1796 4041 1839 4114 iis
1859 4040 1981 4114 eodem

573 4165 718 4238 termino
741 4161 788 4237 ad
811 4161 929 4236 sedem
950 4163 1171 4258 apostolicam
1195 4163 1316 4238 fideles
1338 4173 1374 4238 et
1398 4163 1565 4260 providos
1590 4165 1729 4238 nuntios
1754 4165 1889 4238 mittere
1913 4185 1981 4238 non

574 4295 794 4386 postponant.

623 4415 747 4483 Datum
761 4407 855 4504 apud
871 4408 1028 4504 Cryptam
1044 4409 1234 4501 Ferratam,
1252 4409 1283 4482 v
1300 4410 1379 4484 idus
1396 4411 1554 4503 augusti,
1568 4433 1661 4486 anno
1673 4412 1763 4485 xlv.

624 4535 824 4627 Sequuntur
845 4532 933 4605 aliae
951 4533 1081 4605 litterae
1103 4531 1178 4627 regi
1203 4533 1410 4606 Francorum
1432 4535 1621 4630 ceterisque
1637 4535 1777 4630 regibus
1799 4533 1926 4606 missae
1941 4531 1984 4604 de

576 4655 820 4730 convocatione
845 4654 1000 4749 ejusdem
1023 4654 1159 4728 concilii
1183 4665 1223 4728 ut
1242 4655 1287 4730 ad
1311 4657 1425 4753 ipsum
1451 4659 1590 4732 nuntios
1617 4657 1736 4732 fideles
1764 4666 1800 4730 et
1824 4654 1984 4752 pmvidos

578 4779 820 4854 transmittant.
