4358 5996
200 723 304 784 inter.
321 715 382 800 13.]
657 711 858 775 HISTORIA
882 709 1177 776 blrtottttt'lca.
1538 707 1617 770 1003

202 854 366 928 tundam
380 847 629 938 marchionem,
642 847 729 922 sacri
745 847 879 943 imperii
893 846 1063 920 ricarium
1075 867 1097 920 a
1108 844 1214 939 Papia
1227 841 1387 938 superius
1398 840 1464 937 (t),
1481 838 1618 916 fidelem

203 985 377 1066 nostrum,
393 971 603 1067 accepimus,
620 971 656 1043 in
670 969 937 1044 destructionem
950 968 1160 1044 Alexandria
1170 988 1240 1062 que
1250 966 1287 1039 in
1300 964 1538 1061 desperatione
1555 963 1617 1038 de·

205 1121 319 1174 mersa
338 1099 376 1170 in
391 1095 607 1191 dampnabili
625 1093 799 1190 proposito
811 1091 865 1190 (2)
868 1143 1363 1167 .............
1389 1088 1439 1161 sic
1460 1097 1619 1184 promptu

205 1225 384 1297 voluntate
401 1227 437 1293 et
451 1216 637 1311 magnifice
656 1217 867 1313 processistis
883 1214 978 1310 quod
995 1237 1059 1289 vos
1078 1213 1195 1288 laudis
1214 1212 1387 1310 preconiis
1403 1209 1619 1286 adtollendus

210 1357 246 1422 et
260 1346 386 1441 dignos
401 1343 589 1416 multorum
600 1341 801 1415 meritorum
815 1339 958 1436 premiis
969 1339 1153 1412 exhibetis.

261 1878 493 1986 Friderious,
517 1877 778 1962 Romanorum
799 1879 1020 1988 imperator,
1046 1877 1221 1960 Conrado
1242 1875 1323 1958 filio
1346 1900 1416 1959 suo
1438 1883 1476 1958 et
1497 1871 1623 1957 consi-
1727 1892 1741 1925 ⁶
1764 1893 1778 1924 ⁰

208 2008 329 2092 liuriis
351 2009 433 2121 ejus
456 2008 586 2093 scribit
605 2035 664 2117 se,
685 2009 773 2094 licet
789 2035 889 2120 papa
907 2011 958 2095 ud
974 2010 1286 2118 compositionem
1304 2033 1345 2090 se
1362 2005 1549 2114 inflectat,
1569 2006 1623 2089 ita

209 2150 381 2250 potenter
406 2167 675 2253 processurum
698 2151 743 2225 ut
767 2143 985 2252 resipiscere
1011 2153 1169 2253 cogetur
1196 2141 1246 2224 ab
1275 2139 1448 2246 offensis3
1472 2139 1623 2222 nuntiat

209 2299 364 2383 msuper
381 2274 671 2383 Alexandriam,
691 2274 831 2357 relictis
853 2275 1190 2360 Mediolanensium
1207 2271 1419 2378 erroribus,
1438 2272 1489 2354 ud
1507 2269 1622 2353 fidem

210 2404 358 2516 imperii
374 2407 546 2490 rediisse.
1581 2399 1585 2410 ’

291 2617 410 2698 (Edidit
421 2620 556 2697 Hdmm,
565 2616 796 2680 Koitcrdhicdr.
806 2618 847 2692 11,
857 2635 889 2696 p.
900 2626 971 2696 420,
980 2617 1118 2684 Doctum„
1131 2625 1165 2676 n⁰
1176 2625 1226 2690 to,
1235 2614 1349 2676 *excod
1361 2614 1488 2676 vindob.
1499 2611 1620 2689 Ptttot„

329 2733 363 2786 n⁰
378 2731 449 2798 ³⁰5,
462 2723 514 2786 iol.
531 2733 568 2784 to
582 2739 678 2789 verto.
692 2723 779 2786 Nunc
788 2723 855 2786 coll.
871 2739 941 2784 cum
953 2723 1046 2786 rarsss
1057 2721 1135 2784 Bibl.
1149 2721 1247 2784 (imur.
1261 2720 1356 2784 Pus.
1374 2719 1549 2794 codicibus.)

257 2905 466 2997 Fridericus,
485 2915 569 2997 etc,
583 2895 713 2981 dilecto
731 2906 801 2980 lilio
820 2929 884 2980 suo
899 2907 954 3000 C.,
971 2919 1052 2995 etc,
1073 2907 1216 3001 suisque
1233 2905 1449 2996 consiliariis,
1465 2917 1533 2980 etc.
1549 2907 1622 2980 Etsi

209 3027 389 3124 pontilices
402 3038 437 3102 et
453 3029 605 3103 Pharisei
623 3052 845 3126 nequaquam
864 3029 1033 3104 adversus
1049 3029 1235 3105 Dominum
1252 3029 1423 3102 Christum
1439 3029 1621 3102 eonsilium

209 3152 450 3246 collegissent,
475 3153 555 3226 licet
579 3154 712 3227 concite
736 3155 897 3250 princeps
922 3153 1100 3226 seditionis
1131 3161 1251 3226 contra
1271 3153 1463 3226 Romanum
1486 3153 1622 3248 princi-

209 3296 289 3370 pem
307 3295 370 3348 0re
394 3284 429 3348 et
450 3297 554 3372 opere
572 3277 745 3350 fastuosus
769 3277 996 3349 insurrexerit
1016 3286 1050 3350 et
1072 3275 1319 3372 blasphemus,
1342 3277 1489 3349 faciente
1506 3284 1621 3349 tamen

209 3393 355 3469 Domim
373 3399 588 3471 exercituum
599 3399 661 3494 qui
673 3391 833 3494 superbis
848 3400 975 3472 resistit
991 3408 1026 3472 et
1042 3400 1087 3472 de
1107 3400 1302 3494 sanctuario
1314 3421 1379 3472 suo
1395 3399 1621 3496 prodeuntem

212 3521 399 3614 nequitiam
424 3523 630 3617 corrigendo
654 3524 860 3618 compescit,
884 3524 1085 3596 humiliatus
1109 3533 1161 3596 est
1182 3525 1291 3596 iustus
1314 3523 1481 3619 principis
1503 3543 1622 3597 sacer-

211 3643 350 3728 dotum,
368 3652 403 3716 et
416 3647 486 3738 jam
501 3647 612 3742 positu
628 3646 812 3741 supercilio
827 3646 872 3719 ad
889 3647 982 3718 licita
998 3668 1035 3719 se
1055 3647 1214 3738 inflectit,
1236 3654 1274 3717 ut
1290 3646 1337 3719 ed
1353 3646 1517 3719 honorem
1534 3668 1622 3720 nos-

210 3775 302 3837 trum
315 3775 351 3840 et
364 3767 500 3863 imperii
514 3778 611 3863 grata
628 3779 663 3842 et
675 3768 773 3840 libitu
787 3771 896 3841 torma
913 3770 1170 3863 compositionis
1186 3777 1304 3864 pareat
1319 3779 1353 3841 et
1365 3777 1533 3842 occurrat.
1553 3769 1622 3844 Sed

212 3899 327 3962 nostra
345 3891 464 3964 sciatis
479 3891 634 3964 consultu
660 3889 907 3966 deliberatione
930 3890 1102 3963 firmatum
1128 3901 1167 3963 ut
1193 3890 1259 3962 sub
1281 3891 1420 3964 vexillis
1445 3893 1623 3966 nostriset

210 4011 411 4084 victricibus
423 4014 548 4108 aquilis
563 4035 643 4092 cum
662 4035 798 4087 summa
812 4014 1074 4087 honorificentia
1092 4021 1213 4086 nostra
1230 4013 1337 4086 nostri
1353 4015 1513 4087 culminis
1528 4037 1623 4088 emu-

211 4135 266 4206 lus
282 4134 483 4228 inclinetur,
500 4156 722 4232 qnacumque
740 4136 808 4209 sibi
828 4137 994 4210 hactenus
1019 4136 1214 4210 blanditum
1239 4136 1342 4208 luerit
1357 4137 1554 4227 voluntate,
1573 4138 1621 4212 itu

248 4408 284 4482 lt)
301 4409 343 4469 Gi.
359 4409 487 4469 Ghrooic.
502 4411 633 4484 Placeat,
648 4427 693 4486 ap.
707 4413 866 4483 bostron,
881 4411 1028 4485 Scriptus,
1042 4415 1062 4466 t.
1074 4410 1148 4482 XVI,
1161 4409 1212 4467 col.
1229 4412 1290 4468 lut.

249 4505 286 4579 (Ι)
304 4507 387 4564 Deest
397 4505 511 4579 ahquid.
524 4507 603 4565 Forte
612 4507 782 4566 alludebutor
794 4507 829 4564 ad
841 4507 1002 4564 deditionem
1015 4505 1256 4564 Alexandrensium
1269 4505 1316 4580 qui
1329 4505 1418 4565 statim
1428 4513 1459 4566 ut
1467 4508 1624 4568 umectus

212 4599 312 4659 lamia
331 4617 394 4658 curn
412 4600 586 4675 Papicmibuc
603 4608 631 4660 et
647 4603 745 4662 octaris
762 4602 791 4658 in
809 4617 903 4660 mense
923 4602 993 4660 maio
1015 4601 1147 4660 hostiliter
1162 4601 1327 4660 territorium
1345 4604 1467 4677 ipsorum
1481 4619 1568 4678 usquc
1587 4606 1623 4665 ad

214 4696 405 4770 murman
426 4697 563 4770 ingressus
577 4697 667 4765 tuerit,
682 4714 714 4757 se
729 4699 890 4757 dediderunt
902 4713 1019 4772 eumque
1035 4699 1064 4756 iu
1080 4700 1244 4758 Potestatem
1259 4714 1339 4758 soum
1357 4707 1531 4776 receperunt,
1552 4703 1624 4763 maio

213 4799 339 4852 meante
353 4793 396 4852 ci.
413 4793 541 4855 chronic.
553 4795 585 4854 dc
595 4795 651 4854 reb.
664 4797 696 4854 io
707 4795 773 4855 itui.
787 4797 878 4868 patto,
892 4811 920 4870 p.
934 4799 997 4854 ⁴8³.
1215 4791 1217 4794 ’
