4524 6012
543 653 619 716 -708
1056 655 1270 718 rnlbnalcl
1295 655 1470 718 suculam
1784 652 1862 734 [liar.
1880 654 1970 718 12⁴0.

558 789 644 861 tium
663 797 763 860 tuum
780 787 826 862 ad
845 809 908 862 noe
924 791 1166 864 transmissum
1185 813 1305 888 paoem
1325 789 1540 888 persuaseris
1559 789 1647 862 inter
1662 808 1727 860 nos
1749 796 1784 860 et
1804 786 1968 862 domnum

556 911 749 984 Romanum
770 909 967 1006 pontificem
985 911 1252 1002 reformandam,
1274 912 1306 985 si
1322 919 1437 984 tamen
1460 918 1552 982 recte
1568 907 1832 1005 premeditasses
1846 921 1970 984 aucto-

556 1056 629 1108 rem
646 1033 798 1108 scandali
823 1043 858 1106 at
877 1035 992 1129 ipsum
1014 1037 1201 1110 suscitasse
1223 1035 1297 1109 odii
1320 1034 1494 1126 fomitem,
1522 1031 1734 1108 actendisses
1750 1054 1969 1128 nequaquam

556 1167 673 1253 perte
694 1158 756 1252 qui
780 1179 918 1232 causam
938 1179 1087 1232 noveras
1105 1159 1171 1254 bys
1191 1157 1314 1232 diebus
1338 1155 1383 1229 ad
1401 1177 1465 1230 nos
1491 1175 1604 1230 sermo
1631 1155 1709 1230 talis
1733 1156 1968 1253 pervenisset,

557 1303 636 1355 cum
652 1281 781 1355 nullam
805 1282 841 1352 in
859 1282 960 1354 nobis
978 1283 1081 1378 culpe
1097 1293 1231 1372 notam,
1250 1281 1381 1354 nullam
1397 1302 1419 1354 a
1441 1279 1542 1352 nobis
1557 1278 1748 1354 invenisses
1764 1280 1875 1376 ipsius
1895 1280 1972 1354 dis·

556 1405 673 1479 ourdie
688 1404 864 1477 materiam
880 1407 1108 1500 processisse,
1125 1427 1335 1501 quamquam
1355 1405 1431 1500 ipse
1446 1411 1558 1476 rector
1572 1403 1790 1499 improvidus
1806 1413 1842 1476 et
1858 1413 1973 1498 pastor

556 1529 686 1601 inutilis
711 1529 826 1623 gregis
850 1529 912 1600 Dei
938 1530 1055 1602 multis
1077 1540 1112 1603 et
1136 1529 1332 1603 multotiens
1358 1527 1495 1620 injuriis
1521 1535 1556 1600 et
1579 1525 1840 1622 gravaminibus
1867 1527 1972 1620 gratis

556 1651 784 1724 innocentiam
812 1659 962 1724 nostram
990 1652 1107 1726 leserit
1135 1649 1325 1726 manifeste.
1347 1649 1400 1722 An
1424 1651 1512 1723 torte
1538 1649 1667 1722 oblitus
1689 1669 1728 1720 es
1752 1646 1848 1742 quod
1874 1647 1972 1720 uobis

556 1773 785 1846 existentibus
802 1771 838 1843 in
860 1774 1001 1847 servitio
1023 1774 1128 1847 Jesbu
1153 1774 1274 1846 Christi
1298 1772 1344 1846 ad
1362 1773 1457 1867 quod
1477 1773 1553 1868 ipsa
1576 1793 1715 1844 causam
1733 1770 1970 1867 impedimenti

556 1897 739 1992 prebuerat
757 1895 914 1990 publice,
935 1918 1004 1969 nou
1021 1897 1167 1989 favoris,
1193 1897 1278 1970 dum
1300 1896 1431 1968 ibidem
1454 1897 1525 1968 vite
1544 1903 1661 1969 nostre
1680 1895 1873 1990 periculum
1888 1894 1972 1966 sub·

556 2020 635 2094 dole
653 2019 829 2092 moliretur
847 2027 881 2090 et
899 2019 1065 2102 niteretur
1083 2021 1224 2094 omuino
1242 2030 1396 2094 nostrum
1414 2018 1563 2094 reditum
1578 2017 1764 2116 impedire,
1786 2016 1872 2090 fines
1887 2039 1971 2090 con·

557 2164 652 2216 cesse
665 2141 732 2214 sibi
748 2142 898 2238 desuper
910 2143 1122 2216 auctoritatis
1132 2143 1320 2234 excedens,
1337 2143 1464 2216 invasit
1477 2142 1644 2216 hostiliter
1656 2162 1805 2234 reguum
1816 2149 1972 2214 nostrum

557 2276 591 2340 ot
614 2285 780 2338 exercens
805 2275 924 2338 contra
951 2288 1014 2340 nos
1039 2267 1094 2338 sui
1120 2267 1226 2340 robur
1249 2267 1442 2357 exercitus,
1467 2266 1513 2338 ab
1529 2267 1604 2358 ejus
1620 2264 1847 2360 occupatione
1866 2263 1973 2335 uoluit

557 2410 681 2462 manus
705 2389 828 2462 avidas
854 2391 1025 2494 retineret
1047 2390 1170 2462 Fuitne
1202 2390 1316 2481 istud,
1341 2410 1427 2484 pace
1454 2398 1665 2484 contempta,
1688 2387 1817 2480 justitia
1845 2395 1973 2482 preter-

557 2515 675 2604 missa,
694 2513 830 2585 turbato
847 2511 960 2584 divini
974 2513 1088 2584 cultus
1104 2511 1239 2602 ordina,
1260 2511 1404 2606 diligere
1414 2511 1636 2598 scandalum,
1657 2510 1865 2584 discordiam
1877 2511 1972 2584 exci-

557 2636 652 2708 tarel
670 2635 755 2708 Cum
773 2642 887 2706 autem
913 2655 1021 2730 gravo
1043 2634 1158 2704 tulerit
1178 2634 1344 2707 Dominus
1366 2643 1401 2708 et
1422 2634 1604 2728 indignum
1623 2632 1718 2728 quod
1735 2655 1756 2706 a
1776 2633 1972 2706 sanctuario

556 2780 621 2832 suo
632 2761 721 2832 vela
736 2759 824 2832 Petri
835 2756 918 2832 sede
930 2757 1051 2830 luisset
1066 2757 1173 2830 nostri
1187 2757 1275 2850 juris
1293 2758 1431 2832 invasor
1447 2779 1619 2852 egressus,
1640 2767 1758 2831 contra
1772 2757 1969 2852 opinionem

557 2892 593 2954 et
609 2891 731 2955 votum
751 2881 841 2953 illius
858 2880 906 2954 ad
929 2881 1068 2976 propria
1090 2901 1155 2954 nos
1173 2881 1325 2954 reduxit.
1349 2883 1428 2977 lpso
1448 2880 1549 2954 nobis
1567 2880 1706 2978 provio,
1729 2880 1804 2952 sine
1826 2880 1972 2975 alicujus

557 3005 683 3096 injuria
703 3005 820 3097 fugato
848 3004 1005 3096 ejusdem
1023 3004 1193 3077 invasoris
1213 3005 1392 3090 exercitu,
1413 3005 1512 3098 regni
1531 3006 1636 3078 nostri
1657 3003 1895 3078 tautummodo
1919 3023 1973 3076 re·

557 3128 800 3222 cuperavimus
817 3137 1002 3221 occupata,
1024 3137 1159 3200 etcum
1181 3149 1361 3222 possemus
1385 3138 1468 3200 tuuc
1495 3137 1603 3201 totam
1635 3138 1758 3222 terram
1784 3128 1894 3222 ipsius
1916 3127 1973 3198 vel

557 3253 721 3344 majorem
739 3259 870 3344 partem
892 3249 1047 3321 dominio
1067 3260 1183 3323 nostro
1207 3251 1283 3323 siue
1307 3252 1452 3344 alicujus
1479 3252 1658 3324 obstaculo
1684 3251 1889 3344 subjugare,
1911 3269 1973 3344 pa·

558 3375 680 3446 tienter
694 3374 807 3468 potius
823 3373 954 3444 illatam
968 3373 1131 3464 injuriam
1149 3365 1356 3446 sustinentes
1369 3384 1408 3447 ut
1428 3375 1645 3448 vinceremus
1659 3375 1695 3446 in
1712 3375 1803 3447 bono
1821 3374 1969 3458 malum,

557 3519 777 3593 nequaquam
793 3509 894 3570 extra
908 3496 993 3570 lines
1010 3499 1105 3592 regni
1120 3499 1337 3592 porreximus
1355 3499 1463 3595 pedes
1481 3509 1628 3592 nostros,
1648 3499 1711 3572 sed
1726 3522 1771 3572 ex
1791 3507 1862 3572 toto
1878 3497 1972 3570 desi·

559 3621 719 3695 decantes
746 3621 846 3693 unire
882 3621 981 3693 nobis
1006 3621 1193 3694 Ecclesiam
1223 3631 1258 3695 et
1282 3644 1345 3695 nos
1378 3623 1431 3712 ei,
1459 3623 1587 3696 ledenti
1614 3624 1707 3697 lasus
1734 3619 1969 3718 applaudens,

556 3743 716 3840 preterito
732 3749 832 3837 quasi
853 3744 994 3816 lesionis
1013 3743 1131 3836 obliti,
1153 3753 1188 3819 te
1207 3756 1240 3818 et
1256 3746 1341 3819 ulios
1359 3743 1480 3820 fideles
1503 3757 1636 3820 nostros
1660 3747 1774 3841 plures
1790 3753 1824 3818 et
1845 3745 1972 3840 pluries

557 3869 723 3964 speciales
749 3890 853 3963 super
879 3867 947 3940 boc
968 3869 1108 3941 nuntios
1137 3871 1294 3942 misimus
1315 3871 1360 3942 ad
1383 3870 1559 3960 eumdem,
1588 3891 1735 3942 suenus
1757 3877 1972 3964 exponentes

557 3992 696 4067 arbitrio
713 3992 913 4064 voluntatis.
928 3992 1008 4063 Fuit
1020 3991 1089 4064 hoc
1102 3991 1224 4066 videas
1235 3993 1327 4065 velle
1341 4015 1405 4066 nos
1417 4015 1538 4090 pacem
1553 4013 1698 4088 querere
1714 4003 1750 4066 et
1765 3992 1971 4066 discordiam

556 4119 701 4204 evitare,
714 4114 806 4189 etad
819 4116 977 4188 ultimum
993 4115 1212 4210 postmodum
1223 4138 1309 4212 pace
1322 4116 1415 4208 data,
1432 4115 1517 4190 dnm
1531 4117 1750 4190 crederemus
1762 4137 1840 4189 eam
1856 4116 1969 4206 nobie,

504 4301 506 4306 .
556 4240 672 4312 multis
695 4248 730 4311 et
755 4239 863 4333 gratis
886 4239 1063 4336 obsequiis
1087 4241 1337 4335 presentialiter
1361 4248 1397 4312 et
1418 4250 1575 4335 potenter
1601 4239 1713 4314 eidem
1737 4261 1758 4312 a
1781 4239 1881 4312 nobis
1899 4239 1973 4310 im-

554 4363 689 4462 pensis,
708 4372 748 4434 ut
765 4362 875 4451 nosti,
903 4362 938 4432 in
965 4371 1171 4457 perpetuum
1196 4373 1230 4435 et
1252 4361 1497 4435 inviolabiliter
1520 4360 1737 4454 conseruari,
1767 4361 1851 4436 dum
1876 4359 1972 4434 alind

555 4487 647 4560 idem
668 4487 704 4558 iu
720 4486 824 4560 corde
839 4486 983 4579 gesserit
994 4508 1101 4581 quam
1124 4508 1183 4560 ore
1202 4486 1396 4582 promiserit
1409 4508 1529 4582 paoem
1544 4485 1678 4574 dando,
1695 4507 1778 4580 sepe
1799 4485 1917 4580 sepius
1934 4484 1970 4554 in

554 4610 795 4684 observatione
812 4609 905 4704 pacis
927 4609 1071 4705 turpiter
1093 4611 1269 4684 vacillavit
1284 4632 1496 4705 quamquam
1520 4611 1623 4684 nobis
1647 4620 1743 4704 grata
1766 4608 1970 4705 prepediens

555 4742 590 4806 et
607 4734 740 4824 ingrata
758 4733 899 4806 sollicite
919 4733 1152 4828 procurando.
1176 4733 1282 4806 Nobis
1304 4731 1432 4808 deinde
1450 4734 1744 4830 proficiscentibus
1764 4734 1801 4806 in
1824 4733 1969 4804 Mema-
