4524 6012
547 688 609 750 cet
1043 693 1255 756 latonbtct
1279 692 1451 756 secuttttt
1766 685 1848 766 [hirs.
1867 687 1954 750 tcto.

548 845 692 918 papam,
713 823 899 900 lliooardus
919 824 965 902 de
985 827 1056 902 lisa
1080 828 1126 903 de
1152 829 1288 904 Caserta
1311 828 1354 902 A.
1379 823 1568 902 venerabili
1590 823 1774 897 &certano
1794 823 1956 920 episcopo

548 945 642 1020 fideli
662 957 779 1021 nostro
796 949 932 1044 pridem
951 960 1027 1046 post
1042 953 1307 1048 prohibitionem
1325 960 1476 1026 nostram
1497 949 1637 1046 papales
1656 947 1793 1022 lictores
1812 969 1958 1043 proeen-

547 1069 635 1142 tavit
652 1079 690 1141 ut
704 1069 850 1142 lohanni
866 1073 989 1148 clerieo
1000 1074 1070 1147 lilio
1082 1097 1146 1148 suo
1159 1077 1195 1148 in
1208 1077 1390 1150 &sedena
1404 1073 1548 1148 eeclesia
1559 1069 1766 1146 heneficium
1778 1071 1959 1144 exhiberet

547 1203 582 1266 et
597 1193 711 1288 ipsum
729 1195 899 1291 reciperet
919 1197 954 1268 in
972 1197 1180 1271 canonicum
1196 1208 1231 1272 ot
1248 1199 1285 1272 in
1303 1200 1452 1272 tratrem.
1477 1195 1627 1283 Quodsi
1646 1217 1767 1268 verum
1789 1203 1891 1268 estet
1912 1193 1959 1268 ad

547 1318 703 1390 notitiam
726 1327 821 1390 tuam
843 1320 959 1414 aliquo
981 1321 1087 1394 modo
1109 1323 1287 1418 pervenit,
1307 1319 1403 1418 qnod
1425 1341 1538 1416 usque
1559 1339 1654 1390 nunc
1671 1316 1826 1413 predicta
1843 1325 1960 1390 trum-

546 1442 676 1536 gressio
699 1442 774 1514 sine
796 1442 915 1517 debite
936 1466 1025 1540 pena
1045 1445 1223 1530 transivit,
1242 1454 1337 1518 tanto
1355 1443 1463 1536 digne
1488 1442 1653 1514 miramur
1667 1450 1799 1536 quanto
1819 1441 1856 1512 in
1874 1461 1959 1513 eon·

548 1574 713 1660 temptum
731 1564 836 1638 edicti
850 1567 957 1640 nostri
972 1568 1165 1664 impetratio
1178 1579 1214 1642 et
1226 1569 1413 1664 assignatio
1428 1568 1623 1640 licterarum
1640 1565 1792 1661 ipsarum
1808 1565 1961 1637 noscitur

547 1697 729 1762 ostentata.
745 1688 830 1762 Cum
855 1690 960 1784 igitur
982 1701 1052 1764 tem
1068 1699 1367 1788 presumptuosam
1389 1689 1570 1763 audaciam
1589 1687 1734 1760 transire
1751 1709 1821 1760 non
1841 1685 1961 1760 deceat

548 1811 771 1907 impunitam,
789 1803 945 1886 fidelitati
966 1825 1025 1889 tuc
1040 1815 1264 1912 precipiendo
1280 1810 1488 1923 mandamus
1508 1824 1679 1909 qnatenus
1701 1811 1838 1908 cognita
1858 1833 1962 1908 super

548 1935 613 2008 hoc
629 1935 996 2028 diligentiusveritate,
1007 1939 1037 2010 si
1051 1939 1112 2011 tibi
1129 1939 1317 2012 constiterit
1332 1939 1380 2010 ita
1394 1934 1483 2032 psse,
1500 1947 1569 2008 tam
1587 1944 1854 2031 presentatorem
1867 1934 1962 2006 licte-

548 2079 664 2129 rarnm
682 2057 838 2152 ipsarum
854 2061 1090 2154 supradictum
1115 2083 1222 2156 quam
1243 2061 1341 2132 illum
1363 2036 1426 2156 prb
1444 2081 1514 2154 quo
1534 2061 1673 2132 luerunt
1691 2059 1808 2130 lictore
1825 2079 1963 2153 presen-

549 2189 631 2268 tato,
644 2181 722 2276 capi
737 2181 843 2253 iacias
860 2192 894 2255 et
909 2205 989 2256 cnm
1002 2182 1182 2279 diligentia
1194 2184 1378 2272 custodiri,
1393 2185 1497 2256 rebus
1511 2184 1585 2256 suis
1597 2183 1759 2255 omnihus
1772 2182 1959 2272 annotatis,

550 2314 589 2376 ut
607 2305 916 2397 transgressoribus
936 2306 1021 2402 ipsis
1037 2306 1081 2380 ad
1098 2311 1222 2404 pena'm
1241 2308 1357 2380 veniat
1377 2320 1411 2379 et
1434 2307 1510 2379 aliis
1532 2306 1579 2380 ad
1603 2318 1785 2398 terrorem;
1804 2306 1961 2404 publica·

550 2427 679 2499 tionem
698 2449 782 2500 vero
800 2429 911 2524 ipsam
930 2430 1031 2503 nobis
1049 2452 1110 2526 per
1125 2431 1261 2504 lictores
1275 2430 1463 2502 intimabis.

598 2553 723 2623 Datum
741 2551 837 2647 apud
853 2551 1027 2642 hrodum,
1046 2553 1111 2625 XX
1124 2553 1294 2646 januarii,
1312 2553 1388 2625 Xlll
1406 2553 1619 2627 indictionis.

1297 2861 1750 2873 *W

441 3205 455 3235 u
500 3219 508 3235 ,
605 3121 784 3206 Mandata
814 3124 864 3206 ad
891 3123 1150 3210 recollectores
1176 3130 1359 3237 pecuniae
1385 3130 1424 3211 in
1453 3130 1613 3240 Aprulio
1631 3141 1668 3213 et
1692 3131 1732 3212 in
1756 3131 1871 3214 Terra
1889 3131 1967 3214 La-

553 3251 658 3335 boris
682 3280 751 3361 pro
772 3254 942 3338 lohanne
960 3257 1009 3341 de
1035 3259 1181 3369 llaymo
1208 3272 1246 3347 et
1264 3262 1466 3346 Guillelmo
1484 3265 1532 3346 de
1558 3264 1760 3347 Laurentio
1785 3265 1965 3372 proviso-

555 3385 662 3470 ribus
688 3395 914 3470 castrorum.

636 3589 767 3674 (depost.
782 3593 883 3672 imper.
902 3591 1018 3654 stada.
1034 3595 1079 3672 11,
1094 3595 1146 3658 iol.
1162 3607 1200 3658 oo
1214 3603 1310 3670 recto;
1324 3601 1357 3660 ln
1370 3599 1442 3661 edlt.
1454 3598 1592 3674 Cornan„
1607 3617 1638 3677 p.
1653 3600 1736 3680 8²8.)

604 3769 652 3838 lle
668 3767 839 3860 imperiali
852 3767 1011 3840 mandato
1024 3774 1114 3862 facto
1128 3795 1192 3865 por
1203 3775 1399 3866 mopistmm
1413 3775 1451 3845 Τ.
1472 3777 1602 3868 scripsit
1619 3775 1761 3868 tapetes
1775 3775 1816 3846 dc
1828 3777 1944 3870 Cepora
1958 3803 1968 3848 :

606 3889 824 3980 Fredericus,
852 3900 934 3983 etc.,
970 3893 1146 3986 Sylvestro
1175 3895 1220 3968 de
1251 3897 1375 3968 Sancto
1401 3898 1506 3971 Panlo
1532 3899 1739 3971 recollectori
1763 3899 1910 3994 pecunie
1934 3899 1969 3970 in

556 4011 719 4108 Aprutio,
740 4022 806 4085 etc.
827 4011 1033 4087 blandamus
1052 4026 1086 4089 et
1105 4019 1314 4113 precipimus
1330 4017 1484 4092 fidelitati
1505 4030 1565 4094 tue
1581 4031 1752 4116 quatenus
1765 4023 1912 4094 Iohanni
1927 4021 1972 4096 de

557 4137 689 4231 haymo
704 4136 871 4232 provisori
891 4147 1080 4210 castrorum
1093 4140 1130 4211 in
1146 4140 1290 4236 Aprutio
1305 4140 1398 4214 fideli
1413 4154 1529 4216 nostro
1549 4165 1611 4238 pro
1625 4166 1675 4234 se,
1691 4145 1803 4217 tribus
1816 4145 1972 4218 scuteriis

557 4268 593 4332 et
619 4271 769 4355 quatuor
796 4259 896 4353 cquis
920 4281 1094 4354 expensas
1125 4261 1209 4336 dare
1233 4286 1392 4359 procures
1415 4267 1518 4358 juxta
1547 4267 1704 4356 assisiam
1732 4268 1828 4339 curie
1858 4277 1973 4340 nostre

557 4382 727 4476 quamdin
746 4383 906 4454 fueritin
928 4383 1069 4456 servitio
1085 4385 1299 4480 supradicto,
1321 4387 1388 4461 hiis
1409 4388 1572 4461 videlicet
1591 4399 1723 4462 tantum
1746 4389 1871 4462 diebus
1892 4389 1972 4485 qni·

558 4505 626 4576 bus
637 4507 741 4597 juxta
759 4503 962 4576 mandatum
977 4513 1130 4578 nostrum
1149 4511 1343 4582 exercuerit
1357 4511 1508 4583 officium
1523 4512 1748 4585 antedictum.

606 4627 732 4698 Datum
747 4625 844 4721 apud
865 4625 1035 4717 Aretium,
1055 4629 1135 4700 XXl
1149 4631 1316 4722 januarii,
1337 4633 1415 4704 Xlll
1435 4633 1645 4708 indictionis.

607 4750 742 4821 Similes
761 4749 900 4846 scripsit
918 4747 1009 4824 idem
1027 4753 1073 4825 ad
1089 4754 1300 4849 Stephanum
1314 4755 1491 4830 llomoaldi
1511 4767 1676 4832 statutum
1690 4781 1795 4856 super
1811 4758 1921 4832 erario
1936 4758 1971 4828 in
