4524 6012
313 697 407 758 rme.
427 695 486 780 13]
753 696 949 757 ursroaru
976 657 1269 756 urrunurrrcA.
1655 691 1715 754 aaa

314 830 460 904 ducrum
487 831 717 924 augustalium
748 831 898 904 vendere
928 830 1157 927 presumebat.
1184 829 1279 904 Cum.
1297 829 1402 923 igitur
1425 829 1492 902 hoc
1518 829 1565 904 ad
1594 850 1715 902 eonse-

314 955 489 1048 quentinm
510 954 601 1026 trahi
624 954 790 1042 nolimus,
814 953 1020 1028 mandamus
1040 963 1211 1048 quatenus
1235 954 1390 1046 inquiras
1415 974 1520 1048 super
1541 951 1717 1047 premissis

314 1077 513 1170 diligentius
535 1077 714 1150 veritatem
729 1057 791 1173 ¹per
807 1077 963 1149 homiues
981 1077 1127 1171 Trapani
1148 1075 1379 1170 supradictos,
1401 1087 1434 1148 et
1453 1077 1482 1148 si
1505 1077 1567 1148 tibi
1591 1077 1718 1164 consti-¹

316 1201 391 1271 terit
406 1201 452 1272 de
467 1199 658 1294 premissis,
674 1199 795 1272 tamid
811 1199 906 1292 quod
922 1220 1001 1270 eum
1020 1199 1109 1270 sicut
1129 1199 1259 1270 dictum
1275 1207 1327 1270 est
1339 1199 1514 1271 inveneris
1527 1200 1715 1294 recepisse,

315 1343 416 1416 quam
441 1333 475 1393 et
498 1322 627 1395 solidos
653 1343 741 1414 quos
766 1322 954 1416 recipiebat
979 1343 999 1394 a
1023 1321 1118 1393 curia
1146 1332 1261 1393 nostra
1287 1333 1369 1392 tunc
1391 1323 1569 1416 temporis,
1597 1343 1719 1416 capere

317 1463 385 1515 non
403 1445 547 1518 amictas
564 1445 609 1516 ab
623 1465 681 1534 eo,
701 1445 870 1538 quicquid
889 1445 972 1518 inde
990 1445 1111 1518 leceris
1129 1445 1229 1516 nobis
1247 1443 1394 1518 fideliter
1410 1457 1444 1517 et
1463 1445 1625 1518 citissima
1647 1467 1719 1518 res·

316 1567 497 1658 cripturus

364 1691 487 1760 Datum
506 1687 600 1782 apud
615 1685 783 1778 Aretium,
799 1688 846 1760 XI
855 1688 1024 1780 ianuarii,
1041 1689 1117 1762 Xlll
1134 1689 1339 1762 indictionis.

364 1813 518 1905 (Legitur
535 1814 673 1906 insuper
689 1813 726 1882 iu
742 1815 894 1904 mcrglne
910 1835 920 1878 .·
937 1813 1037 1886 Later
1053 1813 1205 1885 33131133
1222 1815 1350 1910 Symcn
1368 1811 1519 1887 nuncius
1532 1813 1571 1888 G.
1589 1816 1635 1890 da
1652 1816 1721 1891 An·

318 1935 417 2028 glone
426 1934 603 2028 justitiarii
618 1935 704 2008 eitra
718 1934 848 2010 damen
863 1936 1011 2012 Salsum.
1023 1937 1108 2010 Date
1122 1938 1245 2012 suntsi
1260 1937 1356 2034 apud
1365 1937 1569 2032 viterbium,
1582 1939 1659 2014 XVI
1670 1941 1721 2012 la·

320 2057 464 2150 brnarii,
482 2057 559 2130 XIII
577 2056 807 2153 indictionis.)

530 2307 924 2318 ι------.--.-.....----...
966 2309 979 2316 -
1020 2308 1031 2315 -
1049 2307 1057 2316 .

372 2509 592 2590 Mandatum
611 2505 660 2590 ad
678 2507 869 2618 Angelum
887 2509 936 2590 de
952 2509 1075 2592 Merra
1100 2511 1149 2593 de
1167 2510 1432 2594 satisfaciendo
1460 2537 1529 2620 pro
1548 2511 1728 2598 interesse
1752 2527 1933 2635 *ratma-

321 2639 472 2723 Nicolao
489 2639 725 2725 Marchisano
743 2649 781 2722 et
806 2639 908 2724 encic
926 2639 1008 2750 ejus
1026 2643 1299 2726 mercatoribus
1316 2643 1510 2728 Romanis.

400 2841 530 2922 (Regnat.
544 2843 646 2922 tergm
660 2839 746 2902 nan.
760 2843 799 2913 11,
812 2841 865 2904 tol.
882 2851 919 2903 5³
933 2849 1029 2916 rectc3
1043 2846 1075 2904 ln
1088 2844 1160 2904 edlt.
1175 2845 1313 2921 Carnam,
1327 2861 1357 2922 p.
1376 2845 1458 2923 tte.)

370 3015 452 3085 Ilcm
469 3009 523 3110 [de
534 3013 689 3084 mandato
706 3013 856 3105 mngs'ctrt'
873 3012 1012 3114 Alteri]
1031 3013 1045 3110 (
1067 3016 1093 3110 l.

370 3133 590 3222 tredericus,
615 3143 697 3224 etc,
715 3135 847 3230 ringeln
871 3135 1065 3224 «tellaria,
1088 3147 1153 3210 etc.
1175 3139 1333 3212 Nicotaus
1355 3139 1592 3214 Marchisauus
1617 3141 1729 3218 tidelis

325 3267 438 3330 noster
450 3277 515 3352 pro
531 3267 627 3352 parte
639 3279 702 3330 sua
716 3270 750 3330 et
763 3259 880 3332 Iacchi
895 3259 940 3332 de
953 3261 1031 3350 1113,
1048 3269 1251 3334 mercatores
1263 3263 1426 3352 Romani,
1442 3265 1542 3336 nobis
1556 3265 1730 3338 humiliter

326 3380 625 3475 supplicaverunt,
650 3380 844 3475 quodcum
868 3381 913 3454 de
937 3383 1099 3455 mandato
1123 3394 1239 3456 nostru
1263 3385 1452 3458 restitueris
1473 3388 1522 3460 eis
1548 3390 1729 3483 pecuniam

210 3501 215 3510 '
325 3523 427 3595 quam
453 3511 568 3574 nostre
591 3523 724 3576 camere
742 3513 956 3598 mutuarent,
982 3506 1027 3579 de
1044 3507 1206 3580 interesse
1223 3507 1290 3579 sibi
1304 3508 1479 3601 satisfieri,
1504 3533 1583 3584 cum
1602 3513 1731 3586 exinde

327 3625 414 3696 sicut
430 3623 556 3696 dicitur
580 3646 647 3697 non
670 3625 891 3720 satisfeceris,
918 3629 1172 3714 mandaremus.
1191 3631 1261 3702 Nos
1285 3631 1390 3726 igitur
1417 3634 1623 3708 mandamus
1644 3658 1730 3730 qua-

328 3757 443 3836 lenus,
467 3749 497 3820 si
514 3758 566 3821 est
584 3751 650 3840 113,
669 3747 714 3820 (13
734 3751 926 3844 quantitate
943 3754 1105 3848 temporis
1124 3765 1158 3826 et
1176 3755 1340 3829 interesse
1361 3757 1444 3850 ipsis
1468 3760 1600 3834 ratione
1622 3762 1731 3836 debili

328 3871 513 3966 supradicti
531 3893 552 3942 a
571 3881 686 3944 nostra
702 3875 797 3946 curia
814 3874 946 3966 debile,
960 3873 1157 3970 diligentem
1176 3887 1211 3950 et
1227 3877 1364 3951 fidelem
1379 3881 1484 3955 facias
1499 3884 1679 3978 rationem,
1696 3895 1731 3958 el

329 4015 401 4067 cam
418 3995 519 4090 plane
535 3995 602 4066 sub
617 3995 731 4088 sigillo
745 4006 805 4068 tuo
826 3998 1015 4071 adsertam
1034 4009 1182 4072 nostram
1201 4003 1334 4074 mictas.

376 4117 498 4188 Datum
518 4115 611 4211 apud
627 4115 801 4210 tretium,
819 4119 866 4191 XI
877 4121 1046 4213 januarii,
1062 4123 1137 4195 XIII
1159 4123 1366 4197 indictionis.

556 4367 1503 4391 mamm·

383 4580 560 4666 Mandata
582 4587 631 4668 ad
650 4588 841 4672 Andreum
863 4591 911 4674 de
934 4593 1061 4675 Ginaia
1084 4605 1126 4676 ut
1150 4597 1232 4704 capi
1251 4596 1365 4682 133131
1390 4611 1428 4684 31
1444 4601 1602 4689 detineri
1620 4603 1733 4690 Ebu·
1760 4629 1823 4728 ¹31⁶
1831 4628 1937 4678 taem·

1796 4683 1919 4736 1133333311.

372 4762 415 4842 (a)
436 4765 615 4844 supplentur
626 4787 665 4831 ex
677 4777 748 4834 3313
759 4775 922 4854 marginali

412 4869 450 4932 V·
472 4881 561 4931 ΡΜ
1537 4902 1575 4954 ss
