4564 6038
625 668 706 732 1204
1153 657 1337 722 conusnr
1363 661 1514 734 ouasrr
1848 665 1931 744 [an.
1948 665 2027 730 raro.

621 811 817 876 nostrorum
836 793 981 868 evidens
995 792 1120 886 injuria
1138 815 1207 866 non
1224 793 1339 889 lieret,
1357 797 1443 892 ipsis
1461 797 1589 891 pariter
1601 795 1649 870 ad
1663 807 1814 870 nostram
1828 801 2028 893 presentiam

622 919 821 995 convocatis
836 930 871 990 et
888 916 1028 990 obtento
1050 913 1095 987 de
1116 915 1219 988 totius
1243 917 1478 992 universitatis
1500 917 1650 1012 gratuita
1673 920 1852 992 voluntate
1866 920 1962 1014 quod
1975 943 2030 1017 per

622 1043 766 1118 cundem
773 1089 1064 1112 ........
1086 1038 1294 1112 abbatissam
1308 1039 1466 1135 primitus
1486 1040 1630 1134 petitum
1645 1039 1722 1132 luit,
1740 1043 1829 1114 sient
1845 1043 1881 1114 in
1898 1063 2030 1116 eorum·
2156 1032 2159 1038 ’

623 1167 704 1240 dem
717 1163 847 1238 civium
869 1159 991 1232 litteris
1007 1159 1142 1253 plenius
1163 1161 1369 1249 continetur,
1391 1161 1533 1235 tandem
1549 1161 1668 1233 lavore
1689 1161 1824 1254 quoad
1848 1166 2030 1258 proiectum

623 1287 762 1362 feminei
775 1305 882 1358 sexus
897 1281 1030 1354 facilius
1046 1291 1161 1354 nostra
1175 1284 1359 1357 consuevit
1371 1283 1567 1356 sublimitas
1584 1283 1754 1370 inclinari,
1771 1286 1925 1380 predicte
1935 1288 2033 1360 abba

624 1413 707 1485 tissa
724 1405 1032 1505 supplicationibus
1045 1413 1250 1496 annuentes,
1263 1406 1463 1502 supradicta
1476 1406 1568 1478 bona
1583 1405 1742 1498 ejusdem
1758 1409 1955 1482 monasterii
1971 1432 2033 1504 que

623 1534 719 1629 apud
734 1531 942 1624 Uberlingen
963 1537 1055 1600 tenet
1076 1537 1110 1600 et
1128 1530 1283 1623 possidet
1298 1530 1333 1600 in
1350 1530 1462 1602 vineis
1474 1537 1510 1603 et
1525 1528 1686 1602 domibus
1706 1530 1741 1600 in
1759 1534 1932 1626 presenti,
1955 1555 2033 1628 per-

623 1667 729 1754 petuo
745 1655 790 1728 ab
807 1652 902 1726 omni
919 1652 1089 1724 talliarum
1105 1660 1140 1723 et
1157 1651 1348 1725 exactionis
1364 1673 1492 1746 genere
1504 1653 1660 1746 quolibet
1677 1655 1890 1728 auctoritate.
1914 1709 1924 1727 .
1949 1709 1958 1726 .
1985 1677 2027 1728 ·.··.
2068 1643 2076 1656 “

623 1779 858 1865 Romanorum
884 1773 1101 1870 imperatoris
1128 1774 1340 1846 serenissimi
1365 1785 1401 1848 et
1423 1785 1539 1848 nostra
1566 1775 1735 1850 duximus
1756 1778 1963 1870 eximenda,
1992 1779 2032 1850 ita

624 1909 741 1973 tamen
769 1895 915 1992 quodsi
937 1893 981 1968 de
1004 1915 1096 1966 novo
1115 1903 1177 1966 aut
1197 1895 1296 1968 titulo
1319 1887 1504 1991 emptionis
1527 1908 1587 1968 aut
1608 1897 1743 1990 piarum
1764 1899 2032 1993 elemosynarum

625 2019 792 2116 largitatis
796 2070 967 2091 .....
984 2027 1045 2090 aut
1061 2017 1129 2090 alio
1147 2017 1251 2090 modo
1264 2017 1382 2112 aliquo
1400 2019 1492 2092 bona
1509 2027 1570 2090 aut
1584 2019 1704 2115 predia
1717 2041 1787 2114 que
1798 2022 1870 2112 jam
1891 2023 2034 2093 servitiis

627 2142 753 2216 nostris
767 2148 926 2214 tenentur
938 2139 1103 2231 obnoxia,
1122 2137 1236 2212 eidem
1248 2139 1393 2213 ecclesie
1404 2141 1530 2214 luerint
1543 2141 1725 2235 acquisita,
1736 2141 1827 2213 sicut
1838 2143 2035 2215 tenebantur

497 2290 501 2298 ·
628 2269 677 2340 ita
694 2267 856 2360 deinceps
869 2263 916 2338 ad
931 2265 1104 2359 precarias
1118 2274 1301 2337 teneantur
1319 2287 1389 2359 que
1404 2287 1465 2359 pro
1479 2276 1632 2360 tempore
1649 2267 1775 2337 luerint
1792 2267 1972 2360 requisita.
1988 2267 2036 2340 Ad

629 2392 730 2482 cujus
746 2390 795 2461 rei
812 2389 916 2460 robur
932 2399 1098 2484 perpetuo
1116 2388 1321 2478 valiturum,
1343 2397 1536 2483 presentem
1554 2389 1706 2461 chartam
1721 2389 1825 2482 sigilli
1841 2391 1948 2462 nostri
1965 2413 2037 2461 mu·

630 2514 761 2586 nimine
777 2511 944 2584 duximus
960 2510 1204 2583 roborandam.

679 2637 795 2708 Testes
815 2635 919 2724 hujus
941 2634 990 2706 rei
1016 2643 1097 2704 sunt
1119 2633 1298 2704 Heinricus
1321 2633 1526 2706 venerabilis
1550 2633 1816 2705 constantiensis
1840 2633 2034 2730 episcopus,

630 2757 813 2832 cunradus
834 2756 1025 2850 Augensis,
1045 2755 1264 2827 borchardus
1287 2755 1528 2848 Rinaugiensis
1545 2757 1688 2829 abbates
1708 2758 1904 2852 principes,
1932 2759 2038 2852 Rilge·

631 2881 728 2954 rinus
753 2879 950 2976 prepositus
973 2880 1111 2972 majoris
1129 2879 1275 2951 ecclesie
1299 2877 1579 2969 Constantiensis,
1604 2879 1825 2954 Eberhardus
1850 2882 2039 2976 prepositus

632 3004 742 3078 saneti
757 3003 933 3099 Stephani,
950 3001 1019 3074 C...
1038 3001 1086 3097 (a)
1101 3003 1333 3074 Hartmannus
1352 3001 1397 3074 de
1413 3003 1591 3098 Quiburg,
1597 3058 1851 3078 .......
1871 3003 1982 3078 Crallo
1998 2987 2039 3076 de

633 3127 825 3218 Grutheim,
838 3126 934 3198 Cuno
949 3125 995 3198 de
1007 3125 1225 3198 Minzenberc
1242 3126 1429 3220 imperialis
1442 3127 1522 3200 aule
1536 3129 1758 3215 camerarius,
1777 3127 1955 3201 Conradns
1972 3127 2039 3222 pin·

633 3271 735 3324 cerna
753 3250 798 3322 de
817 3246 1074 3346 Win[terstett],
1098 3251 1177 3320 Otto
1195 3249 1414 3322 bertholdus.
1446 3301 1455 3320 .
1487 3305 1495 3322 .
1527 3303 1536 3346 .·
1567 3250 1644 3346 .(b)
1667 3251 1712 3326 de
1729 3253 1908 3346 Walpuro,
1927 3251 2040 3324 Wollr·

632 3395 750 3446 marus
765 3372 810 3446 de
825 3373 1081 3464 Kemenathen,
1095 3382 1130 3444 et
1147 3373 1204 3444 alii
1218 3373 1453 3467 quamplures.

681 3497 768 3568 Acta
782 3505 862 3567 sunt
876 3496 940 3568 bec
953 3516 1045 3568 anno
1063 3494 1200 3567 Domini
1214 3495 1393 3568 millesimo
1398 3549 1686 3569 ........
1713 3497 1826 3592 quadr
1829 3549 2036 3570 ......

634 3670 807 3690 .....
836 3621 992 3712 augusti,
1014 3617 1269 3692 terciodecimo
1294 3617 1482 3692 indictione
1500 3619 1514 3714 (
1532 3618 1563 3715 ).

681 3741 806 3814 Datum
822 3741 917 3836 apud
935 3741 1162 3836 Uberlingen,
1179 3763 1289 3834 anno,
1307 3763 1441 3831 mense,
1459 3741 1649 3818 indictione
1663 3745 1871 3840 prescriptis.

674 3915 716 3996 (a)
737 3917 941 3980 Varlalmlllter
955 3917 1112 3996 legendum
1125 3933 1226 3978 comer.

674 4021 716 4100 (ll)
736 4023 939 4100 supplendum
952 4021 1075 4104 dapifer,
1090 4026 1166 4084 nont
1176 4039 1276 4101 supra.

675 4125 712 4206 (c)
735 4129 806 4189 Post
817 4129 895 4190 hanc
908 4145 1011 4190 vocem
1027 4129 1233 4206 interpolatur,
1248 4129 1300 4206 qul
1314 4129 1474 4204 nmdmus,
1489 4131 1604 4192 notatio
1616 4130 1656 4203 Χ,
1671 4130 1794 4192 forsitan
1809 4146 1847 4190 ex
1862 4131 2044 4192 amanuunir

632 4235 803 4310 omtuntla,
819 4237 871 4314 qul
885 4251 987 4296 vocem
1001 4232 1110 4297 dedum
1124 4251 1249 4297 numero
1263 4251 1386 4312 romano
1402 4235 1500 4298 denno
1513 4239 1679 4314 exprimere
1695 4238 1831 4300 voluerit.
