4524 6012
532 707 593 770 686
1036 711 1249 772 sarbonici
1275 711 1449 772 sllcllrlltl
1757 709 1834 794 [dart
1854 711 1939 772 lato

582 843 632 914 Dc
646 845 816 938 impertisti
830 846 988 917 mandato
1002 850 1090 938 sueto
1097 869 1159 940 per
1172 848 1369 939 inoptatum
1381 845 1585 996 Riccordont
1597 845 1638 916 de
1652 845 1798 990 disjecto
1811 847 1943 940 aalma

535 969 572 1040 G.
592 969 831 1042 deducentia:
1406 1033 1410 1042 .

583 1091 801 1184 FredericuS,
826 1102 908 1176 eto,
933 1093 1089 1165 Nicolino
1112 1094 1255 1189 Spinule
1281 1095 1461 1166 ammirato
1486 1091 1605 1184 regni,
1636 1101 1701 1164 eto.
1729 1092 1944 1185 Benignitale

534 1225 697 1287 consueta
711 1218 902 1310 recepimus
915 1216 1073 1307 lieteras,
1089 1227 1154 1288 eto.
1172 1216 1273 1301 Quod
1291 1225 1407 1289 autem
1425 1213 1625 1310 significasti
1643 1223 1677 1286 te
1695 1223 1829 1286 tantum
1848 1213 1946 1288 adhi-

533 1337 650 1409 buisse
668 1339 821 1410 studium
846 1339 941 1434 quod
961 1339 1006 1413 de
1024 1340 1250 1434 proventibus
1271 1341 1366 1412 curie
1390 1349 1506 1412 nostre
1530 1339 1640 1410 taliter
1663 1338 1830 1411 ordinasti
1848 1336 1944 1432 quod

532 1462 648 1554 galeas
673 1463 798 1533 mullas
816 1462 905 1535 inter
924 1484 1032 1536 novas
1049 1474 1084 1536 el
1098 1472 1232 1536 veteres
1249 1473 1283 1534 et
1307 1462 1434 1535 teridas
1455 1471 1566 1556 preter
1591 1463 1658 1534 alia
1674 1483 1783 1555 parva
1800 1462 1946 1534 vassella

532 1585 577 1656 in·
593 1585 691 1659 brevi
716 1597 852 1680 paratas
874 1585 1018 1658 habebis
1040 1608 1103 1680 pro
1130 1588 1257 1659 nostris
1275 1587 1428 1658 servitiis
1450 1584 1636 1674 iaciendis,
1658 1585 1738 1658 licet
1754 1585 1946 1657 invenisses

532 1709 669 1802 negotia
695 1710 798 1782 maris
824 1711 860 1781 in
887 1711 972 1805 ipsis
995 1711 1151 1804 partibus
1169 1712 1269 1804 quasi
1293 1711 1407 1797 nulla,
1435 1711 1524 1782 inter
1545 1730 1633 1802 quas
1651 1708 1776 1800 viginti
1798 1718 1946 1804 quatuor

532 1833 682 1927 reparari
704 1834 787 1906 lacis
808 1834 988 1922 instanter,
1012 1855 1082 1928 que
1104 1835 1194 1907 adeo
1218 1833 1395 1906 devastate
1413 1842 1511 1905 erant
1526 1832 1622 1926 quod
1641 1832 1686 1905 ad
1708 1832 1945 1923 navigandum

533 1975 602 2026 non
621 1957 779 2029 valerent
800 1957 1017 2050 aliquatenus
1038 1968 1076 2028 ut
1097 1957 1281 2053 scripsisti,
1302 1967 1336 2028 et
1359 1967 1435 2029 octo
1455 1956 1540 2028 alias
1557 1977 1666 2027 novas
1680 1955 1765 2026 lacis
1781 1955 1946 2026 instanter

533 2075 608 2150 lieri
634 2078 724 2152 bene
747 2088 857 2174 aptas,
881 2100 945 2152 nec
967 2081 1162 2176 processisti
1186 2081 1395 2175 inpartibus
1419 2077 1544 2174 Apulis
1567 2078 1614 2151 ad
1639 2078 1832 2150 faciendam
1854 2099 1946 2150 nunc

533 2201 696 2292 majorem
726 2203 949 2294 quantitatem
979 2225 1099 2275 earum
1129 2226 1191 2299 pru
1218 2203 1421 2276 alleviandis
1451 2204 1616 2298 expensis
1645 2203 1741 2277 curie
1771 2211 1884 2274 nostre
1912 2213 1946 2274 et

532 2325 734 2420 reparandis
749 2325 826 2398 aliis
843 2326 961 2420 parvis
976 2327 1132 2400 vassallis
1151 2329 1246 2400 curie
1258 2337 1372 2400 nostre
1386 2349 1455 2422 que
1471 2326 1685 2420 reparatione
1701 2326 1893 2398 necessaria
1909 2325 1945 2396 in
1971 2413 1976 2426 Ι

532 2450 682 2543 presenti
696 2449 854 2542 indigere
871 2450 1050 2544 scripsisti,
1071 2459 1105 2523 et
1120 2450 1215 2544 quod
1228 2451 1454 2544 protentinos,
1473 2450 1614 2524 comites
1632 2458 1667 2522 et
1685 2451 1771 2522 alios
1785 2449 1946 2522 officiales

532 2583 720 2668 oportunus
733 2583 767 2646 et
786 2583 884 2668 aptos
902 2573 949 2646 ad
964 2574 1067 2646 maris
1087 2574 1200 2648 officia
1214 2582 1248 2646 et
1267 2583 1337 2646 tam
1353 2575 1575 2648 vassallorum
1593 2595 1698 2667 quam
1722 2573 1946 2646 darsanarum

535 2695 729 2769 custodiam
746 2697 907 2790 statuisti,
925 2719 990 2770 nec
1008 2719 1078 2771 non
1094 2720 1156 2793 per
1168 2697 1332 2772 darsanas
1347 2720 1434 2792 quas
1450 2719 1512 2792 per
1527 2697 1732 2770 maritimam
1746 2695 1871 2790 Apulia
1883 2696 1948 2765 im·

533 2822 702 2916 perlectas
717 2821 898 2912 invenisti,
916 2820 1034 2916 pertici
1052 2823 1139 2894 lacis
1158 2833 1193 2895 et
1211 2825 1378 2918 perlectas
1398 2844 1479 2897 cum
1499 2830 1622 2894 exacta
1638 2819 1815 2914 diligentia
1832 2829 1945 2890 custo·

533 2943 620 3035 diri,
642 2945 753 3039 placet
780 2945 879 3018 nobis
902 2955 936 3018 et
961 2945 997 3016 in
1019 2946 1179 3018 omnibus
1204 2968 1401 3048 processum
1426 2955 1524 3018 tuum
1545 2953 1580 3018 et
1599 2944 1755 3016 studium
1772 2963 1948 3018 commen-

533 3069 669 3142 damus.
687 3070 790 3157 Quod
818 3091 904 3146 vero
919 3070 1016 3166 apud
1032 3070 1267 3144 Brundusium
1292 3070 1459 3166 scripsisti
1488 3070 1654 3154 darsanas
1676 3090 1745 3141 non
1775 3067 1947 3140 invenisse

533 3205 703 3282 muratas,
727 3194 833 3266 immo
849 3194 916 3266 sub
932 3193 1086 3288 quodam
1101 3194 1253 3268 remedio
1268 3197 1360 3270 facto
1378 3193 1426 3268 ad
1446 3193 1589 3266 modum
1605 3191 1794 3285 logiarum,
1811 3198 1948 3286 propter

533 3315 628 3410 quod
644 3317 812 3411 expedire
830 3318 925 3389 curie
942 3327 1056 3390 nostre
1076 3318 1239 3414 scripsisti
1262 3328 1300 3390 ut
1320 3319 1357 3388 in
1375 3316 1499 3392 eadem
1518 3325 1607 3390 terra
1631 3336 1702 3410 que
1717 3313 1856 3387 videtur
1873 3335 1947 3388 esse

535 3449 639 3535 caput
657 3446 825 3511 terrarum
844 3440 1093 3512 maritimarum
1111 3441 1258 3534 Apulia,
1276 3439 1397 3514 fierent
1410 3461 1519 3537 propa
1530 3446 1681 3512 castrum
1699 3447 1855 3512 nostrum
1872 3436 1948 3509 dar

535 3583 619 3634 sane
629 3561 745 3635 lucide
762 3571 796 3634 et
810 3539 956 3654 murata,
973 3563 1009 3634 in
1028 3565 1156 3657 quibus
1167 3563 1291 3654 viginti
1306 3567 1405 3657 galee
1418 3571 1558 3660 possent
1573 3561 1668 3634 omni
1682 3569 1835 3653 tempore
1849 3579 1949 3654 opor·

538 3695 622 3757 tune
637 3705 789 3777 manere,
810 3687 922 3782 placet
934 3687 1036 3760 nobis
1058 3697 1096 3758 ut
1112 3688 1177 3759 hoc
1196 3686 1269 3760 fieri
1287 3689 1390 3760 iacias
1407 3709 1516 3783 prope
1532 3695 1696 3770 castrum,
1717 3683 1807 3754 sicul
1826 3683 1948 3754 melius

525 3807 582 3880 ad
598 3808 779 3880 utilitatem
799 3809 894 3882 curie
910 3821 1025 3883 nostre
1047 3810 1176 3883 videris
1198 3811 1376 3906 expedire.
1397 3813 1509 3906 Super
1528 3832 1570 3885 eo
1584 3807 1680 3904 quod
1696 3803 1897 3910 significasti
1915 3815 1948 3876 te

537 3930 711 4026 usquead
730 3931 896 4004 kalendas
913 3933 1020 4006 madii
1039 3935 1198 4028 proximo
1212 3935 1349 4007 venturi
1367 3944 1540 4030 reparatas
1557 3933 1683 4005 babere
1703 3929 1823 4003 decem
1841 3949 1948 4000 naves

537 4055 633 4128 curie
646 4063 762 4128 nostre
780 4065 814 4130 et
829 4056 917 4128 inter
935 4057 1051 4150 galeas
1069 4066 1104 4130 et
1121 4057 1249 4132 teridas
1268 4059 1388 4132 LXXV
1402 4066 1436 4132 et
1451 4058 1612 4130 omnibus
1633 4052 1834 4128 necessariis
1855 4071 1948 4122 com·

537 4179 706 4272 munitas,
724 4187 837 4274 preter
851 4181 918 4254 alia
935 4182 1034 4276 plura
1052 4203 1156 4276 parva
1170 4184 1337 4270 remella,
1355 4182 1401 4257 ad
1415 4182 1612 4255 laciendum
1627 4189 1711 4251 lunc
1725 4177 1948 4250 victoriosum

538 4304 677 4420 stolium
700 4314 854 4416 nostrum
874 4305 1088 4400 ubicumque
1103 4317 1219 4380 nostre
1238 4307 1424 4410 placuerit
1427 4305 1608 4410 majestati,
1629 4290 1712 4410 sa'tis
1725 4308 1865 4402 gratum
1885 4298 1950 4370 boc

539 4427 701 4540 ducimus
721 4436 756 4499 et
775 4437 975 4538 acceptum,
997 4427 1151 4504 fidelitati
1171 4439 1230 4504 tue
1252 4429 1454 4504 mandantes
1476 4439 1514 4502 ut
1534 4427 1581 4501 ad
1600 4423 1795 4500 habendam
1812 4421 1950 4516 quanti·

539 4520 643 4622 taleni
658 4549 769 4643 ipsam
784 4551 820 4621 in
834 4549 987 4645 predicto
999 4562 1152 4648 tompore
1166 4562 1319 4648 paratam
1335 4575 1472 4627 omnem
1486 4548 1668 4664 impendas
1685 4544 1951 4620 sollicitudiuem

540 4681 574 4744 et
590 4671 746 4746 studium
763 4695 834 4746 non
850 4675 1046 4748 remissum.
1061 4678 1174 4750 Placet
1193 4679 1296 4750 etiam
1313 4677 1479 4771 majestati
1496 4684 1611 4748 nostre
1621 4670 1720 4767 quod
1737 4670 1826 4742 duas
1843 4687 1951 4741 naves

540 4805 673 4869 nostras
692 4805 727 4868 et
742 4798 877 4872 tertiam
900 4809 1033 4894 partem
1054 4801 1196 4874 alterius
1216 4821 1287 4896 que
1304 4809 1385 4873 sunt
1402 4790 1438 4872 in
1458 4809 1560 4896 portu
1576 4793 1780 4886 Brundusii,
1796 4791 1842 4866 ad
1856 4811 1951 4864 uom-
