4374 6010
541 651 602 718 896
1042 657 1254 743 salutaret
1280 659 1455 722 sacuam
1762 653 1842 738 [Iar.
1860 655 1944 718 12⁴0.

541 799 718 886 prenotata
735 802 769 864 et
786 813 828 866 ea
845 814 914 887 qua
933 802 1003 866 tam
1019 793 1056 864 iu
1074 794 1171 884 salis,
1192 795 1357 885 cameris,
1377 792 1481 866 voltis
1498 799 1533 865 ct
1544 789 1707 864 domibus
1723 812 1830 885 quam
1844 791 1946 863 etiam

541 914 577 986 in
595 914 673 988 aliis
689 913 836 989 edificiis
853 913 1187 994 viderisneccssario
1202 917 1453 1014 quodpropter
1471 913 1609 1010 pluvias
1625 911 1776 987 debeant
1792 913 1947 1009 coltopo-

540 1035 613 1128 riri,
630 1047 733 1134 prout
748 1037 872 1112 melius
888 1038 1032 1132 videris,
1048 1041 1124 1114 sine
1138 1041 1274 1134 maguis
1285 1039 1450 1135 expensis
1466 1037 1572 1112 iacias
1590 1035 1685 1128 lieri;
1700 1035 1830 1110 solidos
1842 1035 1947 1109 etiam

540 1169 576 1232 et
592 1161 784 1236 necessaria
801 1162 868 1236 alia
887 1171 956 1236 tam
974 1163 1168 1236 castellanis
1186 1185 1292 1259 quam
1310 1161 1466 1260 personis
1483 1161 1561 1234 aliis
1580 1161 1814 1234 statutis'cum
1835 1157 1886 1232 cis
1902 1157 1948 1232 ad

540 1283 730 1357 custodiam
750 1293 941 1360 castromm
958 1285 1112 1381 ipsorum
1128 1287 1231 1379 Juxta
1248 1285 1344 1382 quod
1359 1307 1423 1383 per
1436 1285 1567 1358 curiam
1582 1292 1736 1357 nostram
1750 1281 1946 1356 ordinatum

539 1416 605 1496 cst,
623 1407 730 1481 iacias
744 1407 903 1482 exhiheri
918 1429 981 1505 per
993 1407 1233 1483 Alexandrum
1248 1407 1359 1482 lilium
1371 1407 1524 1500 lienrici,
1542 1405 1680 1480 fidelem
1698 1414 1869 1496 nostrum,
1889 1406 1946 1478 cui

539 1529 664 1604 damus
681 1553 743 1626 per
760 1540 893 1604 nostras
911 1531 1048 1605 licterss
1066 1533 1102 1604 iu
1120 1532 1293 1606 mandatis
1312 1543 1351 1605 ut
1368 1531 1414 1604 ad
1431 1530 1690 1627 requisitionem
1705 1539 1802 1602 tuam
1825 1528 1947 1602 castel-

538 1651 627 1724 lanis
648 1652 734 1748 ipsIs
758 1651 886 1726 solidos
909 1663 944 1726 et
960 1654 1152 1728 necessaria
1178 1653 1246 1728 alia
1267 1675 1329 1748 pro
1348 1673 1387 1726 se
1407 1661 1442 1726 et
1463 1651 1618 1748 personis
1639 1652 1776 1724 statutis
1797 1651 1946 1724 cumeis

539 1773 664 1848 debeat
685 1774 868 1865 exhihere,
881 1777 984 1868 juxta
1008 1797 1192 1851 numerum
1215 1798 1439 1873 personarum
1462 1775 1498 1847 iu
1516 1773 1644 1848 lictoris
1663 1774 1787 1848 nostris
1813 1773 1944 1847 eisdm

538 1899 732 1972 castellanis
749 1899 958 1972 transmissis
979 1910 1195 1986 contentum,
1216 1910 1251 1972 et
1272 1899 1455 1996 pecuniam
1476 1899 1579 1972 etiam
1602 1919 1666 1994 pro
1685 1895 1946 1994 cohoperiendis

537 2019 622 2114 ipsis
643 2016 788 2092 edificiis
802 2019 927 2094 debeat
940 2021 1003 2093 tibi
1020 2021 1116 2094 dare.

586 2145 711 2216 Datum
725 2144 849 2248 Fogie,
863 2144 940 2216 XIII
954 2144 1090 2239 aprilis,
1104 2145 1182 2218 XIII
1198 2145 1408 2219 indictionis.

584 2268 633 2336 Ile
660 2267 825 2360 superiori
850 2266 1009 2338 mandato
1034 2269 1169 2362 scripsit
1196 2268 1282 2340 idem
1310 2267 1463 2368 mune
1487 2289 1551 2360 pro
1581 2265 1772 2340 castellanis
1798 2266 1884 2336 Bari
1914 2275 1946 2337 ct

539 2390 644 2460 Trcai
654 2415 668 2458 .·

583 2511 799 2602 Fredericus,
812 2521 896 2606 ete,
914 2511 1113 2587 Alexandro
1125 2511 1196 2587 filio
1212 2513 1364 2607 Henrici,
1384 2523 1451 2587 etc.
1468 2515 1535 2584 Per
1549 2513 1662 2584 mania
1674 2511 1803 2584 similos
1816 2511 1947 2585 lictores

534 2655 636 2726 resque
663 2631 818 2705 fidelitati
848 2644 908 2707 tue
933 2635 1154 2730 precipiendo
1181 2635 1387 2718 mandamus
1415 2645 1587 2729 quatenus
1614 2631 1661 2706 ad
1688 2633 1948 2728 requisitionem

535 2755 619 2830 dicti
643 2755 811 2831 Gnidonis
829 2755 875 2830 de
893 2756 1039 2848 Gnasto,
1061 2757 1125 2832 des
1148 2759 1212 2830 sibi
1236 2757 1281 2832 de
1301 2758 1449 2854 pecunia
1470 2757 1565 2830 curie
1581 2766 1698 2830 nostre
1722 2778 1792 2852 que
1811 2767 1864 2830 est
1887 2779 1948 2853 par
2047 2833 2052 2842 ,

534 2901 660 2953 manns
678 2889 756 2954 tuas
768 2901 831 2975 pro
847 2879 1108 2977 cohopericndis
1126 2882 1201 2954 sine
1217 2882 1353 2978 magnis
1369 2881 1533 2979 expensis
1543 2880 1637 2972 salis,
1656 2879 1829 2974 domibus,
1845 2879 1949 2954 voltIs

535 3025 670 3078 camere
684 3014 719 3078 ct
741 3003 888 3079 edificiis
913 3006 990 3078 aliis
1008 3027 1078 3102 que
1102 3017 1240 3104 propter
1263 3007 1403 3102 pluvias
1425 3005 1554 3080 viderit
1570 3005 1664 3079 idem
1690 3005 1732 3078 G.
1753 3006 1947 3080 necessario

535 3127 800 3224 cohoperienda.
820 3130 888 3202 Des
903 3130 1006 3202 etiam
1021 3129 1067 3204 ad
1085 3131 1344 3226 requisitionem
1359 3132 1511 3228 ipsorum
1531 3131 1793 3203 castellanorum
1811 3139 1948 3202 castro-

534 3273 613 3323 rum
635 3251 808 3347 ipsomm,
828 3251 958 3324 solidos
982 3261 1016 3326 et
1032 3253 1226 3326 necessaria
1250 3254 1318 3328 alia
1338 3275 1401 3350 pro
1419 3275 1457 3328 se
1480 3237 1515 3327 et
1535 3253 1692 3350 personis
1712 3251 1849 3324 statutis
1867 3273 1948 3324 cum

534 3375 586 3448 eis
602 3372 650 3447 ad
666 3373 857 3448 custodiam
872 3373 1073 3449 eorumdem
1089 3387 1293 3472 castrorum,
1311 3377 1505 3450 secundum
1519 3397 1703 3450 numerum
1722 3395 1948 3472 personarum

535 3495 736 3571 distinctum
757 3497 793 3570 in
809 3497 915 3572 literis
935 3495 1062 3573 nostris
1085 3500 1218 3574 eisdem
1234 3501 1426 3575 castellanis
1447 3499 1655 3574 transmissis
1674 3507 1709 3572 et
1723 3499 1827 3592 juxta
1849 3497 1948 3594 quod

533 3641 596 3717 per
607 3629 758 3693 nostram
772 3621 902 3694 curiam
917 3621 1033 3695 extitit
1049 3621 1259 3697 ordinatum.

478 3739 482 3750 '
582 3745 707 3815 Datum
726 3739 776 3840 [at
792 3741 926 3846 supro}

581 3865 713 3940 Eodem
745 3865 804 3942 dic
829 3867 882 3942 ds.
895 3869 1075 3965 imperiali
1104 3869 1268 3944 mandato
1296 3873 1385 3946 iacto
1414 3893 1478 3968 per
1506 3869 1710 3964 magistrum
1740 3863 1948 3940 Iliccardum

533 3991 671 4086 scripsit
691 3992 844 4066 notarius
865 3993 1071 4067 laurentius
1097 3995 1142 4068 de
1164 3993 1360 4068 Brundusio
1384 3993 1524 4068 Nicolao
1542 3991 1589 4066 de
1611 3991 1804 4088 Capitinata
1828 3987 1879 4086 (o)
1906 3997 1948 4060 ut

533 4113 651 4187 veniat
677 4113 723 4188 ad
753 4115 906 4206 curiam,
934 4117 1018 4212 quia
1031 4117 1208 4215 ,domnus
1236 4118 1408 4216 disposuit
1432 4115 1529 4214 loqui
1556 4137 1637 4190 cum
1660 4135 1703 4190 eo
1727 4133 1834 4210 super
1859 4111 1948 4208 qui-

532 4236 696 4310 busdam.

582 4361 667 4433 Item
688 4361 824 4458 scripsit
849 4341 986 4436 ilcteras¹
1014 4365 1227 4462 responsales
1249 4365 1391 4440 sicleriis
1411 4361 1599 4438 Brundusii
1619 4359 1716 4458 quod
1736 4355 1948 4431 subveniant

534 4481 675 4556 domiuo
696 4483 733 4555 in
747 4485 897 4579 presenti
914 4486 1055 4562 servitio
1075 4497 1110 4562 et
1128 4497 1263 4586 portent
1282 4511 1403 4564 omnes
1425 4510 1508 4563 cum
1528 4485 1774 4576 universitate,
1796 4480 1879 4577 quia
1900 4478 1946 4553 de

575 4748 616 4828 (a)
638 4749 674 4810 m
687 4752 820 4829 nnana
833 4751 1453 4836 voemparonsoumasmprnmu.
