4468 6010
256 671 353 736 lmcr.
370 672 434 752 la]
705 673 901 738 tttsrosla
926 674 1218 740 olvnottttrtcn.
1605 669 1665 732 823

257 807 431 882 lidelitetis
452 817 513 883 tue
529 809 685 898 lictores,
702 819 738 884 et
756 811 893 906 plenius
910 811 1093 884 'intellectis
1116 811 1182 906 hys
1204 829 1273 904 que
1296 808 1343 883 de
1364 827 1526 903 processu
1546 804 1665 879 habito

257 953 372 1006 coram
390 941 426 1006 te
442 931 532 1004 iuter
547 931 721 1006 blachiam
738 935 953 1008 incusantem
970 934 1010 1007 G.
1030 933 1075 1009 de
1091 934 1182 1006 Naro
1196 929 1293 1027 quod
1307 929 1514 1026 languenam
1529 930 1665 1024 plenam

256 1065 396 1130 monete
420 1056 554 1150 argenti
580 1056 820 1131 invenissetiu
842 1059 947 1132 casali
970 1055 1068 1153 quod
1091 1057 1219 1131 dicitur
1235 1055 1379 1128 Ciuiana
1395 1062 1431 1128 et
1444 1052 1605 1126 eumdem
1621 1051 1663 1124 G.

259 1177 320 1272 qui
335 1178 568 1252 manifestavit
581 1179 645 1252 tibi
662 1181 752 1254 sicut
767 1181 931 1277 scripsisti
951 1203 989 1255 se
1004 1181 1119 1276 ipsum
1135 1180 1333 1254 thesaurum
1350 1178 1523 1250 invenisse
1539 1177 1574 1248 in
1591 1175 1666 1248 loco

259 1301 431 1396 predicto,
448 1302 510 1398 qui
526 1303 640 1376 sciens
656 1305 876 1400 postmodum
896 1314 931 1378 te
954 1314 1106 1378 amotum
1130 1305 1177 1377 ab
1193 1303 1306 1376 officio
1323 1311 1439 1375 nostro
1457 1300 1548 1374 dixit
1571 1297 1667 1393 quod

260 1445 328 1496 non
344 1425 410 1498 init
428 1425 476 1500 ita
492 1426 659 1500 sicuttibi
677 1429 970 1517 manifestaverat,
991 1451 1071 1502 ecce
1086 1405 1270 1502 scribimus
1282 1429 1324 1502 li.
1344 1426 1391 1500 de
1413 1423 1554 1516 Amicis,
1579 1435 1665 1514 etc,

261 1557 300 1620 ιιι
314 1546 355 1620 G.
375 1549 488 1645 ipsum
504 1573 525 1624 a
541 1559 576 1624 te
591 1551 749 1648 recipiat,
775 1561 811 1625 et
827 1553 910 1647 quia
926 1551 1083 1625 fraudem
1100 1553 1176 1644 ejus
1195 1551 1345 1626 ostendit
1360 1548 1504 1623 evidens
1525 1549 1668 1640 conjec-

262 1680 355 1760 tura,
377 1671 492 1768 ipsum
509 1673 613 1748 subdi
635 1675 739 1748 iaciat
758 1675 931 1770 questioni
954 1687 993 1748 ut
1014 1677 1081 1748 sub
1105 1675 1282 1748 tormentis
1301 1683 1440 1747 eruatur
1456 1671 1582 1744 veritas
1599 1693 1669 1765 quc

262 1815 323 1888 per
344 1795 509 1870 malitiam
530 1799 734 1871 occultatur.
757 1801 808 1871 Tu
830 1799 936 1896 igitur
957 1798 1119 1873 eumdem
1144 1800 1186 1872 G.
1213 1797 1327 1872 eidem
1348 1795 1532 1892 justitiario
1555 1805 1670 1867 nostro

262 1917 417 2012 msignes
435 1929 474 1991 ut
489 1919 641 1992 officium
666 1943 770 1994 suum
790 1933 949 1996 exerceat
968 1922 1004 1994 iu
1025 1923 1199 1996 eumdem.
1221 1921 1374 2018 Capitula
1395 1920 1498 1994 etiam
1522 1919 1591 1990 tuis
1615 1919 1671 1990 lit-

263 2041 344 2114 teris
358 2042 543 2116 interclusa
556 2045 819 2140 prospeximus,
839 2055 875 2120 et
888 2067 970 2119 ecce
987 2045 1050 2117 tibi
1068 2045 1248 2118 adomnia
1270 2043 1533 2140 respondemus.
1559 2042 1672 2114 Primo

263 2161 307 2238 de
321 2165 429 2238 armis
451 2166 626 2260 quondam
644 2168 822 2240 camerarii
837 2190 907 2264 que
921 2169 1071 2242 babebat
1092 2170 1211 2242 Petrus
1230 2167 1442 2240 Manlianus
1457 2175 1492 2240 ct
1513 2165 1672 2260 recepisti

264 2287 308 2360 ab
328 2309 371 2360 eo
389 2299 424 2362 et
443 2290 624 2384 assignasti
648 2293 831 2366 castellano
849 2301 966 2366 nostro
986 2291 1208 2388 Calatapbimi
1231 2291 1422 2364 secundum
1440 2298 1555 2362 actum
1577 2287 1674 2382 quod

265 2411 347 2484 inde
364 2413 488 2486 misisti
509 2417 605 2488 curie
621 2427 756 2506 nostre,
781 2417 922 2512 recepit.
943 2419 993 2490 De
1013 2417 1267 2512 provisionibus
1290 2413 1338 2508 (a)
1366 2415 1560 2506 bajulorum
1586 2433 1674 2506 quas

265 2557 325 2628 pro
350 2535 491 2608 residuo
512 2537 762 2630 bajulationum
787 2561 875 2634 quas
892 2552 1064 2631 emerant,
1093 2562 1171 2610 cum
1200 2539 1384 2634 pecuniam
1402 2537 1553 2610 debitam
1579 2535 1673 2608 curie

265 2667 380 2731 nostre
400 2680 471 2731 non
490 2661 679 2753 solverent,
700 2663 746 2735 ad
766 2684 853 2758 opus
876 2673 1030 2736 nostrum
1052 2663 1172 2758 cepisti
1191 2664 1236 2735 ab
1256 2663 1325 2749 eis,
1352 2683 1421 2755 que
1442 2660 1561 2732 valent
1585 2659 1675 2731 sicut

264 2781 428 2876 scripsisti
441 2781 489 2856 ud
506 2783 651 2880 duplum
666 2785 762 2880 quod
776 2795 891 2860 nostre
906 2788 1001 2860 curie
1015 2789 1232 2875 tenebantur,
1250 2807 1331 2859 ecce
1350 2785 1530 2858 scribimus
1544 2791 1674 2856 secreto

265 2905 423 2978 Panormi
441 2905 534 2980 fideli
552 2919 668 2981 nostro
689 2918 728 2982 ut
740 2911 833 3007 ipsas
848 2933 869 2984 a
887 2922 921 2983 te
934 2913 1077 3006 recipiat
1094 2911 1188 2984 etad
1204 2931 1293 3006 opus
1308 2919 1463 2983 nostrum
1481 2908 1583 2981 iaciat
1595 2928 1676 3002 pro-

265 3029 397 3120 curari;
422 3030 666 3104 nichilominus
688 3041 803 3106 tamen
830 3036 1055 3128 quantitatem
1079 3045 1113 3108 et
1141 3035 1279 3107 nomina
1308 3032 1502 3106 debitorum
1527 3039 1563 3104 et
1588 3027 1675 3125 quid

265 3152 379 3225 valeat
408 3153 505 3246 quod
532 3155 578 3227 ab
600 3176 812 3251 unoquoque
829 3159 1005 3254 acceperis
1028 3159 1128 3233 nobis
1150 3157 1324 3252 significes
1347 3157 1510 3230 scriatim.
1535 3157 1586 3226 De
1608 3175 1675 3250 pe-

264 3277 368 3348 cunia
388 3287 624 3372 proventuum
643 3280 881 3373 bajulatiouis,
901 3285 1031 3356 scilicet
1051 3283 1223 3356 sexcentis
1239 3283 1351 3354 unciis
1364 3281 1459 3371 auri,
1483 3301 1572 3375 quas
1589 3278 1676 3352 dicis

263 3419 341 3471 esse
363 3420 474 3494 penes
494 3409 529 3472 te
558 3411 593 3473 et
622 3404 840 3497 recollegisse
869 3405 914 3478 de
945 3407 1084 3479 residuo
1110 3407 1357 3498 bajulatiouum
1379 3405 1531 3500 ipsarum
1557 3402 1677 3474 uncias

263 3519 577 3617 quadringentum,
594 3547 664 3619 que
686 3548 807 3599 omnes
826 3549 897 3600 una
918 3539 999 3601 sunt
1020 3529 1133 3618 mille,
1153 3527 1343 3623 dequibus
1366 3525 1453 3622 quid
1477 3527 1626 3600 velimus
1643 3535 1677 3598 tc

265 3645 379 3718 lacem
403 3655 559 3718 nostrum
587 3647 843 3745 beneplacitum
867 3653 1066 3746 quesivisti,
1093 3651 1298 3725 mandamus
1324 3649 1479 3722 fidelitati
1504 3659 1563 3721 tue
1589 3671 1676 3744 qua·

263 3777 368 3842 tenus
384 3770 511 3842 sicum
530 3782 706 3866 presentes
720 3775 850 3848 litterae
868 3777 1056 3872 receperis,
1073 3797 1142 3848 non
1162 3775 1341 3868 assignasti
1358 3795 1417 3846 eas
1426 3771 1539 3865 judici
1550 3773 1677 3846 lacobo

264 3888 310 3964 dc
323 3893 442 3988 Capua
458 3891 551 3967 lidcli
565 3905 680 3969 nostro
693 3919 799 3992 quem
815 3919 877 3992 pro
902 3899 1132 3994 recolligenda
1149 3900 1295 3994 pecunia
1310 3896 1355 3968 ab
1373 3897 1577 3970 officialibus
1597 3917 1677 3968 nos-

264 4013 326 4086 tris
342 4015 379 4086 in
397 4015 512 4088 Sicilia
535 4017 702 4092 duximus
722 4021 1047 4110 transmictendnm,
1069 4031 1107 4094 ιιι
1125 4023 1219 4117 ipsas
1240 4023 1273 4093 M
1291 4021 1414 4093 uncias
1439 4021 1551 4094 eidem
1568 4019 1677 4112 judici

264 4137 395 4210 Iacobo
416 4137 463 4211 ad
488 4160 576 4234 opus
602 4142 698 4216 curie
718 4154 834 4217 nostre
859 4144 988 4218 debeas
1013 4146 1089 4218 sine
1116 4167 1212 4218 mora
1234 4144 1389 4239 qnalibet
1412 4143 1603 4236 assignare.
1628 4143 1678 4213 De

266 4261 379 4333 tribus
397 4261 562 4352 jumentis
584 4286 655 4359 que
681 4268 820 4340 luerunt
841 4269 883 4340 il.
906 4268 952 4341 de
978 4269 1138 4342 Calvellis
1161 4269 1310 4340 inventis
1334 4265 1430 4361 apud
1455 4264 1677 4356 Acrigentum

267 4383 336 4455 sub
350 4383 512 4457 custodia
527 4387 691 4480 Stephani
705 4391 831 4484 Pisani,
848 4413 918 4486 que
936 4391 1117 4486 assignasti
1134 4392 1223 4464 sicut
1238 4389 1404 4485 scripsisti
1417 4391 1459 4460 li.
1476 4387 1521 4460 de
1537 4387 1677 4460 Nicolao

268 4507 419 4580 moterlo
435 4511 635 4584 marescallo
647 4522 776 4604 nostre,
792 4515 904 4608 placet
921 4514 1022 4588 nobis
1036 4515 1133 4609 quod
1147 4515 1276 4606 iecisti;
1299 4513 1344 4586 de
1356 4523 1505 4607 quatuor
1513 4511 1679 4604 jumentis

309 4765 354 4847 (θ)
375 4766 444 4843 Βῑθι
459 4767 617 4848 legendum
631 4789 702 4836 vero
709 4774 946 4856 pascente,
961 4780 1039 4841 elcut
1051 4777 1129 4840 tnlra
1141 4785 1325 4856 compertum
1338 4775 1492 4837 ιιιικιιιιιι.
