4564 6038
570 659 649 720 1222
1115 657 1420 720 ΑΒΒΙΤΑΜΕΝΤΑ.

566 791 676 866 tiendi
688 792 723 862 in
742 790 855 862 virum
871 799 905 862 et
916 789 1058 882 jurandi
1077 789 1113 860 in
1127 791 1276 864 animam
1289 801 1385 864 tuam
1399 791 1427 862 si
1446 811 1535 886 opus
1553 791 1653 864 luerit
1666 800 1866 887 potestatem
1885 815 1973 867 eon-

567 915 688 1005 cedas‚
704 915 917 986 voluntatem
936 923 1031 985 tuam
1049 913 1149 986 nobis
1166 915 1321 988 celeriter
1339 913 1529 988 rescribere
1541 935 1609 988 non
1628 925 1826 1011 postponas.

614 1041 738 1111 Datum
754 1038 927 1124 Laterani,
947 1038 1156 1112 llkalendas
1171 1039 1272 1132 maii,
1289 1062 1381 1114 anno
1396 1040 1471 1112 Xll.

615 1298 657 1368 ln
685 1295 830 1367 eamdem
852 1298 921 1387 fere
945 1295 1090 1366 modum.
1123 1350 1132 1366 .
1163 1297 1306 1368 .obboti
1327 1295 1552 1383 samariensi,
1580 1293 1846 1366 Comoldulensis
1877 1295 1977 1366 ordi-

566 1420 640 1509 nis,
659 1418 868 1491 Plovocerrais
892 1419 1049 1504 doceor,
1069 1439 1171 1512 osque
1193 1421 1231 1490 ia
1251 1420 1378 1512 finan:
1402 1419 1555 1511 ideoque
1577 1415 1783 1488 mandamus
1804 1426 1978 1510 quatenus

566 1543 712 1618 eandem
726 1543 945 1616 Domioellam
960 1541 1006 1615 ad
1022 1541 1059 1615 id
1074 1542 1257 1615 efficaciter
1267 1563 1409 1615 moneas
1421 1551 1456 1615 et
1467 1541 1626 1632 inducas,
1645 1550 1680 1612 et
1690 1539 1772 1634 quia
1784 1561 1854 1612 non
1868 1549 1977 1634 cirpe-

567 1667 620 1741 dit
637 1677 677 1740 ut
698 1677 786 1740 terra
806 1688 868 1738 sua
891 1688 960 1760 qne
981 1673 1034 1737 est
1056 1665 1211 1738 Romane
1232 1666 1384 1738 Ecclesie
1404 1665 1581 1761 specialis,
1606 1663 1652 1737 ad
1678 1685 1801 1736 manus
1829 1664 1976 1755 alicujus

568 1789 732 1865 deveniat
756 1789 816 1882 qni
842 1810 912 1862 non
936 1789 980 1860 sit
1003 1786 1114 1862 fidelis
1136 1788 1229 1862 sedis
1254 1790 1439 1884 apostolica
1457 1811 1498 1861 ac
1521 1787 1686 1879 devotus,
1712 1787 1745 1860 ei
1770 1788 1836 1859 sub
1857 1785 1977 1860 fideli-

566 1914 645 1987 tatis
666 1911 741 2009 (sir)
762 1923 796 1984 ct
818 1933 907 2006 pena
925 1913 1289 1986 excommunicationis
1308 1911 1450 1986 firmiter
1471 1913 1628 1986 inhibere
1648 1933 1811 2007 pmcures
1827 1933 1872 1983 ne
1893 1933 1973 1984 cum

567 2038 686 2130 aliquo
701 2036 880 2108 contrabat
896 2037 1030 2129 absque
1044 2045 1162 2110 nostra
1176 2035 1313 2108 licentia
1329 2036 1482 2130 speciali.
1532 2105 1536 2116 ,
1912 2049 1914 2054 ·

615 2163 740 2234 Datum
754 2159 928 2248 Laterani,
948 2161 992 2232 iv
1009 2181 1120 2232 nonas
1140 2160 1239 2250 maii,
1256 2181 1347 2232 anno
1362 2159 1438 2232 Xll.

782 2463 1368 2476 *nnn—amma-
1374 2467 1408 2474 ...-
1415 2466 1600 2474 -----—.----
1606 2465 1722 2473 ..ια-ιι...
1729 2464 1755 2473 ...ι

621 2721 855 2831 Fridericus,
875 2724 1133 2808 Romanorum
1151 2724 1370 2832 imperator,
1392 2723 1558 2832 dymaro
1576 2723 1623 2805 de
1643 2723 1796 2806 Groslee
1818 2723 1972 2806 domiuo

385 2740 519 2792 Cremonae,

364 2793 476 2837 novembri
482 2795 541 2838 1238.

534 2923 536 2928 ,
568 2857 616 2938 de
637 2855 830 2938 Bressiaco
857 2856 1070 2965 (Bressieu)
1092 2856 1153 2966 (i)
1179 2867 1217 2940 et
1238 2858 1286 2939 de
1311 2855 1438 2941 Monte
1464 2855 1604 2941 Revelli
1623 2855 1683 2965 (2)
1711 2856 1972 2938 auctoritatem

568 2990 764 3097 quondum
782 2989 1133 3096 praedecessoribus
1160 2989 1242 3097 ejus
1270 2987 1459 3072 indultam
1486 2989 1612 3072 denuo
1634 2988 1824 3090 concedit,
1845 2987 1973 3070 susci-

567 3121 696 3228 piendi
714 3121 855 3203 scilicet
878 3131 915 3203 et
941 3122 1117 3231 exigendi
1141 3121 1345 3230 pedagium
1372 3121 1413 3201 in
1439 3132 1541 3204 terra
1569 3131 1606 3204 et
1631 3122 1902 3204 mandamento
1928 3121 1975 3201 de

567 3252 775 3336 bressiaco.

650 3493 819 3574 (Memorat.
830 3497 860 3553 in
871 3494 1000 3572 quodam
1011 3495 1158 3554 inveniar.
1173 3493 1253 3554 titul.
1264 3491 1403 3568 Delphin.
1416 3490 1550 3570 (Archiv.
1561 3491 1598 3552 de
1611 3491 1718 3568 l’Emp.
1731 3491 1759 3550 K
1773 3496 1840 3559 itia,
1853 3487 1888 3548 n'
1900 3487 1970 3565 ⁵62)

688 3617 727 3661 ex
739 3600 799 3661 vol.
822 3601 903 3660 dicto
916 3597 951 3659 de
963 3600 1042 3660 ruint
1054 3595 1211 3677 Marcella,
1231 3616 1258 3675 p.
1283 3607 1352 3670 ati,
1373 3607 1403 3658 et
1419 3615 1458 3658 ex
1476 3600 1598 3678 registro
1612 3597 1690 3656 dicto
1711 3596 1829 3676 quintus
1847 3591 1920 3652 liber
1937 3610 1974 3652 ex

557 3697 562 3711 '
687 3702 821 3786 pluriter
838 3703 1047 3779 tatmmtttm,
1066 3705 1119 3766 toi.
1140 3714 1189 3766 ts.
1210 3705 1346 3766 vidimus
1364 3705 1401 3765 ‹ie
1415 3719 1494 3764 anno
1513 3713 1603 3777 irre,
1622 3711 1658 3763 ro
1671 3703 1764 3780 junii,
1779 3717 1817 3760 ex
1834 3700 1974 3760 mandato

691 3795 897 3892 gubernatoris
917 3819 947 3873 et
967 3811 1140 3890 parlamenti
1160 3811 1373 3888 Delphinum,
1397 3829 1449 3871 sur
1470 3807 1500 3870 la
1521 3809 1636 3892 reperite
1656 3806 1770 3868 daem
1791 3803 1924 3886 Aymnrd
1940 3801 1974 3865 de

693 3915 815 3996 Grorlta,
830 3917 962 4000 seipueur
974 3915 1058 3980 dedit
1071 3915 1224 3996 arem)

621 4133 746 4204 Datum
766 4133 949 4224 Cremona,
969 4153 1060 4203 anno
1075 4130 1248 4206 dominice
1262 4131 1503 4204 incarnationis
1514 4129 1561 4203 Μ.
1577 4127 1639 4202 CC.
1653 4125 1843 4217 xxxviii,
1861 4147 1978 4198 mense

574 4254 772 4346 novembri,
792 4254 978 4328 indictione
993 4255 1066 4327 iiii.

611 4578 646 4652 iil
662 4577 743 4648 luere,
758 4573 984 4632 arrondissemsnt
992 4572 1027 4630 de
1039 4573 1271 4645 Saintliarcellin,
1283 4579 1381 4631 canton
1395 4574 1429 4630 de
1438 4564 1635 4630 saint-Etienne
1645 4570 1678 4628 de
1691 4568 1881 4628 SaintGeoirs.

612 4677 649 4749 (2)
668 4676 750 4746 istra,
764 4671 990 4730 armndiesemant
999 4669 1034 4728 de
1045 4669 1071 4727 ia
1082 4669 1272 4744 leuda-Pin,
1287 4677 1385 4728 canton
1397 4671 1431 4728 de
1441 4669 1543 4730 Virieu.
