4564 6038
563 563 639 624 12³2
1107 577 1418 640 AllllthlllllNTll.

557 700 691 794 aliquid
707 701 808 776 nobis
821 703 942 778 luisset
955 706 1182 802 diminutum,
1203 713 1301 806 qnod
1318 713 1464 784 libenter
1480 711 1581 784 nobis
1601 712 1819 788 restituerent
1834 723 1871 787 et
1886 717 1961 789 lace

557 832 634 895 rent
648 826 799 917 restitui3
827 827 890 900 sed
916 829 945 901 si
970 853 1031 924 per
1048 832 1227 907 dominum
1251 857 1367 930 regem
1392 834 1525 930 aliquid
1548 835 1757 909 diminutum
1775 848 1883 926 esset,
1899 861 1970 912 non

557 949 788 1040 restituerent,
807 971 886 1022 cum
901 952 975 1046 ipsa
990 955 1111 1048 regina
1127 957 1254 1030 nonsit
1269 959 1472 1050 legitimain
1486 979 1607 1052 regno,
1623 959 1687 1032 sed
1699 982 1762 1032 rex
1775 960 1965 1035 Corradus.

556 1069 599 1144 Et
614 1093 680 1165 ego
702 1093 809 1168 super
831 1074 898 1148 boc
922 1077 1085 1171 respondi
1108 1081 1203 1174 quod
1227 1081 1397 1175 quicquid
1421 1081 1522 1154 nobis
1544 1091 1618 1154 erat
1633 1081 1866 1172 diminutum,
1881 1081 1969 1182 [erat

558 1193 782 1291 diminutum]
800 1219 862 1291 per
877 1197 1010 1272 balivos
1027 1202 1126 1292 regni
1139 1203 1200 1296 qni
1218 1203 1263 1276 ab
1281 1203 1364 1276 binc
1382 1205 1521 1277 luerunt
1532 1204 1568 1275 in
1587 1225 1711 1299 regno.
1723 1205 1766 1277 Et
1780 1227 1846 1300 ego
1863 1227 1969 1301 super

557 1320 688 1391 nnllam
706 1319 808 1391 aliam
823 1322 918 1415 potui
932 1323 1059 1396 babere
1073 1327 1343 1421 responsionem.

762 1630 978 1640 ’,κ-..-
985 1633 1763 1644 Ή-η-ψᾞ-ῌ--ο-

399 1931 432 1962 n
450 1933 495 1965 ιι.
607 1879 838 1986 Friderions,
868 1881 1128 1965 Romanorum
1157 1880 1378 1988 imperator,
1401 1877 1603 1962 Gebhardo
1630 1879 1679 1960 de
1702 1877 1880 1962 Arnstein
1900 1880 1965 1988 jus

475 2005 481 2020 '
553 2019 633 2092 tem
656 2011 854 2120 sanguinis
877 2036 994 2120 quam
1017 2036 1222 2094 causarum
1243 2036 1332 2093 cum
1356 2010 1535 2092 facultate
1557 2010 1728 2092 redditus
1750 2011 1964 2122 imperiales

551 2143 773 2252 exquirendi
792 2169 859 2252 per
876 2153 996 2228 totam
1013 2142 1179 2228 orbitam
1196 2143 1311 2226 castri
1330 2143 1389 2225 sui
1408 2140 1622 2252 Altenburg
1639 2144 1855 2226 committit.

632 2365 755 2445 (lnedlt.
771 2381 808 2426 ex
822 2366 890 2426 cod.
902 2365 979 2427 Btbl.
990 2365 1089 2428 cen.
1100 2365 1206 2442 Paris,
1218 2365 1317 2442 suppl.
1332 2363 1417 2426 latin.
1433 2373 1520 2442 1128,
1535 2363 1587 2425 lol.
1604 2373 1654 2425 lt.
1669 2365 1756 2438 Quod
1765 2365 1887 2442 quidem
1897 2363 1962 2426 dlc·

670 2479 781 2544 tamen,
803 2488 856 2534 seu
876 2475 973 2548 potius
992 2471 1097 2550 gallice
1108 2467 1305 2551 sormuluire,
1326 2471 1358 2530 ln
1379 2469 1555 2532 Alemannis
1568 2487 1671 2532 versus
1687 2470 1880 2550 Magdeburgt
1898 2473 1961 2531 slve

669 2577 874 2638 Hildesbelmit
887 2583 985 2654 partes
997 2583 1153 2638 exaratum
1167 2575 1257 2636 fnisse
1270 2575 1413 2655 videtur.)

596 2781 651 2870 tt,
673 2779 735 2850 Dei
759 2777 868 2872 gratia
893 2777 1121 2848 Romanorum
1144 2775 1330 2868 imperator
1354 2783 1388 2846 et
1402 2781 1589 2868 augustus,
1615 2775 1822 2862 Jerusalem,
1845 2775 1962 2848 Sicilie

546 2903 691 2998 Apulice
709 2899 785 2998 (stc)
803 2921 879 2990 rex,
898 2897 991 2971 lideli
1008 2919 1072 2970 suc
1086 2897 1126 2968 G.
1142 2896 1188 2970 de
1201 2897 1377 2988 Amstein,
1398 2899 1535 2972 etctNe
1547 2899 1649 2972 nobis
1665 2899 1757 2972 eirca
1770 2899 1880 2970 ardna
1893 2899 1961 2972 rei·

547 3028 687 3123 publice
699 3024 837 3120 negotia
855 3020 1057 3118 prepeditis,
1078 3021 1253 3113 aliquibus
1266 3021 1402 3116 imperii
1416 3023 1525 3110 nostri
1540 3023 1624 3096 locis
1638 3023 1696 3114 jus
1707 3021 1959 3118 postulantibus

546 3161 685 3246 propter
701 3149 870 3221 diutinam
888 3153 1039 3218 nostram
1052 3143 1242 3218 absentium
1258 3143 1380 3218 deesse
1390 3145 1523 3236 justitia
1534 3145 1709 3237 videatur,
1726 3144 1881 3218 fidelitati
1900 3155 1959 3218 tnc

546 3275 592 3347 de
608 3296 680 3368 qua
697 3273 834 3367 plenam
852 3270 1019 3344 habemns
1037 3267 1281 3342 confidentiam
1300 3291 1362 3364 per
1378 3270 1492 3364 operis
1508 3269 1717 3344 evidentiam
1730 3270 1830 3344 nobis
1843 3280 1879 3342 et
1894 3269 1959 3341 im·

545 3396 642 3492 perio
658 3395 786 3490 pluries
803 3392 999 3466 evidentem
1020 3390 1083 3486 (a),
1101 3391 1346 3466 committimus
1366 3392 1534 3487 imperiali
1552 3393 1755 3466 anctoritate
1773 3413 1836 3488 per
1852 3403 1958 3464 totam

544 3518 690 3594 orbitam
700 3525 853 3589 nostram
869 3523 980 3588 castro
994 3523 1110 3586 nostro
1124 3512 1348 3588 Aldenburcb
1357 3515 1573 3608 adjacentem
1587 3525 1621 3589 et
1631 3517 1830 3590 attinentem
1839 3518 1898 3609 jus
1909 3513 1957 3610 (b)

544 3655 613 3715 tam
634 3639 813 3733 sanguinis
830 3659 936 3732 qnam
955 3659 1137 3711 cansarum
1159 3647 1350 3710 ceterarum
1376 3637 1423 3710 ad
1444 3639 1579 3734 imperii
1597 3639 1840 3734 pertinentium
1861 3637 1957 3731 judi·

543 3767 636 3840 cium
654 3775 690 3837 et
705 3783 870 3850 examen3
890 3761 1129 3833 auctoritatem
1147 3761 1250 3832 etiam
1267 3771 1401 3834 nostros
1423 3761 1580 3834 redditus
1598 3759 1823 3856 exquirendi,
1843 3761 1956 3856 preci·

542 3891 676 3986 pientes
694 3898 763 3960 tam
782 3884 956 3958 nobilibus
976 3905 1082 3977 quam
1100 3883 1177 3955 eliis
1202 3884 1368 3958 militibus
1385 3885 1505 3958 incolis
1520 3885 1678 3978 ejusdem
1695 3895 1785 3958 terre
1803 3883 1870 3956 sub
1885 3905 1956 3980 op-

540 4022 636 4087 tentu
653 4011 764 4107 gratie
781 4017 896 4082 nostre
910 4016 945 4079 et
961 4007 1027 4078 sub
1048 4027 1136 4100 pena
1153 4007 1410 4103 proscriptionis
1431 4029 1474 4081 ac
1490 4009 1556 4080 rub
1569 4008 1765 4082 detentione
1782 4008 1954 4080 bonorum

539 4138 697 4211 omnium
719 4143 758 4205 ut
780 4131 842 4204 tibi
866 4131 911 4204 de
932 4129 1125 4202 rationibus
1146 4131 1270 4202 nostris
1292 4132 1523 4227 respondeant
1546 4141 1580 4204 et
1602 4131 1767 4206 obediant
1787 4141 1954 4226 tanquam

428 4311 430 4323 .
534 4262 646 4355 judici
670 4257 805 4354 imperii
829 4254 985 4350 speciali,
1007 4251 1178 4346 quamdiu
1198 4253 1244 4328 de
1261 4266 1375 4330 nostro
1392 4257 1494 4330 luerit
1515 4256 1729 4352 beneplacito
1749 4255 1950 4330 voluntatis.

586 4387 711 4457 Datum
725 4381 761 4452 in
779 4379 837 4452 tali
856 4379 948 4464 loco,
970 4397 1062 4448 anno
1077 4378 1202 4470 gratie,
1222 4388 1288 4451 etc.
1307 4377 1395 4476 (sic).

575 4563 619 4645 (a)
641 4563 678 4624 In
692 4559 792 4622 oodlce
803 4552 905 4636 plures
920 4551 1073 4614 euidenter.

576 4668 616 4749 (l)
638 4669 674 4730 1n
687 4665 787 4729 codice
800 4661 976 4725 amomon
982 4659 1079 4741 juta,
1095 4659 1183 4724 mele.
