4524 6012
549 672 609 734 'too
1048 674 1261 738 sutosslct
1285 673 1456 736 sncttttttt
1768 669 1849 750 [dn.
1868 669 1954 732 ltto.

548 827 654 900 super
672 805 847 902 premissis
872 805 1074 898 diligentins
1096 808 1294 898 veritatem,
1309 815 1345 881 et
1360 808 1389 880 si
1407 807 1579 880 iuvenen's
1597 805 1752 901 predicto
1772 804 1890 878 omnia
1911 804 1957 878 ad

549 938 703 1000 nostrum
723 927 921 1002 demanium
938 929 1186 1004 rationabiliter
1201 931 1372 1026 pertinere
1390 931 1467 1004 sive
1490 951 1551 1024 per
1573 929 1831 1023 inquisitionem
1851 949 1956 1022 quom
2051 967 2057 978 ·

551 1051 671 1124 seceris
689 1073 749 1147 per
775 1053 930 1126 homines
955 1052 1025 1126 fide
1046 1054 1171 1147 dignos
1194 1055 1349 1148 regionis
1374 1055 1503 1150 ipsius,
1521 1053 1597 1126 sive
1622 1075 1683 1148 per
1700 1051 1958 1148 inquisitionem

550 1173 685 1248 dudum
702 1175 825 1250 tectam
847 1198 908 1272 per
930 1177 1123 1272 predictum
1142 1177 1298 1270 judicem
1316 1178 1563 1272 Peregrinum,
1583 1177 1757 1250 momnis
1772 1176 1819 1249 ad
1836 1176 1958 1250 dema-

551 1298 649 1371 nium
665 1307 820 1372 nostrum
838 1321 981 1374 revoces
993 1311 1029 1373 et
1047 1299 1229 1396 diligenter
1244 1301 1291 1376 ad
1306 1323 1395 1398 opus
1411 1309 1525 1374 nostre
1537 1302 1633 1373 curIe
1646 1300 1751 1374 iacias
1768 1299 1958 1396 procurari,

551 1441 623 1496 non
639 1421 856 1500 obstantibus
871 1423 998 1498 licteris
1016 1424 1143 1498 nostris
1159 1425 1188 1496 si
1206 1446 1293 1519 quas
1307 1445 1411 1519 super
1433 1424 1500 1498 hoc
1522 1424 1637 1497 dIctus
1647 1423 1763 1516 judan
1784 1425 1822 1497 Β.
1837 1433 1960 1498 1οοιιῑηι

547 1545 606 1636 jus
623 1545 720 1618 curie
738 1556 854 1621 nostre
870 1567 891 1618 a
906 1545 1111 1620 celsitudine
1123 1556 1240 1650 nosue
1251 1546 1396 1620 veritate
1409 1547 1511 1620 tacita
1529 1547 1739 1642 Inpetravit.

600 1671 727 1743 Datum
741 1669 917 1764 Fulginei,
932 1671 946 1742 l
964 1670 1146 1764 februarii,
1164 1671 1241 1744 XIII
1260 1671 1469 1747 indictionis.
1559 1729 1563 1738 .

608 2302 831 2388 Mandatum
867 2303 918 2383 ad
949 2300 1199 2411 justitiarium
1235 2301 1384 2410 Aprutii
1415 2313 1459 2384 ut
1496 2326 1652 2384 oausam
1693 2301 1824 2385 audiat
1867 2299 1965 2381 inter

556 2434 793 2521 Gualterium
818 2436 867 2517 dc
883 2433 1050 2520 Menaria
1074 2444 1112 2517 et
1128 2433 1311 2517 Blancam
1334 2433 1505 2517 relictam
1522 2433 1701 2520 Matthaei
1718 2435 1766 2517 de
1783 2431 1907 2521 Ebqu
1928 2441 1966 2514 et

554 2568 717 2652 finaliter
734 2567 936 2676 procudere
953 2568 1115 2651 studeat.

638 2795 768 2878 (fluor.
781 2793 886 2876 tepor.
899 2789 1018 2856 mede.
1031 2795 1068 2867 11,
1083 2795 1136 2858 tot.
1150 2803 1186 2857 et
1205 2809 1304 2870 versu
1318 2793 1432 2855 tnedtt.
1444 2793 1581 2868 caman,
1594 2811 1626 2871 p.
1640 2793 1723 2873 aar.)

606 2997 655 3069 oe
673 2995 844 3091 imperiali
864 2996 1021 3068 mandute
1040 2997 1125 3087 [octo
1137 3017 1200 3090 per
1219 2997 1416 3088 magristrum
1429 2996 1470 3066 It.
1489 2995 1530 3066 dc
1549 2995 1697 3088 Treiecto
1717 2995 1848 3100 scriptd
1864 2961 1965 3068 tan-

556 3123 710 3194 rentius:
803 3119 807 3132 '
1015 3111 1017 3118 ’
1501 3125 1506 3135 ’
1613 3126 1617 3134 ’

606 3243 827 3334 Fredericus,
843 3251 927 3333 ctu,
949 3243 987 3313 B.
1008 3241 1147 3316 Pissono
1155 3240 1340 3338 justitiario
1351 3239 1506 3338 AprutiI,
1518 3249 1593 3314 etc.
1612 3239 1793 3326 Querulum
1804 3238 1967 3312 GuaItorii

558 3367 604 3442 de
627 3366 773 3441 Mamria
795 3364 842 3438 de
867 3373 979 3436 castro
1000 3364 1120 3458 Sangri
1145 3362 1255 3437 fidelis
1280 3365 1387 3438 nostri
1404 3364 1597 3460 recepimus
1616 3363 1845 3438 continentem
1872 3363 1968 3458 quod

557 3493 685 3564 blanca
701 3487 820 3562 relicta
842 3487 983 3560 Matthsi
1005 3487 1050 3560 de
1069 3487 1182 3560 Ebulo
1200 3486 1354 3562 destituit
1370 3508 1451 3560 cum
1470 3489 1595 3582 injuste
1618 3497 1654 3560 et
1670 3487 1871 3562 auctoritate
1887 3509 1967 3582 pro·

559 3615 633 3712 pria
659 3611 869 3708 quibusdam
893 3610 1090 3684 hominibus
1116 3611 1190 3684 suis
1212 3632 1301 3707 quos
1325 3611 1361 3684 iu
1381 3621 1493 3688 castro
1517 3609 1675 3684 Alfidaue
1694 3621 1731 3686 st
1754 3611 1968 3706 pertinentiis
2098 3654 2101 3658 -

559 3739 635 3832 ejus
651 3734 897 3808 rationabiliter
910 3732 1126 3829 possidebat,
1142 3742 1256 3829 spreta
1270 3733 1410 3808 detensa
1425 3755 1531 3830 quam
1543 3732 1656 3810 dictus
1669 3733 1709 3808 G.
1726 3733 1792 3806 sibi
1803 3733 1969 3829 imposuit

559 3881 622 3958 pro
634 3867 730 3956 parto
745 3866 861 3932 nostra
878 3858 944 3930 sub
958 3879 1053 3954 uena
1068 3869 1207 3932 centum
1225 3859 1405 3932 unciarum
1423 3859 1513 3932 auri.
1529 3857 1644 3943 Quare
1661 3857 1868 3931 mandamus
1886 3877 1969 3952 qua·

560 3991 660 4056 tenus
682 3981 836 4077 partibus
852 3983 1049 4055 convocatis
1065 4003 1205 4056 cauum
1225 3981 1351 4056 audias
1366 3991 1401 4055 et
1415 3992 1485 4056 tum
1499 3981 1545 4056 de
1559 4002 1602 4056 cs
1614 4002 1720 4078 quam
1740 3981 1785 4056 de
1799 4001 1891 4077 pena
1902 3981 1968 4053 im·

559 4108 669 4206 posita
685 4105 831 4180 finaliter
848 4107 1035 4202 procedere
1052 4106 1211 4198 studeas,
1230 4107 1321 4178 sicut
1334 4107 1486 4202 postulat
1498 4104 1584 4182 crdo
1596 4105 1696 4200 juris.

608 4233 732 4304 Datum
749 4229 922 4324 Fuiginei,
942 4231 971 4302 II
988 4229 1168 4322 februarii,
1189 4229 1266 4302 XIII
1286 4227 1495 4306 indictionis.

608 4357 708 4428 Later
727 4350 898 4428 Mattheus
913 4353 959 4428 de
980 4355 1105 4428 Suessa
1121 4355 1271 4428 nuncius
1288 4354 1441 4446 magistri
1455 4352 1591 4428 Raurici
1610 4353 1656 4428 de
1676 4355 1803 4428 Suessa
1818 4361 1853 4426 et
1875 4353 1967 4428 idem

559 4473 817 4575 imp[erutorIs.]
