4374 6010
365 1269 486 1324 Lacertae,

362 1324 389 1366 rc
401 1325 488 1380 ιμιιιι.

1048 711 1456 792 rmnnnrcrs'ncuunr
1771 727 1953 808 [curato.

598 1259 821 1348 Mandatum
838 1265 888 1347 ed
907 1265 1155 1348 Thomasium
1173 1265 1221 1347 de
1238 1263 1456 1348 Brundusio
1473 1275 1517 1347 ut
1541 1289 1602 1348 res
1619 1264 1747 1348 curiae
1763 1275 1801 1348 et
1819 1265 1954 1375 scripte

541 1395 689 1506 jurium
707 1423 807 1507 quae
821 1423 937 1508 penes
955 1398 1082 1506 ipsum
1099 1405 1380 1502 remanserunt,
1392 1396 1625 1504 Alexandro,
1639 1397 1719 1482 filio
1736 1397 1954 1506 Henrici,in

543 1527 627 1638 ejus
645 1529 773 1612 locum
791 1529 997 1614 substituto
1014 1530 1196 1640 assignet.

625 1727 752 1811 (depost.
768 1730 872 1810 imper.
886 1727 1005 1791 modu.
1022 1730 1062 1806 11,
1077 1728 1129 1791 lol.
1146 1737 1184 1791 99
1198 1745 1301 1804 rcrso;
1315 1731 1346 1790 ln
1357 1730 1428 1792 edit.
1443 1729 1581 1805 coccam,
1598 1747 1627 1808 p.
1643 1733 1726 1806 set.)

590 1905 674 1976 ltcm
688 1902 803 1975 idom:

590 2027 806 2116 Frederices,
822 2033 905 2118 etc,
920 2024 1101 2098 Thomesio
1114 2024 1159 2098 de
1172 2023 1380 2116 Brundusio,
1395 2033 1461 2096 etc.
1478 2023 1647 2098 Fidelitati
1661 2033 1721 2098 tue
1734 2026 1952 2121 precipiendo

542 2150 750 2224 mandamus
773 2157 945 2243 quatenus
967 2148 1146 2238 victualia,
1168 2149 1308 2240 vinum,
1334 2150 1468 2239 oleum,
1494 2149 1562 2232 sal,
1583 2150 1713 2221 semum
1736 2158 1772 2222 et
1792 2171 1848 2222 res
1868 2150 1952 2225 alias

542 2273 638 2346 curis
650 2281 764 2346 nostre
779 2291 844 2345 nec
860 2291 931 2344 non
945 2271 1072 2368 scripte
1083 2272 1216 2364 jurium
1230 2282 1439 2362 nostrorum,
1453 2293 1602 2366 quorum
1620 2273 1782 2369 exempla
1798 2294 1906 2368 penes
1919 2284 1954 2348 te

541 2395 708 2480 retineas,
729 2415 798 2490 que
818 2403 887 2467 tem
913 2415 1021 2491 penos
1043 2404 1077 2468 tc
1102 2417 1209 2490 quem
1234 2416 1341 2490 penos
1364 2395 1527 2468 officiales
1551 2405 1629 2469 tuos
1646 2407 1885 2470 remanserunt
1908 2397 1955 2472 de

540 2529 694 2615 tempore
708 2517 870 2614 preterito
887 2539 959 2613 qno
974 2527 1011 2590 tn
1026 2527 1060 2591 et
1076 2518 1143 2613 ipsi
1159 2539 1222 2614 per
1234 2528 1268 2592 te
1283 2528 1516 2592 exercuerunt
1528 2517 1641 2592 officia
1656 2527 1786 2610 nostre,
1802 2517 1955 2592 Alexan-

541 2643 606 2718 dro
625 2641 696 2716 lilio
715 2643 853 2716 Heurici
875 2641 1060 2716 substituto
1086 2642 1123 2714 in
1147 2643 1263 2716 locum
1282 2651 1382 2714 tuum
1406 2641 1562 2736 assignes
1581 2651 1615 2715 et
1637 2643 1744 2716 terias
1765 2643 1952 2737 assignari,

540 2767 708 2863 recipiens
724 2775 760 2840 et
773 2765 879 2860 recipi
898 2763 1028 2838 taciens
1045 2763 1090 2838 eb
1104 2785 1146 2838 eo
1161 2765 1293 2838 exinde
1308 2765 1508 2861 apodixem.

588 2895 713 2967 Datum
730 2891 889 2982 leceris,
905 2889 982 2963 XVI
1000 2889 1136 2986 aprelis,
1156 2889 1235 2962 Xlll
1250 2888 1461 2963 indictionis.

587 3017 730 3113 Scripsit
746 3013 839 3089 idem
857 3013 1057 3088 Alexandro
1071 3011 1227 3110 predicto
1241 3011 1339 3108 quod
1356 3011 1511 3110 recipiat.

399 3573 423 3606 ⁶²
477 3589 486 3660 ς
549 3641 554 3648 ,
593 3549 816 3636 Mandatum
834 3549 940 3632 eliud
965 3550 1017 3632 ed
1034 3550 1227 3660 Angelum
1253 3550 1302 3633 de
1318 3550 1446 3634 Merra
1472 3508 1519 3632 ut
1542 3575 1604 3632 res
1621 3549 1770 3655 curiae,
1790 3557 1954 3659 qualer-

539 3681 692 3790 mones,
711 3682 966 3765 instrumento
980 3683 1030 3764 ed
1042 3681 1210 3766 officium
1228 3667 1343 3765 suuln
1361 3682 1571 3791 spectantia
1587 3681 1771 3766 Riccerdo
1788 3682 1836 3764 de
1853 3679 1953 3766 Pul-

539 3841 628 3900 cnro
647 3813 854 3898 successori
873 3839 943 3898 suo
962 3816 1144 3924 assignet.

620 4013 749 4097 (depost.
763 4014 866 4094 imper.
882 4011 1000 4074 Fredrr.
1016 4013 1059 4089 11,
1074 4013 1127 4075 rot.
1145 4021 1183 4076 oo
1197 4030 1297 4086 verso;
1313 4017 1346 4074 tn
1359 4012 1430 4075 edit.
1447 4011 1583 4092 Cernen,
1597 4029 1628 4092 p.
1646 4009 1725 4092 397.)
1780 4003 1783 4008 ’

586 4190 669 4260 item
685 4187 725 4259 de
741 4186 853 4258 codem
869 4187 1026 4260 mundato
1041 4188 1170 4282 scripsit
1183 4187 1322 4260 Jocodtu
1337 4187 1376 4260 de
1392 4191 1549 4260 Baetra:
1573 4249 1576 4256 ,
1635 4249 1637 4254 .

550 4381 557 4390 .
586 4309 804 4401 Fredericus,
822 4319 905 4418 etc,
924 4309 1059 4406 ringeln
1077 4311 1122 4386 do
1136 4312 1262 4404 Merra,
1279 4321 1346 4386 etc.
1363 4309 1570 4386 Mendcmus
1585 4318 1621 4383 et
1636 4307 1844 4404 precipimus
1859 4303 1955 4381 fide-

537 4433 625 4532 litati
641 4443 700 4508 tue
717 4444 890 4529 quatenus
913 4435 1097 4529 victualia,
1121 4435 1261 4526 vinum,
1280 4435 1407 4525 selem,
1427 4435 1576 4525 ferrum,
1600 4453 1741 4506 marum
1765 4440 1801 4504 ot
1822 4430 1951 4525 picem,

537 4579 757 4654 quecumque
783 4556 923 4631 residua
946 4568 1029 4632 sunt
1046 4558 1091 4632 de
1112 4567 1267 4655 tempore
1290 4559 1394 4632 officii
1420 4557 1472 4630 tui
1489 4567 1525 4632 et
1549 4577 1605 4630 res
1629 4556 1713 4630 alies
1732 4563 1793 4628 tuo
1818 4551 1955 4627 dudum

537 4681 694 4756 custodie
714 4690 749 4755 et
775 4681 1006 4778 procurationi
1028 4683 1248 4774 commissos,
1277 4682 1520 4778 quaterniones
1544 4694 1690 4776 ‘quoque
1714 4677 1810 4752 curie
1836 4685 1955 4750 nostre

536 4827 626 4902 qnos
653 4805 764 4880 hahes
789 4805 835 4882 do
856 4803 1026 4880 domaniis
1051 4807 1178 4881 nostris
1200 4816 1236 4881 et
1257 4807 1442 4897 revocatis,
1469 4815 1505 4880 et
1529 4805 1757 4879 instrumenta
1781 4801 1885 4876 etiam
1906 4797 1952 4874 de
