4384 6004
1061 639 1277 700 Fllllllllllfll
1302 637 1476 697 SECUNDl
1789 635 1868 720 [usu.
1885 635 1970 696 1241.

786 901 1176 912 w—-m—-m-
1182 901 1741 912 ..υ-..Μ

381 1201 452 1284 ¹3„
471 1201 521 1290 ,⁰3¹5
614 1175 849 1286 FridericuS,
869 1179 1130 1264 Romanorum
1155 1182 1376 1290 imperator,
1400 1179 1588 1266 Masnerio
1614 1181 1663 1263 de
1687 1179 1816 1288 Burgo
1838 1189 1971 1287 poles-

417 1307 429 1338 ⁸
514 1325 520 1337 '
561 1309 630 1392 teti
661 1320 700 1392 et
735 1313 931 1395 communi
970 1312 1180 1398 Cumarum
1208 1316 1368 1397 mandat
1397 1339 1437 1396 se
1463 1315 1613 1396 mittere
1639 1313 1689 1394 ad
1716 1323 1843 1420 portes
1873 1313 1972 1420 ipsas

561 1441 768 1525 Henricum
804 1470 933 1554 regem
956 1446 1136 1528 'lurcium
1172 1457 1210 1530 et
1242 1447 1389 1531 Galluri
1424 1447 1546 1529 filium
1579 1471 1714 1552 suum,
1747 1470 1864 1554 quem
1896 1447 1973 1552 ipse

562 1575 709 1656 devicta
729 1575 908 1658 Faventia
933 1577 1115 1686 subsequi
1141 1579 1338 1688 proponit,
1363 1579 1493 1688 eisque
1515 1578 1687 1660 concedit
1711 1577 1884 1659 subsidia
1908 1601 1974 1658 ec-

563 1705 765 1788 clesiarum
801 1708 993 1791 districtus
1026 1710 1187 1792 Cumani
1224 1737 1347 1820 usque
1387 1711 1437 1792 ad
1475 1712 1682 1792 adventum
1718 1734 1856 1812 suum,
1886 1733 1979 1790 cum

563 1839 808 1946 proventibus
841 1840 999 1922 vellium
1032 1841 1265 1925 Bellinianee
1294 1855 1331 1924 et
1362 1842 1601 1924 Louentinae.
1634 1841 1760 1926 Mouet
1791 1837 1909 1922 simul
1932 1865 1970 1921 se

562 1971 793 2054 Mosuerium
815 1974 992 2054 eumdem
1018 1974 1260 2082 capitaneum
1284 1974 1493 2057 Cumarum
1514 1983 1552 2056 et
1573 1972 1972 2081 circumadjacentium

562 2111 751 2186 terrarum
786 2104 1007 2212 ordinasse,
1045 2107 1144 2189 sicut
1178 2106 1406 2190 Bertholdus
1439 2106 1609 2189 marchio
1639 2108 1689 2188 de
1719 2103 1971 2188 flohenburch

563 2235 703 2318 ibidem
722 2237 920 2320 ordinatus
940 2238 1075 2321 extitit.

646 2449 770 2530 (Inedlt.
790 2467 829 2512 ex
846 2452 960 2514 archiv.
977 2467 1087 2512 comm.
1104 2453 1225 2514 Cumas.
1239 2453 1303 2513 llbr.
1320 2453 1351 2528 Ι,
1373 2453 1466 2513 Vetcr.
1481 2469 1611 2513 mum.
1626 2455 1728 2532 regist.
1746 2468 1841 2530 purg..
1865 2452 1917 2512 lol.
1936 2460 1971 2510 ro

683 2565 764 2619 recto
777 2567 807 2618 et
821 2559 932 2632 verso.)

612 2743 827 2834 Fredericus‚
841 2745 903 2815 Dei
920 2745 1030 2837 gratia
1044 2745 1275 2821 Romanorum
1289 2745 1476 2839 imperator
1489 2765 1625 2838 semper
1638 2753 1820 2838 augustus,
1837 2744 1974 2815 lerusa·

564 2867 629 2936 lem
647 2876 681 2938 ct
699 2863 815 2939 Sicilie
838 2889 916 2956 rex,
936 2867 1105 2939 Masuerio
1129 2868 1174 2940 de
1193 2867 1307 2957 Burgo
1332 2867 1486 2960 potestati
1508 2876 1542 2938 et
1560 2867 1757 2961 capitaneo,
1778 2865 1974 2938 concilicet

564 2989 704 3062 comuni
727 2989 912 3068 Cumarum
943 2987 1103 3061 fidelibus
1130 2989 1223 3079 suis,
1249 2989 1392 3084 gratiam
1420 3010 1519 3062 suam
1542 2999 1577 3062 ot
1598 2989 1725 3062 honam
1746 2990 1970 3062 voluntatem.

565 3111 609 3184 Ca
613 3112 721 3205 pilula
736 3133 805 3206 que
820 3134 881 3206 per
894 3112 1040 3184 nuncios
1051 3121 1087 3184 et
1099 3113 1340 3186 amhaxatores
1352 3121 1483 3184 vestros
1493 3113 1617 3186 latores
1632 3111 1844 3207 presentium
1859 3121 1974 3185 nostro

565 3236 707 3307 culmini
735 3235 969 3308 transmisistis
996 3235 1145 3329 benigue
1168 3237 1383 3332 inspeximus
1406 3245 1441 3309 et
1466 3236 1699 3308 intelleximus
1723 3235 1921 3330 diligenter,
1941 3247 1976 3308 et

566 3379 646 3431 ecce
663 3359 764 3430 vobis
777 3358 823 3431 ad
834 3359 971 3452 singula
983 3359 1245 3454 respondemus.
1260 3359 1373 3432 Primo
1387 3359 1550 3432 videlicet
1566 3360 1610 3432 de
1628 3359 1782 3432 adventu
1797 3369 1913 3431 nostro
1929 3357 1976 3431 ad

565 3489 679 3576 partes
698 3481 790 3576 ipsas
807 3481 842 3552 iu
862 3491 970 3554 estate
986 3483 1101 3554 lutura
1116 3481 1274 3576 proxima
1294 3482 1351 3555 vel
1363 3481 1528 3555 missione
1543 3482 1661 3555 dilecti
1677 3480 1739 3554 lilii
1757 3483 1865 3556 nostri
1882 3483 1974 3554 llen·

566 3603 629 3675 rici
644 3604 737 3698 rogis
754 3605 912 3676 Turrium
934 3615 969 3677 et
986 3604 1137 3696 Galluri,
1163 3605 1327 3678 noveritis
1348 3605 1445 3699 quod
1462 3613 1782 3700 quantumcumque
1804 3605 1976 3678 dormiant

566 3727 623 3798 alii
640 3729 696 3800 vel
713 3727 910 3819 dormitent,
924 3750 982 3800 cor
994 3738 1149 3801 nostrum
1164 3739 1276 3802 tamen
1291 3729 1383 3800 circa
1398 3737 1532 3801 nostros
1544 3729 1702 3802 subditos
1716 3738 1751 3800 et
1764 3727 1898 3816 fideles,
1912 3749 1975 3800 vos

566 3851 729 3946 precipue
752 3851 813 3944 qui
834 3851 922 3924 inter
939 3874 1060 3924 omnes
1079 3851 1163 3924 alios
1183 3875 1245 3948 pro
1264 3851 1332 3926 lide
1353 3862 1388 3924 et
1406 3850 1590 3926 devotione
1612 3852 1749 3946 imperii
1767 3851 1975 3946 exposuistis

566 3975 732 4048 hacteuus
745 3983 780 4046 et
794 3975 968 4070 exponitis
979 3974 1119 4048 cottidie
1131 3975 1277 4048 viriliter
1293 3997 1356 4048 vos
1372 3984 1406 4048 et
1422 3984 1548 4062 vestra,
1564 3983 1664 4068 prout
1681 3975 1841 4068 frequens
1855 3975 1974 4046 relatio

566 4096 740 4172 Bartholdi
760 4098 966 4171 marchionis
984 4097 1029 4171 de
1047 4097 1271 4170 Fohcuburch
1286 4098 1400 4171 dilecti
1417 4098 1664 4190 consanguinei
1677 4098 1786 4170 nostri
1796 4109 1832 4170 et
1846 4095 1970 4182 fidelis,

566 4221 703 4294 dudum
717 4222 887 4315 capitanei
903 4233 939 4293 et
952 4222 1127 4316 potestatis
1143 4220 1342 4310 Cumarum,
1369 4220 1532 4294 disseruit
1550 4231 1585 4293 et
1603 4221 1744 4293 effectus
1760 4221 1974 4313 subsequens

565 4366 708 4440 operum
726 4343 878 4418 dilucido
889 4343 1148 4432 demonstravit,
1164 4343 1282 4438 vigilat
1298 4344 1518 4418 incessanter.
1534 4343 1692 4418 Voleutes
1710 4364 1871 4436 namque,
1886 4344 1974 4414 sicut

566 4467 656 4539 firmi
672 4469 777 4540 nostri
791 4467 956 4564 propositi
969 4476 1035 4548 est.
1047 4467 1322 4542 condescendere
1334 4469 1424 4540 votis
1437 4467 1574 4557 vestris,
1589 4487 1669 4539 ecce
1683 4465 1847 4540 eumdem
1864 4465 1973 4538 filium

566 4601 720 4665 nostrum
736 4591 782 4665 ad
798 4601 911 4688 partes
930 4593 1023 4687 ipsas
1039 4613 1120 4663 cum
1138 4591 1275 4686 copioso
1292 4591 1447 4665 exercitu
1466 4591 1634 4664 duximus
1651 4588 1918 4684 promittendum
1936 4599 1975 4660 ut

567 4727 743 4812 propterea
762 4715 861 4788 nobis
882 4715 919 4786 iu
939 4715 1099 4789 omuibus
1115 4717 1173 4788 via
1190 4725 1390 4811 preparata,
1411 4735 1475 4788 uos
1493 4713 1712 4810 postmodum
1731 4711 1868 4786 dorida
1889 4712 1976 4784 civi·
