4358 5996
557 674 635 738 1036
1053 669 1267 732 salutaret
1294 672 1469 734 suctum
1779 673 1859 758 [Asu.
1878 674 1962 736 1110.

556 833 644 907 quas
658 809 758 884 nobis
776 827 958 905 processus
975 827 1038 902 per
1056 815 1090 879 tu
1112 804 1246 879 habitos
1268 815 1387 880 contra
1407 803 1648 878 mandatorum
1669 803 1765 879 sedis
1782 808 1964 904 apostolius
2105 903 2107 908 ,

555 943 806 1030 contemptores
819 940 854 1003 et
868 950 990 1026 eaque
1008 929 1044 1001 in
1060 929 1217 1025 partibus
1230 939 1383 1024 aguntur
1396 929 1601 1002 Alamannia
1621 929 1801 1019 intimasti,
1815 929 1964 1022 diligen-

555 1059 636 1133 tiam
655 1067 690 1130 et
707 1054 971 1129 sollicitudinem
990 1063 1083 1126 tuam
1106 1053 1141 1126 in
1159 1053 1305 1126 Domino
1319 1053 1616 1144 commendantes,
1631 1051 1858 1125 devociunam
1872 1063 1964 1126 tuam

554 1203 717 1276 rogamus
737 1189 772 1252 et
794 1178 970 1250 hortamur
997 1175 1161 1272 quatinus
1182 1177 1218 1248 in
1243 1176 1447 1248 sinceritatis
1471 1185 1531 1248 tue
1552 1175 1724 1272 proposito
1745 1174 1814 1248 hiis
1833 1197 1966 1272 semper

555 1303 731 1378 studiosus
747 1301 907 1376 intendas
925 1322 994 1396 que
1010 1299 1135 1374 honori
1154 1299 1215 1372 Dei
1234 1309 1268 1374 et
1285 1298 1578 1373 Ecclesievideris
1593 1300 1788 1394 profutura,
1810 1302 1859 1372 lta
1870 1299 1965 1394 quod

556 1428 676 1504 divine
689 1425 921 1501 retributionis
937 1425 1122 1520 premium,
1142 1423 1286 1518 gratiam
1303 1424 1490 1519 apostolius
1502 1423 1597 1496 sedis
1609 1432 1644 1496 et
1659 1434 1808 1496 nostram
1825 1423 1966 1496 uberius

554 1551 732 1626 merearis.
756 1549 825 1622 Nos
847 1547 940 1622 enim
963 1547 1008 1621 de
1026 1546 1167 1620 oonsilio
1191 1545 1334 1619 usuum
1355 1558 1549 1620 nostrorum
1569 1547 1742 1643 principes
1765 1557 1801 1619 et
1821 1547 1966 1642 prelatos

555 1673 602 1749 de
619 1673 791 1748 universis
806 1671 929 1746 mundi
946 1672 1102 1768 partibus
1119 1679 1365 1763 convocantes,
1383 1693 1425 1744 ea
1443 1671 1640 1744 curabimus
1656 1670 1817 1743 ordinare
1833 1691 1904 1766 que
1919 1671 1965 1744 ud

555 1799 687 1872 bonurn
705 1806 831 1870 statum
848 1806 883 1870 et
896 1797 1145 1872 incrementum
1162 1796 1315 1870 Ecclesia
1333 1795 1380 1869 ad
1394 1795 1613 1871 devotionem
1632 1795 1758 1891 ipsius,
1776 1794 1881 1868 dante
1897 1796 1965 1869 tto·

555 1923 668 2011 minu,
687 1921 952 2018 permanebunt.

1239 2123 1286 2194 ll.

605 2298 881 2371 Ruuommuuduns
905 2299 938 2368 ei
960 2295 1130 2371 Attalum
1152 2310 1246 2391 repet
1264 2318 1359 2390 pape
1381 2297 1467 2390 quod
1493 2299 1688 2392 imperatori
1710 2319 1775 2368 coa
1797 2307 1919 2392 presta

1171 2419 1354 2492 acutium.

607 2621 822 2722 [Gregorius‚
851 2631 934 2714 etc,
959 2623 1034 2716 regi
1056 2622 1219 2696 Bohemie
1238 2623 1302 2720 (a),
1325 2621 1407 2722 eto]
1434 2623 1545 2712 Quam
1564 2622 1715 2719 graviter
1742 2632 1968 2720 persequatur

557 2748 619 2820 Dei
636 2747 824 2820 Ecclesiam
842 2746 1009 2842 reprobus
1026 2745 1243 2837 Fredericus‚
1261 2769 1368 2842 quam
1383 2747 1515 2844 perfide
1533 2747 1752 2822 christianam
1772 2746 1878 2821 fidem
1903 2748 1967 2818 im·

558 2880 690 2966 pugnet
705 2871 762 2942 ille
774 2869 993 2942 adversarius
1008 2869 1192 2955 Trinitatis,
1209 2891 1385 2966 quumque
1399 2871 1557 2966 nequiter
1571 2871 1646 2966 ipse
1657 2879 1826 2966 tyrannus
1843 2879 1968 2942 statum

558 2995 723 3068 libertatis
736 2993 965 3067 ecclesiastice
977 2993 1177 3068 subvertere
1190 2995 1363 3082 moliatur,
1380 3003 1440 3066 tua
1457 3002 1496 3065 ut
1512 2993 1685 3068 oredimus
1699 2991 1883 3088 prudentia
1900 3015 1969 3066 non

559 3120 707 3214 ignorat,
726 3140 804 3189 cum
819 3117 938 3210 idjam
952 3117 1150 3212 pervenisse
1163 3118 1314 3214 potuerit
1328 3117 1375 3190 ad
1391 3117 1486 3190 orbis
1498 3118 1653 3192 notitiam
1670 3117 1837 3198 universi.
1856 3119 1970 3203 Quare

561 3242 739 3336 cumipse
765 3263 845 3313 curn
874 3241 1036 3313 omnibus
1063 3241 1301 3336 adiutoribus,
1332 3241 1606 3316 consiliatoribus
1629 3250 1664 3314 et
1687 3239 1878 3315 fautoribus
1899 3240 1970 3313 suis

560 3364 973 3437 excommunicationibus
991 3375 1025 3436 et
1041 3365 1268 3438 anathematis
1284 3365 1426 3440 vinculo
1445 3361 1578 3464 [culpa]
1596 3365 1759 3460 exigente
1782 3365 1828 3438 sit
1850 3365 1970 3439 astrio-

561 3499 631 3578 tos,
648 3487 859 3560 nobilitatem
875 3497 968 3560 tuam
988 3509 1154 3582 rogamus
1168 3499 1203 3562 et
1218 3489 1395 3562 hortamur
1410 3497 1538 3563 attente
1552 3509 1594 3562 ao
1611 3489 1646 3560 in
1659 3488 1896 3562 remissionem
1909 3489 1970 3562 tibi

561 3611 775 3704 injungimus
792 3619 1009 3706 peccatorum
1024 3613 1190 3706 quatinus
1203 3611 1240 3684 in
1258 3611 1328 3685 fide
1346 3622 1381 3686 et
1396 3612 1581 3686 devotione
1598 3621 1717 3684 sancte
1736 3611 1886 3685 liumane
1902 3611 1970 3684 Eu-

562 3733 665 3805 clusie
681 3731 799 3804 matris
818 3743 888 3824 tue,
910 3741 1075 3828 tanquam
1097 3733 1284 3807 catholicus
1297 3735 1352 3806 vir
1365 3743 1400 3808 et
1417 3734 1507 3808 filius
1526 3733 1776 3808 benedictionis
1792 3743 1827 3809 et
1842 3735 1969 3830 gratie,

561 3855 678 3928 animo
694 3857 861 3928 constanti
880 3857 1083 3952 persistens,
1102 3878 1172 3930 non
1192 3859 1303 3932 solnm
1324 3859 1625 3934 excommunicato
1643 3857 1796 3955 predicto
1813 3881 1883 3932 uon
1907 3859 1971 3932 im·

561 3979 694 4077 pendas
717 3979 907 4067 auxilium,
927 3981 1107 4052 consilium
1133 3991 1168 4054 et
1195 3981 1369 4076 favorem,
1399 3983 1647 4058 verumetiam
1677 3982 1786 4078 ipsius
1813 3981 1972 4076 malignis

562 4103 741 4186 conatibus
758 4123 821 4199 pro
838 4123 938 4198 posse
952 4103 1113 4176 resistens
1126 4104 1241 4178 nullus
1257 4127 1319 4202 per
1332 4115 1457 4180 mnam
1477 4117 1573 4181 tuam
1590 4107 1627 4178 in
1649 4105 1819 4180 auxilium
1837 4107 1913 4198 ujus
1925 4104 1972 4180 ad

561 4225 970 4323 impugnandosduvotus
980 4226 1238 4321 Ecclesie,lidei
1250 4229 1766 4320 catholiuedeiensoms,rsnire
1777 4229 1968 4324 permittas;

562 4349 689 4424 dilecto
713 4348 785 4423 filio
814 4351 977 4444 magistro
1001 4350 1141 4425 Alburto
1164 4351 1407 4427 archidiacono
1427 4353 1620 4428 Puttavensi
1645 4353 1682 4424 in
1706 4352 1971 4426 executionibus

562 4472 802 4547 mundaturum
817 4483 1011 4547 nostrorum
1024 4475 1215 4550 assistendo
1232 4475 1389 4570 viriliter,
1405 4499 1446 4550 ac
1462 4476 1530 4549 hiis
1543 4476 1705 4551 omnibus
1718 4497 1787 4572 que
1801 4475 1848 4549 ad
1861 4475 1970 4548 bonu-

562 4617 634 4670 rem
652 4596 803 4670 Ecclesia
818 4605 854 4670 et
870 4598 932 4671 Dei
957 4597 1128 4694 pertinent
1149 4598 1348 4674 exhibendo
1371 4601 1550 4674 consilium
1574 4609 1608 4673 et
1629 4599 1801 4672 auxilium
1824 4608 1971 4696 oportu-

523 4777 530 4788 ·
606 4770 646 4850 (a)
669 4771 704 4833 u
717 4772 784 4834 sur.
798 4769 928 4834 aarum.
943 4773 1053 4853 tegitur
1066 4773 1138 4856 aaut
1149 4774 1284 4852 nasa,
1299 4777 1350 4839 ser
1363 4777 1450 4839 mus.
