4374 6010
352 677 552 766 tmrcr.13.]'
818 679 1015 742 HISTORIA
1038 679 1330 747 ntrnonartca
1718 681 1780 746 900

353 837 595 914 personarum
622 822 834 889 ablutarum.
853 814 1005 908 ibidem,
1034 815 1162 891 solidos
1187 829 1222 892 et
1248 820 1512 916 companagium
1537 839 1599 915 pro
1624 827 1781 914 tempore

355 941 533 1036 preterito
558 961 623 1037 pro
639 960 710 1034 quo
737 938 845 1012 nichil
865 959 947 1013 eum
972 939 1034 1014 tibi
1055 941 1244 1016 constiterit
1264 943 1438 1039 recepisse
1458 949 1494 1027 et
1518 942 1691 1034 inantea,
1715 942 1782 1037 ipsi

356 1065 477 1158 judici
499 1064 545 1139 da
562 1063 786 1160 proventibus
808 1062 1093 1160 CapudaqncnsIs
1114 1065 1258 1139 ecclesie
1277 1067 1339 1160 qni
1360 1075 1443 1138 sunt
1459 1084 1522 1161 par
1539 1085 1664 1138 manue
1681 1074 1779 1157 tuas,

363 1188 477 1262 tribui
507 1188 614 1262 iacias
634 1208 698 1283 pro
726 1186 880 1282 personia
905 1185 1042 1258 statutis
1066 1185 1103 1258 in
1132 1187 1226 1261 dicto
1253 1198 1382 1280 castro,
1409 1189 1497 1262 sicut
1523 1209 1586 1284 per
1611 1188 1783 1284 prelatum

372 1308 416 1382 A.
438 1310 484 1384 da
499 1311 614 1385 blarru
631 1310 785 1406 recipere
806 1309 1004 1396 consuevit,
1025 1317 1060 1380 et
1076 1309 1181 1382 iacias
1196 1310 1263 1384 sibi
1283 1309 1330 1384 de
1344 1311 1409 1406 hys
1429 1333 1499 1406 que
1516 1310 1686 1406 receperis
1701 1331 1784 1406 apo-

379 1432 508 1508 dixam.

425 1559 549 1631 Datum
565 1556 687 1652 Fogie,
705 1555 770 1658 XX
783 1555 931 1652 aprelis,
951 1556 1029 1629 XIII
1048 1554 1258 1630 indictionis.

1082 1808 1459 1818 ----—·-.-.....--.-..—.--
1465 1810 1545 1817 -—-

432 2046 651 2132 Mandatum
677 2043 727 2125 ad
747 2039 932 2124 Crisdum
950 2037 1223 2121 amalfitanum
1251 2047 1294 2120 ut
1321 2039 1371 2121 ad
1391 2063 1488 2147 opus
1512 2038 1640 2121 curiae
1663 2039 1790 2149 exigat
1842 2055 1968 2164 ,3⁸⁰3ss

385 2161 580 2286 pecuniam
598 2186 636 2258 et
652 2173 831 2257 victualia
848 2196 948 2282 quae
972 2171 1145 2254 notarms
1167 2169 1321 2254 Stabilis
1338 2179 1377 2252 et
1403 2171 1562 2280 quidam
1580 2171 1645 2254 alii
1663 2171 1790 2256 curiae

384 2309 525 2394 solvere
542 2316 733 2390 tenentur.

461 2493 590 2574 (limat.
605 2492 709 2572 imper.
724 2484 844 2550 liudem
858 2487 903 2566 ll,
919 2487 971 2549 lol.
990 2497 1046 2550 100
1061 2503 1161 2567 vereo3
1175 2489 1208 2550 ln
1219 2487 1291 2550 edit.
1306 2487 1444 2566 caream,
1458 2506 1490 2567 p.
1507 2489 1591 2568 aaa.)

424 2657 494 2726 Per
508 2673 629 2724 monac
647 2649 795 2742 cjmdem
807 2651 894 2740 [octe
910 2659 987 2718 aunt
1003 2647 1134 2718 littere:

424 2773 649 2862 hadericus,
667 2780 750 2860 etc,
778 2768 905 2841 Crisoio
928 2767 1135 2841 Amalfitana
1159 2768 1324 2861 magistro
1346 2768 1701 2863 camerariodprntii,
1723 2781 1788 2844 etc.

370 2895 551 2993 Exposuit
567 2893 736 2986 majestati
755 2871 870 2965 nostre
886 2891 1089 2964 Thomasius
1104 2891 1150 2964 de
1165 2890 1251 2964 Aeto
1270 2889 1382 2964 fidelis
1396 2900 1511 2966 noster
1526 2892 1621 2986 quod
1640 2894 1793 2967 notarius

366 3016 520 3094 Stabilis
537 3025 572 3090 ct
587 3015 842 3088 Accurribonus
854 3013 900 3088 de
916 3015 1043 3087 Sancto
1055 3013 1208 3088 Fabiano
1230 3013 1422 3108 etquidem
1440 3015 1498 3088 alii
1515 3015 1643 3109 quibus
1656 3014 1792 3089 diversa

360 3139 496 3217 Officia
516 3139 733 3214 commiserat
750 3139 844 3212 idem
866 3139 1087 3228 Thomasius‚
1109 3137 1195 3210 dum
1218 3137 1254 3209 in
1276 3135 1422 3232 Aprutio
1448 3138 1691 3211 camerariatus
1715 3139 1792 3211 offi-

357 3259 474 3339 cium
496 3273 694 3352 exerceret,
713 3258 900 3356 quamdam
924 3259 1150 3354 quantitatem
1171 3260 1319 3354 pecunie
1337 3269 1372 3332 et
1387 3260 1590 3334 victualium
1604 3282 1709 3355 quam
1724 3263 1794 3334 sol·

353 3400 466 3462 vere
483 3387 580 3459 curie
597 3395 712 3458 nostre
728 3394 904 3474 tenentur,
919 3383 1034 3456 eidem
1049 3385 1088 3454 T.
1111 3403 1174 3478 pro
1191 3403 1234 3456 eo
1250 3381 1345 3477 quod
1358 3391 1493 3456 amotus
1511 3383 1577 3456 luit
1596 3385 1642 3458 ab
1658 3383 1792 3475 cilicio,

352 3525 451 3586 non
477 3510 669 3582 solverunt.
696 3507 866 3592 Quocirca
888 3505 1046 3580 fidelitati
1070 3517 1131 3578 tue
1151 3504 1374 3601 precipiendo
1398 3506 1604 3580 mandamus
1624 3517 1796 3602 quatenus

356 3632 532 3728 receptis
543 3653 566 3704 a
577 3631 709 3726 prelato
722 3632 761 3702 T.
779 3629 977 3702 nominibus
990 3629 1185 3703 debitorum
1202 3638 1237 3700 ct
1250 3630 1397 3723 pecunie
1414 3649 1456 3702 ac
1472 3631 1674 3702 victualium
1684 3653 1796 3725 quan-

364 3757 485 3831 titate
506 3755 543 3827 in
568 3754 698 3849 quibus
723 3753 817 3826 curie
841 3761 957 3825 nostm
985 3760 1163 3842 tenentur,
1189 3751 1373 3846 pecuniam
1405 3761 1439 3824 et
1460 3752 1623 3826 victualia
1645 3753 1797 3848 qnalibet

367 3900 535 3972 quorum
550 3898 610 3950 eos
626 3876 723 3950 curie
739 3883 852 3949 nostre
866 3875 1039 3948 inveneris
1052 3874 1237 3966 debitores,
1256 3875 1302 3947 ad
1316 3895 1405 3971 opus
1422 3877 1517 3948 curIe
1529 3885 1645 3950 nostre
1658 3877 1794 3968 exigas,

371 4000 595 4076 lacianssibi
607 3999 653 4072 de
667 3999 732 4095 hys
747 4019 816 4092 que
833 3998 1002 4092 receperis
1019 3996 1219 4092 apodirtam.

435 4125 561 4196 Datum
576 4121 699 4216 Fagie,
715 4122 781 4192 XII
800 4120 937 4216 aprilis,
955 4121 1034 4192 XIII
1052 4119 1260 4193 indictionis.

447 4609 668 4697 Mandatum
684 4608 736 4692 ad
752 4608 978 4694 Ricoardum
997 4610 1045 4693 de
1061 4609 1221 4695 Pulcaro
1243 4617 1287 4692 ul
1303 4609 1432 4692 omnia
1455 4608 1558 4693 bona
1576 4609 1717 4721 judicis
1733 4612 1801 4698 Ja-
1853 4633 1952 4733 ,pocae

397 4737 479 4824 coni
495 4741 544 4825 de
558 4741 697 4826 Sancta
714 4741 866 4851 Agatha
883 4743 934 4826 ad
951 4767 1048 4852 opus
1065 4742 1192 4825 curiae
1209 4743 1405 4851 procurari
1423 4741 1549 4826 faciat.
1893 4667 1978 4744 ’Μή

473 4873 510 4938 V.
531 4889 622 4940 rma
1606 4885 1662 4941 lib
