4524 6012
547 743 606 804 704
1044 749 1258 814 FlllDlllllCl
1288 754 1459 814 SECUNDl
1758 699 1849 836 illua.
1869 759 1954 824 latu.

595 879 678 950 Item
695 880 854 974 magistro
871 881 999 954 Hencio
1013 890 1050 952 nt
1064 883 1093 953 si
1110 883 1156 956 ita
1171 887 1329 980 estquod
1343 887 1568 978 convaluerit,
1587 890 1704 962 miotat
1717 911 1779 986 per
1794 891 1956 966 eumdem

545 1003 585 1074 ll.
608 1001 652 1074 de
667 1003 778 1074 llcrra
792 1013 861 1074 tres
880 1005 1098 1078 solummodo
1112 1007 1262 1082 falcones
1278 1020 1312 1082 et
1330 1011 1528 1102 tumiolum,
1548 1021 1581 1085 et
1598 1014 1671 1107 lpse
1694 1015 1730 1085 in
1752 1015 1877 1089 avibus
1894 1015 1956 1090 do·

544 1125 628 1196 mini
647 1147 765 1197 curam
779 1125 905 1198 babeat
922 1148 1016 1200 more
1030 1130 1130 1204 solito
1147 1131 1361 1225 diligentem.

587 1231 714 1322 'Datum
731 1250 785 1350 [ut
799 1251 931 1352 supra}

772 1543 1495 1554 -------—---—-.--—---.-—--...—.-t-.-.
1501 1545 1533 1552 ..n-
1539 1545 1711 1556 --—--0-—-a.

594 1834 756 1918 Litterae
785 1833 1025 1943 responsales
1058 1833 1108 1914 ed
1144 1831 1379 1942 Stephanum
1415 1835 1464 1917 de
1499 1835 1711 1919 Romosldo
1741 1838 1955 1920 dedendis

542 1967 740 2076 stipendiis
751 1967 937 2050 militibus
951 1966 1061 2050 ituris
1072 1966 1112 2047 in
1126 1965 1374 2076 Campaniam
1384 1991 1474 2050 oum
1489 1967 1533 2062 P,
1547 1969 1596 2052 de
1606 1967 1775 2078 Aquino,
1792 1971 1840 2052 de
1853 1971 1955 2052 dan-

541 2099 601 2183 dis
619 2099 793 2210 expensis
811 2099 1051 2206 officialibus,
1072 2099 1180 2209 equis
1198 2110 1235 2182 et
1252 2099 1369 2181 mulis
1390 2100 1535 2208 curiae,
1556 2099 1771 2184 falconariis
1789 2112 1827 2185 et
1845 2129 1954 2184 nun-

540 2233 609 2316 ciis
636 2231 874 2316 venientibus
897 2232 947 2314 ad
970 2232 1137 2338 curiam,
1168 2233 1217 2314 dc
1243 2231 1421 2316 habendo
1449 2259 1528 2316 nno
1555 2233 1722 2336 notario,
1753 2235 1801 2316 de
1828 2235 1955 2320 danda

540 2363 702 2474 pecunia
718 2389 789 2474 pro
807 2363 1018 2446 munitione
1035 2375 1261 2446 castrorum.

624 2561 752 2645 (licoat.
768 2565 871 2643 impar.
885 2560 1005 2622 arada.
1022 2563 1063 2638 11,
1078 2561 1130 2624 lul.
1147 2571 1182 2624 tt
1200 2579 1301 2636 uerso;
1317 2567 1349 2624 ln
1363 2564 1435 2626 edit.
1451 2565 1589 2644 erman,
1603 2583 1633 2644 p.
1651 2571 1734 2640 tto.)

589 2740 636 2810 De
649 2737 808 2809 modulo
821 2737 989 2831 imperiali
999 2740 1086 2828 facto
1097 2760 1160 2832 per
1173 2739 1372 2831 mapistrum
1390 2739 1432 2810 ll.
1448 2738 1488 2811 de
1501 2740 1604 2834 Supic
1614 2743 1747 2835 scripsit
1761 2742 1900 2814 torota
1915 2743 1955 2814 de

540 2867 669 2936 Bactra
681 2863 811 2934 listerus
829 2861 1062 2955 responsales:

588 2986 801 3077 Fredericns,
813 2997 895 3078 etc,
909 2987 1081 3082 Stephano
1097 2983 1343 3058 dellomoaldo
1357 2985 1566 3059 recolleclcri
1585 2989 1732 3082 pecunie
1745 3011 1807 3083 per
1816 2989 1954 3066 Terram

538 3111 679 3186 laboris
693 3123 728 3185 et
744 3113 973 3208 Principatns,
991 3119 1057 3184 etc.
1074 3109 1181 3184 Solita
1196 3109 1407 3203 benignitate
1428 3110 1622 3205 recepimus
1639 3112 1774 3186 lieteras
1791 3133 1880 3206 quas
1896 3123 1956 3186 tna

539 3235 639 3308 nobis
658 3236 798 3308 devotio
814 3235 1015 3322 destinavit,
1036 3243 1206 3306 alearum
1225 3246 1343 3306 tenore
1368 3235 1506 3330 plenius
1530 3234 1700 3308 intellecto
1721 3235 1956 3308 favorabiliter

540 3359 822 3430 commendamus
843 3357 998 3430 studium
1019 3367 1054 3428 et
1070 3355 1337 3430 sollicitudinem
1355 3367 1450 3428 tuam
1467 3379 1574 3452 quam
1592 3357 1629 3429 in
1647 3358 1865 3452 exequendis
1879 3379 1955 3432 ser-

538 3479 634 3553 vitiis
653 3479 778 3553 nostris
796 3479 859 3552 tibi
879 3479 1069 3553 commissis
1087 3489 1121 3552 te
1144 3479 1287 3553 sollicite
1302 3500 1424 3572 gerere
1441 3481 1604 3554 novimus
1631 3489 1666 3554 et
1682 3481 1823 3554 habere.
1843 3483 1953 3576 Super

539 3624 582 3678 oo
605 3611 721 3674 antem
746 3602 843 3696 quod
868 3624 890 3675 a
919 3601 1018 3676 nobis
1039 3611 1170 3676 certum
1194 3599 1268 3674 ficri
1291 3604 1473 3697 postulasti
1497 3625 1601 3700 super
1625 3604 1750 3678 dandis
1774 3605 1955 3701 stipendiis

540 3727 708 3800 militibus
733 3727 832 3800 ituris
854 3729 890 3798 in
915 3727 1138 3823 Campaniam
1164 3747 1245 3800 oum
1266 3727 1305 3799 P.
1329 3727 1374 3800 de
1397 3729 1558 3821 Aquino,
1579 3728 1670 3802 sicul
1696 3729 1740 3800 Α.
1769 3729 1815 3802 dc
1840 3731 1955 3802 blame

541 3859 718 3945 receperat
732 3872 791 3945 per
803 3864 937 3924 nostras
955 3851 1089 3923 licteras
1107 3851 1143 3922 in
1156 3851 1345 3942 mandatis,
1360 3853 1412 3923 sic
1431 3851 1600 3925 duximus
1614 3850 1896 3948 respondendum
1915 3863 1955 3924 ut

535 3975 641 4068 juxta
659 3975 768 4069 ipsius
785 3974 940 4048 mandati
956 3983 1107 4048 tenorem
1124 3973 1295 4070 stipendia
1314 3975 1388 4068 ipsa
1402 3977 1518 4048 solvas
1535 3977 1565 4048 si
1581 3997 1641 4071 per
1655 3975 1818 4048 eumdem
1835 3974 1952 4068 Ange·

538 4101 612 4172 lum
629 4119 697 4172 non
716 4099 843 4172 luerint
853 4099 986 4192 integre
997 4099 1183 4194 persoluta.
1199 4099 1368 4171 Volumus
1383 4103 1489 4172 etiam
1507 4099 1603 4193 qnod
1621 4109 1766 4172 statutas
1782 4118 1954 4193 expensas

539 4243 604 4318 pro
616 4223 718 4316 equis
733 4231 769 4294 et
785 4222 888 4293 mulis
903 4221 1028 4294 nostris
1042 4241 1130 4314 quos
1141 4221 1312 4294 Obbertus
1328 4222 1612 4295 Fallamonacbus
1629 4231 1782 4296 secretus
1795 4220 1953 4293 Panormi

539 4344 585 4418 de
603 4345 718 4418 Sicilia
737 4346 831 4418 misit
847 4343 895 4418 ad
912 4353 1026 4440 partes
1039 4345 1146 4439 ipsas,
1165 4325 1271 4417 iacias
1285 4343 1459 4418 exbiberi.
1479 4347 1530 4418 De
1547 4343 1674 4419 dandis
1687 4366 1772 4418 vero
1791 4327 1953 4440 expensis

538 4467 745 4542 officialibus
757 4470 809 4540 sic
827 4468 1034 4541 mandamus
1051 4477 1089 4539 ut
1109 4467 1176 4539 illis
1199 4466 1403 4540 officialibus
1428 4489 1601 4564 expensas
1619 4469 1751 4542 tribuas
1768 4467 1830 4560 qni
1849 4487 1953 4538 man-

538 4590 660 4662 datum
683 4599 838 4662 nostrum
856 4611 961 4685 snper
981 4590 1047 4663 hoc
1073 4590 1135 4662 tibi
1154 4589 1308 4662 delerent
1329 4589 1491 4686 speciale.
1510 4593 1561 4663 Ile
1579 4589 1705 4664 dandis
1728 4593 1867 4686 insuper
1884 4609 1949 4660 ex·

537 4715 653 4810 pensis
671 4725 706 4787 et
725 4712 964 4788 conducendis
988 4714 1137 4808 nauigiis
1160 4735 1222 4810 pro
1241 4713 1433 4786 falconariis
1457 4713 1632 4788 nostriset
1653 4715 1785 4786 nuntiis
1806 4711 1952 4786 venien·

539 4839 633 4911 tibus
652 4837 699 4912 ud
715 4861 779 4912 nos
793 4860 904 4933 usque
913 4838 1022 4927 Pisas,
1035 4839 1198 4911 uolumus
1211 4847 1250 4910 ut
1264 4859 1342 4910 curn
1358 4846 1493 4933 tempus
1505 4839 1608 4912 luerit
1621 4849 1656 4912 et
1673 4859 1775 4912 casus
1788 4834 1951 4910 acciderit
