4374 6010
250 691 349 752 lenter.
367 687 431 768 la]
702 687 900 750 HISTORIA
925 689 1221 754 manumittit.
1599 687 1656 750 861

296 823 516 913 Fredericus,
529 830 612 913 etc,
632 823 804 896 liubberto
820 823 964 916 Gentili‚
985 835 1051 898 stc.
1070 825 1276 900 Mandemus
1293 831 1329 897 et
1346 823 1556 920 precipimus
1572 821 1660 896 tide·

251 947 335 1020 litati
354 957 413 1020 tuo
427 953 599 1040 quatenus
612 946 698 1019 visis
715 947 842 1020 lictcris
855 948 902 1022 ad
916 950 1121 1044 presentiam
1139 960 1291 1024 nostram
1303 947 1470 1039 accedas,
1492 947 1661 1022 ducturus

251 1080 364 1142 tecum
377 1070 509 1142 bonum
524 1091 654 1165 equum
670 1079 770 1142 tuum
781 1071 829 1144 ad
844 1093 940 1146 arma
954 1095 1058 1168 quam
1075 1073 1196 1146 habes.

298 1195 424 1268 Datum
436 1192 594 1283 Preciae,
614 1193 722 1268 XXVI
736 1195 867 1285 martii,
885 1197 963 1268 ΙΙΙΙΙ
976 1195 1185 1270 indictionis.

300 1317 431 1389 lietera
448 1315 514 1390 iste
529 1317 798 1409 assignaremus
808 1318 995 1410 justitiario
1010 1319 1213 1416 Capitinate.

300 1441 385 1512 ltem
399 1439 535 1535 scripsit
547 1439 694 1512 Iohanni
706 1440 752 1513 do
762 1441 873 1513 Roccn
887 1450 926 1512 nt
938 1443 1142 1538 leporarium
1158 1465 1260 1516 suum
1272 1442 1358 1516 visis
1371 1442 1497 1515 lioteris
1510 1441 1662 1537 assignet

255 1564 404 1660 portitori
422 1564 631 1658 presentium
648 1563 848 1638 ducendum
864 1564 911 1638 ad
931 1566 1135 1663 presentiam
1152 1566 1284 1641 domini
1298 1565 1525 1662 imperatoris.

302 1685 579 1782 designaremus
594 1707 657 1783 pro
673 1685 840 1760 mittendo
853 1709 908 1761 eo.

308 2241 529 2328 Mandatum
556 2243 606 2326 ad
624 2242 849 2326 Riocardum
867 2243 915 2326 do
932 2243 1093 2327 Pnlcaro
1114 2243 1269 2328 devino
1297 2269 1451 2354 graeco,
1478 2245 1665 2356 askipecia
1691 2255 1870 2356 *rpem-v

262 2374 477 2485 etgelatina
495 2375 545 2458 ad
562 2375 709 2458 curiam
731 2375 939 2458 mittendis.

337 2588 466 2670 (umet.
480 2589 581 2670 imper.
596 2585 717 2650 stede.
732 2590 777 2666 11,
792 2589 845 2651 tol.
861 2598 896 2651 at
915 2605 1016 2663 verm
1031 2591 1064 2650 ln
1076 2589 1147 2650 edit.
1163 2589 1300 2664 Curcum,
1312 2605 1343 2667 p.
1358 2588 1442 2670 88³.)

306 2775 352 2844 De
373 2771 531 2844 mandute
552 2775 641 2863 sacto
659 2794 723 2866 per
742 2772 940 2865 mopistrcm
960 2773 993 2842 Ι.
1015 2771 1055 2842 de
1079 2771 1246 2842 Palmaria
1268 2773 1402 2864 scripsit
1419 2773 1460 2843 G.
1479 2771 1518 2842 de
1539 2775 1666 2844 Tocco:

305 2893 523 2987 tiedericus,
546 2903 629 2986 etc,
644 2893 750 2988 Rede
771 2895 935 2985 Pulearo,
962 2901 1028 2966 otc.
1048 2893 1218 2967 Fidelitati
1239 2901 1299 2966 tue
1316 2893 1539 2990 precipiendo
1565 2915 1668 2966 man-

260 3020 381 3093 damus
396 3031 570 3115 quatenus
586 3019 662 3091 siue
679 3039 777 3090 mora
794 3017 915 3089 mictas
926 3016 972 3089 ad
988 3017 1120 3088 curiam
1135 3025 1285 3090 nostram
1301 2997 1347 3090 de
1365 3018 1448 3089 vino
1465 3037 1568 3110 greco
1584 3037 1666 3088 sau·

260 3165 333 3215 mas
345 3143 408 3232 ΙΙΙ,
429 3141 474 3216 de
492 3143 576 3215 vino
592 3142 747 3236 graciaco
766 3163 904 3214 saumas
921 3142 983 3232 ΙΙΙ,
1005 3141 1050 3214 dc
1071 3142 1155 3213 vino
1173 3139 1265 3213 tiano
1282 3161 1420 3212 saumas
1435 3141 1479 3213 ΙΙΙ
1495 3137 1560 3236 (t).
1582 3141 1667 3214 Pre-

259 3265 571 3339 tereamandamns
582 3274 621 3337 ut
631 3265 781 3338 Berardo
797 3286 879 3337 coco
891 3265 987 3336 curia
1002 3273 1118 3337 nostre
1131 3265 1236 3337 iacias
1253 3262 1329 3337 dari
1346 3262 1391 3336 dc
1403 3263 1504 3336 bonis
1515 3263 1668 3359 piscibus

261 3386 304 3460 de
320 3389 448 3461 ilesina
465 3397 499 3460 et
518 3389 594 3460 aliis
610 3387 811 3460 melioribus
828 3387 888 3481 qui
904 3395 1064 3481 poterunt
1081 3387 1252 3478 inveniri,
1272 3396 1310 3458 ut
1327 3385 1372 3459 dc
1388 3386 1439 3459 eis
1458 3387 1559 3460 faciat
1576 3387 1667 3459 astri·

259 3514 393 3608 peciam
408 3510 461 3610 (2)
473 3521 508 3584 et
524 3511 706 3604 gelatiuam
724 3533 786 3606 pro
805 3511 916 3603 uobis,
932 3514 1034 3603 juxta
1049 3511 1249 3585 mandatum
1268 3519 1423 3584 nostrum
1439 3512 1486 3585 ad
1501 3534 1564 3585 nos
1578 3515 1667 3586 cele·

295 3819 334 3891 (t)
352 3817 451 3876 Vinum
461 3831 589 3890 mecum
600 3816 794 3890 interpretetur
802 3815 921 3890 Gangius
933 3817 1026 3874 riuum
1043 3818 1116 3889 quod
1134 3818 1162 3874 in
1178 3833 1211 3876 ca
1224 3816 1313 3876 ltaliae
1332 3825 1409 3891 parte
1431 3836 1513 3894 mam
1534 3822 1668 3880 incoluere

262 3915 355 3973 Graeci
369 3914 497 3972 nascitur.
510 3913 608 3974 Vinum
618 3930 745 3988 praecum
758 3930 803 3970 een
816 3912 902 3987 Cypri
916 3913 1009 3971 dicunt
1021 3913 1117 3972 tunel.
1130 3915 1255 3986 Colman,
1269 3932 1313 3989 ap.
1324 3917 1469 3990 Bonnrrnn,
1478 3919 1583 3992 Fontes,
1598 3927 1619 3977 t.
1633 3920 1666 3992 ΙΙ,

262 4025 290 4084 p.
304 4015 349 4069 25.
360 4011 399 4067 De
411 4010 475 4068 vino
485 4011 559 4084 deoc
572 4009 637 4068 urnii
651 4015 819 4084 compertum
828 4007 972 4082 habemue3
988 4009 1099 4067 forsitan
1111 4010 1250 4083 legendnm
1262 4015 1358 4068 cinam
1369 4013 1507 4086 fremor.

295 4109 332 4182 ti)
351 4107 553 4180 intelligendum
566 4107 600 4164 de
612 4106 749 4182 pisciculis
763 4107 826 4178 jure
837 4107 967 4180 peculiari
986 4108 1112 4179 conditis,
1128 4124 1244 4180 quorum
1259 4124 1325 4167 usus
1336 4110 1364 4165 in
1377 4111 1504 4168 Leoeenei
1515 4111 1667 4185 provincia,

262 4205 404 4280 praecipue
421 4205 494 4280 apud
506 4203 671 4278 Gallipolim‚
686 4206 832 4262 Tarentum
848 4210 876 4260 et
889 4205 1082 4276 Brundusium,
1098 4206 1198 4263 nostris
1215 4206 1304 4263 adhuc
1323 4209 1489 4281 temporibus
1507 4208 1671 4281 frequentior

263 4303 383 4361 habetur.
398 4304 471 4360 Cocli
489 4303 576 4377 pisone
591 4303 618 4358 in
638 4301 709 4360 salsa
727 4307 900 4358 asservantur
912 4303 946 4359 de
964 4302 1049 4360 lerina
1062 4303 1092 4358 in
1106 4311 1182 4360 aceto
1200 4303 1310 4360 ebullita
1324 4304 1368 4360 cui
1386 4305 1525 4376 paululum
1543 4307 1615 4363 croci
1635 4307 1671 4364 ad

265 4401 377 4461 colorem
389 4401 504 4459 additur.
518 4399 575 4458 ilcc
587 4399 787 4457 condimentum
801 4413 818 4455 a
832 4398 958 4458 diuitibus
973 4405 1001 4456 et
1015 4417 1030 4456 a
1046 4399 1124 4473 plebe
1135 4399 1236 4474 pariter
1247 4399 1407 4473 exquisitum
1425 4401 1529 4473 vulgari
1546 4417 1672 4462 sermone

265 4497 357 4556 dicitur
368 4513 489 4572 mpeee,
506 4497 649 4571 quodnon
669 4497 785 4554 multum
803 4496 839 4554 nb
854 4496 989 4570 astripceia
1002 4497 1095 4567 duel,
1111 4502 1142 4553 ut
1155 4513 1206 4554 nos
1220 4498 1323 4554 monuit
1336 4498 1370 4554 cl.
1384 4515 1412 4554 v.
1434 4498 1541 4570 Forleo,
1558 4515 1671 4574 magnae

266 4595 352 4652 curiae
365 4596 439 4670 apud
451 4595 629 4654 Cuteurnrum
640 4594 732 4668 judex.
746 4593 826 4653 Vocis
839 4595 969 4667 originem
982 4609 999 4650 a
1012 4593 1093 4650 latino
1102 4609 1161 4650 ceco
1174 4595 1269 4668 Apicii
1287 4595 1444 4652 trahendam
1459 4595 1569 4670 quidam
1586 4605 1671 4674 puta-

252 4697 370 4763 ·remnt,
392 4691 457 4748 dnm
480 4691 552 4749 istud
571 4705 687 4766 mopere,
710 4690 801 4764 pelato
820 4689 899 4748 simut
921 4695 950 4748 et
968 4689 1045 4748 oculo
1061 4689 1223 4763 jucundum,
1243 4689 1337 4765 Apicio
1358 4707 1412 4748 non
1433 4691 1570 4767 indignum
1589 4695 1672 4754 tuisse

267 4791 403 4848 tetenm.

359 4885 399 4950 V.
419 4901 476 4946 Pura
486 4902 509 4947 2
1457 4898 1514 4952 109
