4524 6012
272 680 362 741 lm.
380 677 442 758 ld]
715 681 910 744 HISTORIA
935 679 1227 745 ulrtoltaltca
1616 677 1677 739 'tta

318 1225 498 1312 Mandata
531 1229 581 1312 ad
608 1229 833 1340 justitiarios
863 1227 1011 1340 Apmtii
1038 1237 1076 1312 ct
1098 1227 1336 1337 Principatus
1359 1227 1407 1309 de
1431 1223 1674 1336 inquisitione
1794 1237 1831 1288 ⁸¹¹³

269 1359 436 1442 iacienda
453 1370 585 1444 contra
602 1361 870 1447 Boamundum
888 1363 936 1444 de
958 1362 1070 1444 Lecto
1088 1361 1155 1472 qui
1180 1360 1380 1470 pecuniam
1408 1359 1535 1441 curiae
1556 1359 1673 1442 debi-

268 1501 343 1572 tam
360 1517 438 1576 non
458 1494 592 1600 solvit,
620 1506 658 1578 et
674 1504 807 1577 eontra
823 1495 1050 1578 Riccardum
1068 1504 1105 1577 et
1121 1494 1331 1576 Iohannem
1357 1493 1405 1576 de
1431 1491 1554 1576 llocca
1579 1516 1672 1574 eas·

266 1623 423 1708 tellanos
444 1625 589 1709 Roseae
613 1627 752 1710 Montis
769 1628 952 1711 Draconis
974 1638 1013 1710 et
1030 1626 1143 1710 castri
1163 1623 1404 1734 Campaniae.

343 1823 471 1908 (nepot.
483 1825 586 1906 torpor.
602 1823 721 1888 metet
737 1827 779 1906 11,
791 1827 844 1888 lol.
858 1837 896 1888 ct
910 1834 1005 1902 rect03
1019 1829 1051 1888 lu
1064 1826 1136 1888 edtt.
1151 1825 1288 1900 Cmcan„
1302 1843 1334 1904 p.
1351 1823 1435 1904 tat.)

312 2017 358 2088 lic
379 2019 549 2112 imperiali
569 2020 727 2092 mandute
747 2023 837 2113 sacto
854 2041 917 2112 per
940 2020 1138 2112 mopistrum
1157 2017 1334 2111 Reperiam
1357 2019 1397 2090 de
1419 2018 1673 2090 Petrostunnilu

265 2141 389 2236 scripsit
401 2145 631 2214 Laurentius:
1064 2179 1066 2184 ·
1481 2207 1484 2218 .

308 2265 524 2354 fredericus,
538 2275 621 2358 etc,
639 2267 679 2338 B.
698 2267 842 2340 Pissouo
853 2266 1039 2360 justitiario
1054 2265 1204 2362 Apmtii‚
1220 2275 1287 2340 etc.
1301 2267 1454 2340 lnuotuit
1467 2268 1672 2340 excellentie

265 2399 374 2462 nostre
387 2390 484 2484 quod
495 2390 721 2464 Boamundus
735 2389 781 2464 de
796 2393 898 2464 lecto
912 2391 1008 2463 curie
1022 2399 1137 2464 nostro
1156 2398 1291 2462 tenetur
1306 2391 1342 2461 iu
1360 2389 1511 2484 quadam
1526 2390 1672 2485 peomne

263 2515 449 2607 quantitate
467 2535 537 2586 uon
563 2515 689 2588 minori
716 2515 811 2588 mille
838 2525 1034 2588 tarenorum
1058 2513 1153 2601 auri,
1181 2533 1245 2608 pro
1273 2514 1486 2588 restitutione
1510 2514 1673 2590 videlicet

264 2647 346 2710 terre
365 2659 429 2710 sue
451 2638 542 2710 facta
559 2637 628 2710 sibi
645 2645 801 2734 tempore
818 2636 995 2732 quondam
1021 2635 1172 2730 episcopi
1192 2635 1393 2727 melfiensis,
1420 2635 1504 2708 dum
1520 2637 1671 2728 justitia-

262 2759 366 2832 riatus
392 2759 546 2831 officium
576 2768 771 2850 exerceret,
804 2780 846 2834 ac
875 2757 998 2832 eadem
1026 2757 1200 2852 quantitas
1229 2757 1264 2828 iu
1293 2758 1421 2853 scripto
1447 2759 1671 2832 restitutionis

261 2883 367 2976 ipsius
391 2883 481 2955 sicut
496 2882 735 2956 intelleximus
753 2891 805 2954 est
822 2903 998 2976 expressa.
1019 2879 1104 2952 Cum
1123 2880 1226 2974 igitur
1251 2881 1347 2952 curio
1371 2890 1486 2954 nostre
1503 2884 1584 2974 jura
1610 2905 1672 2978 per

260 3005 473 3079 detentorum
497 3007 773 3102 suppressionem
798 3007 856 3082 vel
878 3005 1076 3079 officialium
1102 3013 1294 3076 nostrorum
1319 3005 1487 3078 incuriam
1513 3006 1671 3102 deperire

260 3129 422 3220 nolimus,
445 3127 600 3202 fidelitati
618 3137 679 3203 tue
698 3129 922 3226 precipiendo
942 3127 1150 3202 mandamus
1167 3137 1340 3220 quatenus
1356 3129 1471 3201 statim
1494 3129 1580 3202 visis
1604 3129 1670 3226 hys

259 3250 382 3324 lictoris
403 3251 535 3324 dictum
560 3252 802 3326 &anundum
824 3275 939 3327 coram
963 3261 997 3326 te
1021 3253 1126 3325 facias
1147 3251 1352 3346 presentari,
1381 3273 1531 3346 querens
1555 3253 1601 3325 ab
1628 3275 1670 3326 eo

257 3397 316 3471 pro
339 3386 438 3472 parte
463 3377 558 3450 curie
579 3387 695 3450 nostre
720 3377 845 3451 dietam
871 3377 1017 3473 pecunie
1043 3375 1281 3470 quantitatem.
1314 3376 1416 3461 Quod
1439 3377 1469 3450 si
1492 3378 1669 3451 consessus

257 3498 374 3589 luerit,
397 3520 474 3586 eam
495 3500 640 3596 recipias
657 3501 703 3574 ab
722 3499 858 3574 eodem.
880 3501 915 3573 Si
936 3521 1020 3573 vero
1038 3522 1114 3573 eam
1139 3498 1286 3572 voluerit
1309 3498 1464 3590 diffiteri,
1483 3522 1586 3596 super
1602 3501 1669 3575 hoc

258 3621 511 3716 inquisitionem
536 3623 739 3718 diligentem
764 3625 871 3697 facies
893 3634 927 3696 et
947 3621 1104 3712 fidelem,
1130 3631 1166 3694 et
1191 3624 1220 3695 si
1242 3623 1303 3694 tibi
1329 3644 1391 3718 per
1412 3623 1667 3717 inquisitionem

258 3742 366 3836 ipsum
383 3745 423 3814 B.
444 3745 542 3818 curie
559 3756 674 3818 nostre
691 3747 799 3820 teneri
815 3746 1023 3842 compereris
1041 3745 1077 3816 iu
1097 3743 1239 3835 mdem,
1254 3745 1438 3840 pecuniam
1453 3745 1606 3819 debitam
1623 3748 1667 3819 ab

257 3887 295 3940 eo
308 3868 476 3941 instanter
495 3869 644 3965 recipias
661 3879 695 3943 et
713 3879 782 3944 tam
799 3868 843 3943 de
858 3869 966 3965 ipsius
982 3867 1209 3942 occultatione
1228 3890 1332 3963 quam
1351 3869 1535 3962 negatione
1551 3870 1665 3964 ipsum

257 3993 378 4086 punias
394 4001 434 4064 ut
448 4001 500 4066 est
507 3996 653 4088 justum.

300 4117 426 4188 Datum
445 4117 603 4212 Fuligui,
622 4117 665 4190 lll
691 4118 871 4202 februarii.
894 4119 939 4190 lll
958 4114 1156 4189 indictionis
1172 4113 1233 4212 (a).

299 4239 412 4311 ltcm:

298 4361 516 4453 Fredericus,
536 4373 619 4456 etc,
640 4363 823 4437 Thomasio
846 4363 891 4437 de
908 4363 1121 4457 Mouteuigro
1138 4361 1322 4453 justitiario
1341 4361 1572 4456 Principutus,
1591 4375 1656 4436 eto.

256 4483 540 4558 lleuuuoiatioues
554 4487 649 4559 curie
663 4497 777 4560 nostre
793 4487 900 4559 lactes
913 4497 1032 4558 contro
1045 4483 1249 4557 lliccardum
1265 4485 1310 4558 de
1327 4485 1438 4558 llocca
1454 4485 1659 4558 hostiarium

255 4617 404 4680 nostrum
425 4609 645 4706 castellanum
663 4611 773 4682 Rocce
795 4610 919 4684 Montis
942 4610 1109 4682 Draconis
1126 4619 1160 4682 et
1177 4609 1369 4682 iohannem
1388 4607 1433 4682 de
1451 4610 1563 4683 Rooca
1586 4613 1659 4684 tra·

292 4776 335 4860 (⁰)
355 4778 478 4861 legemr
489 4783 522 4844 lu
534 4784 667 4862 margine
682 4800 691 4845 a
708 4783 841 4846 notorius
849 4779 969 4846 Statilio
980 4781 1104 4844 museo
1120 4781 1222 4844 eructi
1237 4777 1412 4860 amalfitani
1426 4777 1553 4862 [lateuj.
