4374 6010
516 609 578 672 nto
1018 604 1234 668 ruthenici
1257 599 1432 668 stichum
1744 605 1823 692 [llas.
1842 609 1926 674 tato.

516 743 634 834 sibus,
654 741 795 815 habebit
811 739 894 814 inde
912 739 1008 813 curia
1023 748 1139 814 nostm
1156 741 1227 813 tere
1243 747 1381 814 nrenos
1397 739 1473 814 auri
1488 737 1544 812 DC
1556 747 1592 814 et
1604 737 1775 816 decimam
1795 753 1928 839 partem

516 866 621 939 totius
635 866 740 938 musti
752 862 848 960 quod
859 885 906 936 ex
919 863 1005 961 ipsis
1016 864 1128 936 vineis
1138 863 1360 960 percipietur,
1375 863 1487 958 placet
1497 863 1699 938 excellentie
1708 873 1824 938 nostre
1834 866 1928 961 quod

517 989 563 1063 de
580 989 680 1062 terris
699 988 784 1084 ipsis
806 987 908 1060 dictis
920 987 1153 1082 burgensibus
1174 985 1221 1060 ad
1241 1007 1383 1060 censum
1406 1007 1562 1060 annuum
1580 987 1809 1080 concedatur,
1826 989 1926 1064 dum-

514 1111 620 1187 modo
638 1111 776 1186 venatio
797 1120 913 1184 nostra
935 1132 1005 1206 qne
1024 1119 1077 1184 est
1095 1111 1144 1182 ihi
1161 1130 1267 1206 prope
1284 1130 1332 1183 ex
1350 1110 1561 1206 plantatione
1576 1111 1756 1185 vinearum
1774 1113 1927 1207 ipsarum

514 1257 584 1309 non
603 1235 746 1330 recipiat
756 1233 923 1308 lesionem
937 1241 972 1308 et
985 1234 1183 1308 mirthetnm
1197 1233 1354 1306 vicinum
1372 1233 1549 1308 venationi
1564 1233 1630 1330 ipsi
1643 1256 1714 1308 non
1729 1234 1927 1309 destruatur

451 1457 458 1472 .
474 1375 479 1386 ·
514 1382 576 1456 pro
592 1360 656 1432 eis.
678 1357 938 1452 inquisitionem
957 1377 1061 1452 quam
1077 1355 1151 1430 lieri
1166 1356 1276 1430 iecisti
1292 1355 1338 1432 de
1350 1355 1450 1429 terris
1462 1339 1603 1430 Fernliti
1616 1356 1711 1432 nude
1725 1368 1778 1431 est
1792 1360 1926 1453 questio

513 1483 603 1556 inter
621 1484 877 1556 Messanensem
898 1480 1193 1577 archiepiscopum
1215 1488 1251 1552 et
1271 1501 1422 1554 sororem
1445 1479 1622 1577 qnondam
1645 1483 1824 1556 camerarii
1845 1483 1926 1556 llic-

513 1606 628 1696 oardi,
646 1606 742 1679 curia
760 1613 876 1679 nostra
894 1604 1037 1700 recepit.
1055 1605 1107 1678 lla
1126 1604 1240 1677 vineis
1261 1603 1387 1678 nostris
1410 1603 1456 1676 ad
1477 1625 1625 1698 quarum
1650 1607 1821 1679 culturam
1845 1607 1925 1680 dili·

513 1738 649 1822 genwm
663 1737 901 1825 procuratores
913 1725 1081 1823 plurimos
1098 1726 1259 1818 statuisti,
1276 1725 1416 1800 sicarie
1432 1735 1547 1800 nostre
1560 1728 1782 1802 commodum
1800 1751 1924 1826 procn-

512 1860 609 1924 ratur
633 1851 670 1924 in
696 1851 748 1924 eis
770 1851 799 1924 si
823 1851 941 1947 plnres
968 1849 1055 1942 siut,
1082 1859 1176 1923 tuam
1201 1849 1416 1946 diligentiam
1439 1851 1720 1926 commendantes
1738 1852 1783 1926 de
1809 1863 1924 1930 umbo

512 1973 710 2065 commodo,
728 1973 934 2048 mandamus
955 1974 1018 2046 tihi
1039 1985 1079 2046 ut
1096 1995 1216 2049 omues
1230 1975 1352 2048 vineae
1370 1975 1465 2072 ipsas
1484 1975 1589 2050 iacias
1605 1976 1790 2071 diligenter
1806 1981 1872 2052 ooli
1889 1989 1925 2054 et

510 2099 623 2171 nullas
639 2119 684 2170 ax
700 2097 751 2171 eis
767 2097 870 2170 alicui
885 2094 932 2170 ad
947 2097 1114 2170 cabellum
1127 2097 1316 2191 concedas,
1335 2099 1420 2194 quia
1437 2099 1550 2193 magis
1567 2100 1742 2174 credimus
1757 2103 1924 2198 expedire

510 2199 704 2296 commodis
722 2222 848 2296 nostris
865 2222 958 2318 ipsas
977 2221 1160 2316 diligenter
1178 2223 1214 2294 iu
1232 2221 1394 2324 demanio
1406 2231 1523 2297 nostro
1540 2223 1654 2298 exmli
1668 2247 1774 2320 qnam
1797 2227 1844 2300 ad
1860 2249 1923 2302 ca-

509 2345 635 2420 bellam
650 2347 812 2440 concedi,
826 2367 889 2442 pro
904 2367 946 2420 eo
959 2345 1056 2441 qnod
1070 2347 1131 2442 qni
1148 2345 1314 2420 cabellam
1325 2347 1436 2442 ipsam
1452 2346 1623 2444 recipiunt
1638 2368 1708 2422 non
1721 2349 1767 2422 de
1785 2351 1922 2426 cultura

510 2467 625 2544 dehita
642 2471 824 2544 vinearum
842 2477 983 2557 curant,
1000 2469 1062 2543 sod
1083 2469 1231 2564 qualiter
1252 2469 1384 2542 fruetus
1408 2469 1600 2566 percipiant
1620 2471 1657 2543 in
1681 2493 1746 2545 sno
1767 2481 1923 2568 tempore

509 2593 696 2687 pleniores,
717 2593 823 2667 etsie
845 2593 969 2667 vineas
986 2602 1119 2666 nostras
1142 2593 1367 2688 intelligimus
1382 2593 1545 2689 pejorari.
1572 2595 1624 2666 De
1647 2595 1758 2668 trihus
1781 2597 1923 2672 milibus

508 2715 627 2788 salmis
645 2715 719 2787 viui
740 2715 814 2788 dati
831 2716 1012 2788 ammirato
1030 2714 1124 2788 lideli
1138 2725 1255 2790 nostm
1271 2737 1335 2810 pro
1352 2713 1539 2789 onerandis
1554 2715 1706 2789 navibus
1722 2719 1859 2811 nostris,
1877 2719 1923 2794 de

508 2838 624 2936 percis
638 2838 734 2912 curie
751 2847 868 2912 nostre
890 2859 978 2934 quos
994 2839 1203 2936 impinguari
1221 2847 1257 2912 ot
1269 2837 1383 2912 occidi
1403 2859 1446 2912 ac
1465 2839 1572 2912 salliri
1592 2839 1703 2912 iecisti
1721 2863 1783 2936 pru
1801 2843 1920 2936 majori

508 2962 656 3036 utilitate
669 2963 764 3036 curie
780 2971 895 3036 nostre
910 2969 950 3034 ut
966 2963 1105 3056 aerihis,
1121 2964 1167 3037 de
1181 2983 1283 3038 caseo
1297 2971 1332 3036 et
1348 2963 1519 3036 frumento
1532 2963 1742 3058 assignando
1757 2986 1821 3061 prn
1836 2965 1922 3062 ipsis

507 3086 657 3160 navibus
681 3085 884 3178 onerandis,
907 3087 1050 3159 muratis
1067 3085 1118 3184 (o)
1143 3085 1255 3182 primo
1286 3085 1405 3159 castris
1432 3087 1558 3160 nostris
1583 3109 1646 3183 pro
1672 3097 1743 3162 toto
1770 3091 1922 3184 presenti

506 3229 599 3282 anno
617 3211 694 3283 Xlll
712 3209 923 3301 indictionis,
942 3209 1055 3306 placet
1069 3210 1170 3284 nobis
1184 3208 1279 3305 qnod
1294 3208 1340 3282 ad
1355 3209 1577 3284 commodum
1593 3213 1689 3284 cume
1707 3221 1823 3286 nosne
1838 3212 1922 3287 inde

506 3331 615 3403 iecisti
628 3341 662 3404 et
678 3331 903 3426 quantitatem
920 3333 1153 3426 quorumlihet
1168 3333 1268 3406 nohis
1283 3334 1447 3407 volumus
1461 3333 1625 3406 intimari.
1640 3335 1692 3408 De
1705 3336 1919 3430 granictertis

506 3454 606 3526 vallis
620 3454 723 3528 Nothi
741 3463 776 3528 et
792 3455 898 3528 Castri
916 3455 1083 3529 Johaunis
1100 3457 1330 3552 augmentatis
1342 3465 1382 3530 ut
1397 3457 1521 3531 scribis
1535 3468 1612 3553 post
1627 3479 1806 3532 acoessnm
1819 3469 1918 3533 tuum

506 3575 541 3647 in
556 3575 672 3650 Sicilia
685 3577 774 3650 ultra
793 3579 1018 3673 quantitatem
1038 3601 1109 3675 qun
1128 3583 1267 3654 luerunt
1283 3603 1376 3654 anno
1397 3581 1558 3677 preterito
1577 3582 1640 3655 Xll
1662 3582 1859 3656 indictionis
1880 3583 1917 3656 iu

505 3697 624 3772 salmis
632 3701 832 3774 victualium
845 3702 1012 3776 hhcccc
1024 3712 1059 3775 et
1074 3703 1120 3778 de
1132 3705 1261 3801 campis
1278 3705 1375 3778 curie
1391 3713 1507 3778 nostre
1524 3727 1604 3778 oum
1622 3706 1801 3799 diligentia
1816 3708 1918 3779 semi·

504 3824 595 3896 natis
617 3833 657 3895 ut
675 3825 798 3898 scribis
818 3835 853 3899 et
875 3825 920 3900 de
946 3849 988 3900 eo
1005 3827 1101 3921 quod
1123 3829 1281 3902 animasti
1297 3828 1418 3903 fideles
1441 3837 1573 3902 nostros
1598 3829 1645 3902 ad
1667 3829 1912 3922 laborandum,

504 3956 599 4018 tuam
617 3945 830 4038 diligentiam
851 3951 1097 4046 approbamus.
1115 3951 1166 4024 lie
1182 3951 1326 4024 decimis
1337 3953 1454 4048 petitis
1471 3953 1518 4026 ah
1536 3950 1819 4047 archiepiscopis,
1840 3955 1916 4052 epi·

503 4069 617 4164 scopis
633 4079 667 4143 et
681 4073 812 4145 clericis
825 4075 976 4169 legitime
989 4074 1224 4170 prehendatis,
1235 4077 1347 4172 placet
1364 4077 1467 4150 nohis
1483 4086 1523 4149 nt
1539 4075 1673 4150 debitas
1689 4085 1724 4150 et
1735 4087 1915 4152 consuetas

503 4188 655 4265 decimas
678 4196 889 4290 temporibus
912 4219 1035 4290 regum
1056 4208 1089 4271 et
1115 4198 1159 4272 de
1181 4200 1248 4272 illis
1271 4209 1406 4274 entem
1428 4200 1704 4296 possessionibus
1725 4200 1916 4296 dequibus

501 4313 634 4386 eisdem
652 4297 868 4414 temporibus
889 4320 965 4392 dari
985 4331 1239 4394 consueverunt
1259 4331 1295 4396 et
1309 4322 1506 4396 debuerunt
1524 4332 1560 4395 et
1582 4344 1605 4396 a
1627 4343 1750 4417 regum
1773 4332 1915 4419 tempo-

501 4436 596 4510 ribus
612 4441 783 4536 usquead
800 4442 866 4516 heo
879 4443 991 4516 felicia
1007 4454 1161 4540 tempora
1172 4453 1289 4519 nostra
1308 4445 1389 4520 date
1405 4455 1485 4520 sunt
1503 4446 1572 4538 eis,
1588 4445 1731 4544 pacilice
1748 4455 1783 4520 et
1796 4445 1914 4542 quiete

542 4699 584 4782 (a)
606 4701 655 4765 sle
668 4704 700 4764 ln
713 4706 873 4786 impresso;
888 4711 986 4788 aptius
1000 4717 1099 4772 tamen
1112 4709 1269 4790 legendum
1283 4710 1416 4773 munita
