4384 6004
218 679 321 741 lunrcr.
339 677 401 756 lt]
674 676 872 738 HlSTOerl
897 674 1192 740 ntutonleulce.
1555 669 1633 730 1069

220 813 315 885 rielis
332 812 507 885 castellani
526 811 699 902 Bnbalini,
716 812 844 904 judicis
862 813 1029 908 Sylvestri
1048 813 1093 884 de
1115 811 1236 898 Crooc,
1252 806 1382 879 domini
1404 805 1631 880 bartholomei

220 933 264 1006 de
281 935 443 1030 Neapoli,
467 935 621 1026 magistri
640 935 779 1007 Perroni
798 935 843 1008 do
866 935 1043 1030 Lugduni,
1070 933 1193 1006 notarii
1212 931 1385 1026 Peregrini
1403 929 1577 1024 Emglanti
1598 939 1632 998 et

220 1059 367 1130 aliorum
388 1059 659 1156 subscriptorum
683 1060 871 1154 proborum
892 1059 1071 1131 huminum
1097 1057 1144 1129 ed
1163 1058 1230 1128 hcc
1245 1067 1461 1144 vocatorum,
1478 1053 1631 1147 assigna·

219 1183 338 1254 vimus
355 1193 389 1254 et
407 1183 613 1256 induximus
632 1183 895 1277 incorporalem
919 1155 1167 1276 possessionem
1185 1179 1317 1252 eisdem
1334 1179 1378 1250 de
1396 1178 1555 1250 omnibus
1573 1199 1632 1248 sn·

219 1306 403 1400 predictis,
426 1307 645 1400 injungentes
662 1306 805 1399 singulis
824 1306 1023 1378 bominibus
1036 1303 1190 1397 ejusdem
1205 1303 1349 1376 ecclesie
1364 1300 1477 1374 Sancti
1494 1299 1631 1392 Georgii

220 1431 430 1524 respondere
447 1430 514 1502 sibi
532 1451 596 1524 pro
613 1438 709 1524 parte
729 1429 838 1522 ipsius
853 1429 996 1501 ecclesie
1013 1428 1058 1500 de
1073 1427 1234 1500 omnibus
1252 1448 1321 1520 que
1336 1433 1506 1513 tenentur,
1525 1423 1632 1494 salvis

220 1553 255 1624 in
270 1554 434 1625 omnibus
451 1563 486 1626 et
503 1575 563 1647 per
580 1553 696 1624 omnia
708 1553 846 1644 juribus
861 1553 1048 1646 imperialis
1065 1553 1160 1623 curie
1179 1549 1303 1622 debitis
1318 1562 1353 1622 et
1373 1549 1557 1620 consuetis.
1575 1546 1631 1619 Ad

219 1675 325 1767 hujus
339 1686 453 1749 autem
472 1677 521 1746 rei
537 1677 737 1748 memoriam
754 1686 789 1747 et
810 1676 919 1771 ipsius
935 1675 1069 1747 obbatis
1091 1687 1125 1747 et
1143 1685 1334 1748 conventus
1356 1672 1499 1745 ecclesie
1515 1672 1631 1744 Seucti

219 1799 348 1870 Stefani
368 1801 554 1890 cautelam,
572 1820 714 1894 presens
730 1800 895 1892 scriptum
914 1797 985 1869 lieri
1008 1799 1151 1870 lecimus
1173 1808 1287 1870 nostra
1305 1807 1339 1870 et
1357 1797 1631 1890 supradictorum

218 1923 358 1995 testium
382 1923 692 2016 subscriptionibus
713 1923 976 1994 communitum.
992 1924 1116 1993 Actum
1136 1923 1171 1992 in
1198 1923 1343 1993 ecclesia
1361 1921 1477 1992 Sancti
1498 1919 1632 2012 Georgii

219 2045 265 2118 de
277 2047 460 2134 Bubalino,
475 2069 579 2132 anno,
600 2068 718 2118 mense
737 2056 770 2117 et
785 2045 974 2118 indictione
991 2045 1166 2140 predictis.

268 2171 475 2264 Peregrinus
494 2169 571 2265 (stc)
589 2170 634 2242 de
651 2170 743 2242 Mele
762 2169 823 2263 qui
842 2192 965 2264 snpra,
984 2169 1186 2264 subscripsi.

267 2293 394 2388 (Adest
406 2315 529 2386 graeca
543 2294 748 2387 subscriptio
758 2294 910 2366 nexibus
924 2293 1028 2386 ligata
1038 2293 1411 2388 exprimensJoltooncs
1420 2291 1633 2386 dePlutiuo.)

268 2417 444 2512 Torgisius
462 2416 506 2490 de
524 2419 661 2489 Sabuoo
682 2418 821 2488 interlui
845 2416 1006 2512 predictis
1022 2425 1056 2488 et
1076 2426 1192 2489 testor.

131 2595 138 2612 .
269 2543 343 2632 ligo
364 2541 534 2614 Robertus
554 2541 689 2612 Lucifer
709 2541 916 2612 castellanus
940 2541 1098 2612 Bnbalini
1126 2539 1289 2635 predictis
1315 2541 1454 2612 interlui
1481 2549 1515 2612 et
1539 2541 1633 2611 testis

219 2687 310 2736 sum.

269 2793 342 2884 Ego
353 2791 466 2884 judex
484 2792 659 2887 sylvester
673 2792 718 2864 de
732 2791 854 2880 Creon,
875 2791 936 2885 qui
956 2813 1075 2886 supra,
1095 2791 1259 2887 predictis
1273 2793 1426 2883 interlui,
1444 2793 1633 2888 subscripsi

218 2925 252 2989 et
272 2925 388 2989 testor.

267 3041 342 3134 Ego
355 3037 515 3113 Burtolus
530 3040 575 3112 de
593 3041 735 3136 Neapoli
750 3039 913 3136 predictis
927 3040 1066 3111 interlui
1079 3049 1114 3111 et
1128 3049 1243 3112 testor.

268 3163 393 3258 (Adest
407 3165 475 3235 alia
490 3185 613 3256 graeca
628 3164 836 3258 subscriptio
851 3163 1001 3236 nexibus
1018 3163 1124 3252 ligata
1138 3184 1228 3257 quae
1241 3185 1310 3235 non
1328 3163 1418 3235 bene
1429 3164 1583 3259 legitur.)

269 3287 343 3380 Ego
365 3287 527 3380 magister
547 3286 717 3358 Perronus
736 3287 781 3360 de
798 3286 973 3380 Lugduni,
993 3285 1053 3380 qui
1068 3306 1184 3378 supra,
1201 3285 1366 3380 predictis
1381 3286 1532 3378 interlui,
1551 3288 1632 3358 sub·

221 3409 340 3504 scripsi
356 3419 391 3481 et
407 3418 522 3481 testor.

268 3534 342 3626 Ego
355 3531 509 3604 notarius
522 3533 728 3627 Peregrinus
741 3515 790 3606 ¹de
807 3531 979 3623 Emglanti
997 3529 1160 3626 predictis
1178 3533 1317 3606 interlui
1331 3543 1365 3606 et
1378 3534 1473 3607 testis
1488 3557 1579 3606 sum.

268 3657 341 3750 Ego
354 3656 558 3728 dambertus
576 3656 622 3730 de
635 3656 783 3729 Alemari
798 3654 936 3727 interlui
953 3665 988 3727 et
1005 3663 1120 3728 testor.

271 4227 504 4334 Fridericus,
526 4229 814 4313 Romanorum
803 4239 1026 4338 rmperetor,
1049 4227 1230 4310 Cumanis
1245 4227 1421 4311 fidelibus
1443 4231 1522 4314 suis
1539 4257 1629 4314 res-
1670 4257 1698 4355 p,
1699 4260 1826 4357 grppon

223 4359 362 4464 pendet
383 4361 578 4470 quomodo
599 4361 764 4445 intendit
785 4372 954 4445 castrum
977 4386 1091 4443 snum
1110 4359 1242 4447 Sessce
1266 4361 1465 4466 custodiri,
1490 4389 1629 4472 recep·
1663 4311 1833 4412 1111111111-

224 4489 269 4571 tis
301 4519 369 4600 per
404 4494 634 4579 lllesnerium
665 4496 713 4576 de
748 4495 877 4606 Burgo
908 4494 1106 4578 obsidibus
1139 4519 1237 4603 quos
1271 4494 1498 4578 Cremonam
1531 4497 1630 4580 mitti

223 4626 400 4732 mandet,
421 4627 590 4711 notificet
612 4628 727 4710 simul
750 4629 845 4738 quid
871 4628 920 4710 sit
945 4629 1138 4738 egendum
1163 4651 1277 4734 super
1300 4627 1473 4711 custodia
1493 4629 1631 4716 lllontis

227 4755 386 4866 Cineris,
406 4760 520 4844 castri
546 4770 583 4843 et
607 4759 721 4870 burgi
751 4759 941 4844 Rilizonae
965 4771 1002 4843 et
1024 4759 1369 4868 circumstantium,
1395 4786 1561 4846 necnon
1582 4764 1631 4846 de

296 4890 335 4957 V.
355 4905 412 4955 Pus
423 4911 445 4956 8.
543 4923 545 4926 ·
1413 4904 1470 4959 1⁸⁵
