4468 6010
529 665 588 730 746
1028 610 1242 724 rnlbunlcl
1264 663 1438 726 SECllllltl
1757 663 1836 744 [dnn.
1854 663 1943 731 lato.

610 815 735 897 (liccat.
751 815 854 895 imper.
867 810 988 875 Mc.
1004 813 1044 890 11,
1059 813 1110 876 iol.
1126 824 1164 876 ⁷0
1177 822 1272 892 recto;
1289 819 1321 879 lu
1333 817 1405 880 edit.
1419 817 1555 896 carun,
1571 833 1603 896 p.
1619 815 1704 897 8⁴5.)

528 1029 532 1036 .
577 967 625 1036 Dc
645 962 756 1034 roden
773 961 932 1034 mundato
947 962 1083 1054 scripsit
1100 963 1144 1034 P.
1162 961 1202 1034 dc
1220 963 1362 1057 Capua:

576 1085 796 1177 Fredericus,
816 1094 899 1174 etc,
918 1085 956 1156 Β.
978 1085 1137 1158 Pisciono
1148 1086 1334 1178 justitiario
1352 1084 1508 1183 Aprutii,
1527 1093 1594 1158 etc.
1615 1083 1785 1159 Fidelitati
1800 1093 1860 1157 tue
1880 1085 1946 1158 lic-

529 1223 620 1284 teras
644 1209 744 1282 solita
763 1207 979 1302 benignitate
997 1208 1190 1302 recepimus
1208 1217 1243 1280 et
1267 1210 1420 1305 ipsarum
1443 1207 1690 1282 continentiam
1713 1207 1946 1281 intelleximus

529 1334 725 1428 diligenter.
741 1333 792 1405 De
807 1353 849 1405 eo
867 1332 897 1404 si
916 1331 1060 1427 quidem
1076 1331 1172 1426 quod
1196 1331 1363 1428 scripsisti
1390 1352 1455 1429 per
1478 1353 1538 1406 eas
1562 1341 1597 1405 tc
1617 1332 1722 1423 juxta
1743 1309 1945 1405 mandatum

529 1466 685 1532 nostrum
703 1456 893 1530 iortellitias
911 1456 1075 1530 Gnalterii
1094 1456 1140 1529 de
1158 1457 1312 1554 Popleto,
1333 1456 1499 1530 videlicet
1516 1467 1668 1530 castrum
1681 1455 1814 1530 Pesculi
1830 1455 1946 1530 Aven-

529 1581 593 1654 tini
613 1591 648 1654 et
665 1577 822 1654 Roccette
845 1602 979 1654 necnon
1004 1590 1038 1654 et
1063 1581 1166 1654 aliam
1185 1589 1312 1654 terram
1331 1602 1449 1669 suam,
1465 1581 1655 1654 iortellitias
1672 1581 1776 1654 etiam
1791 1589 1827 1653 et
1844 1580 1946 1652 aliam

530 1717 655 1780 terram
681 1703 823 1778 Gentilis
847 1704 893 1779 de
917 1703 1059 1801 Popleto
1076 1705 1235 1778 similiter
1253 1705 1359 1798 juxte
1381 1704 1586 1778 mandatum
1608 1713 1763 1778 nostrum
1792 1702 1839 1776 ad
1859 1725 1948 1798 opus

529 1829 627 1903 curie
643 1837 757 1902 nostre
776 1828 929 1923 cepisse,
952 1829 998 1902 de
1015 1829 1211 1902 castellanis
1228 1849 1372 1923 quoque
1388 1849 1452 1924 per
1471 1837 1506 1901 te
1522 1826 1690 1900 ordinatis
1711 1827 1747 1898 in
1769 1826 1948 1900 sortellitiis

529 1953 663 2027 Pesculi
689 1961 724 2024 et
751 1951 854 2024 castri
878 1952 1037 2025 lloccette
1057 1953 1236 2048 diligentie
1259 1960 1320 2025 tue
1345 1951 1499 2026 studium
1524 1949 1820 2025 commendamus.
1845 1951 1947 2036 Quod

531 2086 648 2151 autem
665 2086 700 2148 te
717 2074 838 2148 iecisse
854 2073 1020 2169 scripsisti
1033 2075 1079 2148 de
1095 2077 1276 2169 negociato
1292 2073 1342 2174 (a)
1358 2073 1528 2171 Raynaldi
1543 2075 1666 2149 Farine
1685 2073 1731 2148 de
1746 2073 1899 2146 classina
1914 2085 1948 2146 et

531 2202 686 2278 Iohanne
702 2198 773 2272 filio
788 2199 1076 2295 archipresbyteri
1094 2201 1210 2274 Sancti
1222 2199 1353 2273 Antimi
1365 2199 1410 2274 dc
1425 2199 1591 2293 Classina,
1605 2197 1668 2294 qui
1683 2219 1799 2273 coram
1815 2207 1851 2272 te
1867 2218 1947 2272 oon·

531 2326 613 2401 lessi
630 2327 771 2398 luerunt
789 2344 829 2396 se
845 2323 951 2398 ivisse
968 2323 1014 2397 ad
1031 2325 1072 2396 ll.
1092 2323 1201 2397 lilium
1217 2325 1394 2420 quondam
1409 2323 1509 2397 ducis
1527 2321 1657 2418 Spoleti
1678 2332 1714 2396 et
1736 2323 1863 2396 exenia
1880 2321 1946 2394 sibi

531 2457 703 2548 portasse,
719 2435 895 2520 'duximus
913 2445 1198 2543 approbandum,
1221 2449 1427 2522 mandantes
1451 2447 1606 2520 fidelitati
1625 2455 1685 2520 tue
1703 2455 1875 2542 quatenus
1890 2445 1948 2520 Si-

532 2571 714 2649 nibaldum
732 2570 1068 2668 archipresbyterum
1081 2572 1197 2646 Sancti
1213 2570 1342 2646 Antimi
1357 2571 1402 2645 de
1416 2571 1583 2644 Balciano
1600 2579 1635 2642 et
1651 2569 1842 2665 dompnum
1856 2571 1947 2667 Ray·

531 2697 676 2772 naldum
693 2695 892 2770 Buccellum
919 2695 965 2768 de
994 2694 1120 2792 Criptis
1141 2704 1260 2792 captos
1278 2704 1315 2768 el
1332 2694 1488 2769 detentos
1517 2695 1641 2770 eadem
1664 2693 1846 2768 occasione
1865 2694 1949 2769 dili·

531 2830 652 2919 genter
671 2828 706 2895 el
727 2819 885 2894 studiose
907 2819 1014 2894 facim
1035 2818 1219 2912 custodiri3
1249 2827 1383 2894 aemule
1406 2840 1597 2916 procurans
1624 2827 1665 2893 ut
1689 2819 1880 2894 iohannem
1902 2819 1948 2894 dc

530 2947 643 3020 llocca
671 2965 777 3040 quem
807 2965 871 3040 pro
905 2942 1004 3018 firmo
1038 2944 1189 3018 constitit
1220 2942 1266 3017 ad
1295 2942 1492 3041 predictum
1521 2945 1562 3017 R.
1598 2943 1811 3018 dextrerinm
1839 2965 1947 3018 unum

531 3069 684 3160 misisse,
711 3088 833 3162 capere
862 3067 980 3142 valeas
1005 3087 1066 3163 per
1089 3089 1284 3163 personam.
1311 3070 1362 3140 De
1390 3067 1613 3142 venatoribus
1639 3067 1729 3142 bene
1758 3067 1948 3142 scientibus

532 3191 726 3268 interficere
738 3193 839 3287 lupos
854 3201 890 3264 et
901 3193 1026 3286 vulpes
1041 3213 1121 3264 cum
1135 3193 1303 3288 pulvere,
1325 3211 1414 3286 qnos
1430 3201 1465 3264 te
1478 3191 1611 3265 misisse
1626 3190 1791 3288 scripsisti
1811 3193 1859 3267 ad
1871 3192 1949 3285 jus·

533 3317 698 3392 titiarium
713 3317 817 3388 Terre
833 3313 976 3387 Laboris
989 3311 1125 3387 fidelem
1140 3325 1317 3407 nostrum,
1339 3335 1402 3410 per
1418 3337 1499 3389 eum
1517 3313 1729 3392 ordinandos
1745 3316 1783 3388 in
1796 3315 1946 3411 gualdo,

533 3451 633 3514 tuum
651 3437 805 3512 studium
821 3437 1118 3510 commendamus.

581 3565 707 3637 Datum
721 3559 923 3651 Ccceoione,
940 3561 973 3635 X
991 3561 1169 3654 februarii,
1185 3562 1263 3635 Xlll
1278 3563 1490 3638 indictionis.

346 3959 495 4060 mm,
587 3937 810 4026 Mandatum
828 3935 879 4017 ad
896 3935 1131 4044 provisorem
1152 3943 1366 4019 castrorum
1383 3934 1535 4045 Aprutii
1556 3959 1627 4045 pro
1644 3935 1818 4020 custodia
1834 3938 1949 4021 castri

535 4070 732 4158 Pectorani
755 4067 861 4179 quod
878 4068 928 4150 ad
952 4065 1188 4150 Fridericum
1205 4066 1445 4176 imperatoris
1463 4065 1587 4150 filium
1603 4067 1778 4178 pertinet.

617 4248 745 4330 (Μαι.
757 4245 863 4326 imper.
875 4239 996 4305 Μεθ’.
1010 4243 1053 4324 11,
1067 4243 1120 4305 iol.
1137 4251 1175 4306 to
1189 4247 1283 4318 rectos
1299 4244 1332 4303 ln
1345 4243 1418 4304 edlt.
1433 4241 1612 4322 Carcun,p
1628 4240 1710 4323 tto.)

584 4401 632 4473 lte
649 4399 806 4472 modulo
822 4394 992 4491 imperiali
1008 4397 1097 4487 sacto
1114 4415 1177 4490 per
1193 4394 1341 4467 comitem
1363 4393 1574 4467 Thomocicm
1590 4389 1795 4468 domatum
1821 4395 1949 4490 scripsit

535 4525 673 4600 loculos
687 4522 727 4594 dc
745 4524 894 4593 Bactra:

577 4665 619 4748 (c)
634 4662 839 4728 Verlslmlhtcr
851 4676 905 4740 pro
916 4659 1076 4743 nepotata,
1085 4673 1159 4722 voce
1170 4661 1202 4720 ln
1213 4671 1339 4737 pravum
1350 4671 1469 4722 sensum
1481 4663 1612 4736 accepta,
1626 4613 1872 4738 slcutullquando
1882 4657 1947 4740 gul·

534 4775 590 4836 lice
602 4784 767 4834 commcrce
