4564 6038
841 571 1149 638 austrasiam.

351 1105 624 1215 Fragmentum
653 1101 910 1212 inquisitionis
937 1101 986 1185 dc
1017 1100 1199 1184 mandato
1228 1099 1416 1209 imperiali
1443 1098 1563 1181 laetae
1599 1122 1713 1206 super
1789 1113 1823 1146 ω

299 1237 528 1321 excedentiis
557 1237 794 1322 diuersorum
817 1235 991 1318 locorum
1018 1233 1271 1342 capitinatae,
1291 1233 1358 1315 ubi
1384 1231 1511 1342 agitur
1534 1231 1583 1314 de
1604 1229 1712 1313 teni-

299 1380 429 1454 mento
448 1371 646 1480 quondam
663 1367 821 1452 Berardi
838 1367 1003 1452 Burrelli
1021 1369 1124 1477 apud
1142 1366 1310 1476 Trojam.

380 1586 619 1664 (nmenptnm
638 1585 675 1646 tle
688 1599 767 1646 anno
787 1592 877 1662 tcto,
892 1600 932 1644 cx
948 1581 1089 1644 meanto
1101 1584 1218 1661 agnato
1236 1589 1291 1656 to,
1307 1578 1490 1653 lol.1t⁵,ln
1507 1576 1629 1638 Arahtu.
1647 1590 1710 1654 reg.

422 1690 486 1752 slcl.
503 1692 596 1768 Neap-
609 1707 659 1768 ap.
673 1690 740 1752 cod.
756 1691 869 1751 Musaei
882 1686 1030 1764 linteum,
1044 1698 1078 1748 n⁰
1090 1689 1193 1764 8674.)

352 1877 547 1962 Quatemus
561 1876 606 1951 de
622 1875 838 1950 excudentiis
855 1875 1151 1970 infrascriptarum
1171 1875 1322 1946 locorum
1338 1870 1578 1963 justitiariatus
1593 1868 1715 1964 Capiti-

302 2009 418 2089 natae,
438 2000 549 2072 lactus
566 2021 628 2094 per
642 1998 797 2092 judicem
816 1997 1005 2070 llobcrtum
1025 2006 1060 2070 et
1075 1995 1246 2070 notarium
1264 1995 1484 2067 Thomasium
1498 1993 1544 2066 de
1558 1990 1715 2064 Avellino

304 2123 349 2198 de
366 2123 531 2197 mandato
544 2123 730 2218 imperialis
743 2121 943 2214 majestatis,
961 2121 1050 2194 lacta
1068 2120 1226 2212 diligenti
1241 2119 1462 2214 inquisitione
1479 2139 1541 2214 per
1555 2114 1712 2206 eosdem,

304 2269 365 2343 per
380 2247 614 2342 infrascriptos
631 2245 787 2320 homines
803 2247 936 2340 juratos
950 2244 1163 2336 singulorum
1182 2246 1347 2318 locorum.

915 2519 954 2568 tlt
984 2517 1111 2568 ructa.

354 2687 502 2760 Nomina
522 2688 717 2779 juratorum
735 2698 818 2759 sunt
830 2685 917 2758 hec:

354 2811 503 2883 Iacobus
514 2809 559 2882 de
570 2809 743 2898 Amatam,
761 2808 875 2902 judex
887 2809 1067 2901 Mellorus,
1083 2809 1274 2882 Guilelmus
1290 2809 1336 2882 de
1349 2807 1528 2899 Gisualdo,
1545 2807 1718 2880 alibertus

305 2934 519 3026 Pomarolas,
535 2932 725 3006 Rainaldus
739 2932 784 3006 de
803 2933 970 3022 Dionisio,
983 2933 1137 3007 notarius
1155 2933 1303 3006 lacobus
1320 2933 1474 3024 Deodati,
1493 2933 1653 3004 Nicolaus
1674 2930 1719 3004 dc

305 3057 492 3139 Mercurio,
512 3056 717 3150 Peregrinus
736 3055 843 3150 dopni
865 3055 1042 3146 lticcardi,
1059 3055 1217 3130 Andreas
1234 3055 1363 3149 judicis
1381 3056 1538 3139 Ursonis‚
1564 3055 1719 3126 notarius

305 3178 513 3269 Mansridus,
533 3179 702 3251 Robcrtus
725 3179 975 3272 Filmanerius,
994 3180 1156 3273 magister
1172 3179 1355 3268 Troianus,
1376 3179 1538 3274 magister
1554 3180 1718 3252 Raimun·

307 3301 391 3392 dus,
413 3303 575 3376 Salernus
593 3303 832 3397 Regactcrius,
849 3304 972 3376 Petrus
986 3303 1031 3377 de
1046 3303 1206 3378 Amatore
1219 3305 1373 3396 bajulus,
1393 3304 1582 3375 Guilelmus
1592 3301 1720 3398 judicis

306 3425 450 3517 llaonis,
472 3428 547 3500 Sira
572 3427 696 3522 Simy,
718 3427 832 3519 judex
852 3427 1018 3520 Iacobus,
1047 3430 1194 3502 loannes
1213 3430 1258 3502 de
1278 3429 1437 3522 Pagano,
1461 3429 1721 3500 Bartholomeus

308 3547 353 3621 de
370 3549 588 3644 Pandulpho‚
607 3550 795 3622 Gervasius
809 3551 1026 3640 Pomarolas,
1042 3552 1162 3624 Petrus
1178 3551 1222 3624 de
1238 3553 1345 3646 Tyro,
1359 3553 1473 3622 Saxns
1485 3549 1614 3642 judicis
1630 3549 1720 3622 Tho·

307 3671 425 3760 masii,
443 3673 590 3744 loannes
612 3671 657 3745 de
675 3673 816 3768 Ayrola.
845 3673 912 3759 Qui
931 3676 1037 3767 jurati
1060 3683 1093 3746 et
1107 3674 1306 3768 interrogati
1324 3673 1540 3746 concorditer
1557 3673 1722 3746 dixerunt

309 3795 489 3868 dominum
509 3797 749 3891 imperatorem
769 3797 897 3872 habere
921 3799 957 3870 in
980 3798 1079 3870 Troia
1100 3806 1136 3870 et
1160 3798 1374 3892 pertinentiis
1393 3799 1466 3870 suis
1490 3797 1722 3891 infrascriptae

309 3917 534 3992 excedentias
553 3946 561 3990 :
579 3919 745 3994 videlicet
765 3923 992 3996 tenimentum
1015 3922 1111 4017 qnod
1132 3924 1197 3995 luit
1219 3921 1396 4018 quondam
1416 3922 1556 3996 Berardi
1576 3923 1719 4014 Burelli,

309 4043 346 4114 in
362 4063 434 4138 quo
447 4053 499 4116 est
513 4043 637 4116 domus
649 4067 720 4118 una
733 4046 768 4116 in
785 4047 966 4142 parrochia
979 4047 1095 4120 Sancti
1111 4048 1295 4120 Salvatoris
1307 4051 1408 4140 juxta
1421 4048 1532 4142 ipsam
1543 4047 1723 4119 ecclesiam

309 4174 343 4238 et
357 4166 482 4239 domus
495 4167 563 4240 alia
577 4189 657 4240 cum
671 4170 772 4266 turno
786 4172 899 4246 eidem
915 4168 1035 4244 domui
1052 4172 1248 4264 conjunctu,
1264 4193 1355 4268 qnae
1372 4192 1554 4245 concessae
1570 4178 1650 4242 sunt
1663 4190 1724 4264 per

309 4291 441 4363 curiam
454 4290 624 4367 Guilelmo
646 4294 693 4367 dc
709 4295 895 4386 Panorm03
917 4318 1005 4391 quas
1022 4297 1191 4368 extimant
1208 4289 1323 4370 valere
1341 4296 1518 4369 annuatim
1538 4294 1612 4368 auri
1630 4303 1725 4366 ture-

309 4435 374 4486 nos
394 4423 524 4509 septem
539 4426 574 4490 et
588 4416 762 4512 medium,
778 4421 932 4514 qualibet
948 4422 1102 4516 ipsarum
1119 4421 1302 4494 domorum
1320 4421 1470 4509 scilicet,
1490 4430 1524 4494 et
1540 4420 1589 4492 sic
1603 4439 1726 4491 ascen·

311 4537 406 4634 dunl-
417 4559 588 4616 summam
609 4543 685 4615 anri
703 4553 902 4618 tarenorum
921 4545 1121 4640 quindecim
1126 4594 1581 4620 ............
1610 4541 1726 4614 Cetera

312 4660 443 4734 meunt.
