<?xml version="1.0" encoding="UTF-8"?>
<!DOCTYPE html PUBLIC "-//W3C//DTD XHTML 1.0 Transitional//EN"
    "http://www.w3.org/TR/xhtml1/DTD/xhtml1-transitional.dtd">
<html xmlns="http://www.w3.org/1999/xhtml" xml:lang="en" lang="en">
 <head>
  <title>
</title>
<meta http-equiv="Content-Type" content="text/html;charset=utf-8" />
  <meta name='ocr-system' content='tesseract 3.04.00' />
  <meta name='ocr-capabilities' content='ocr_page ocr_carea ocr_par ocr_line ocrx_word'/>
</head>
<body>
  <div class='ocr_page' id='page_1' title='image "./historiadiploma01fredgoog_0325.png"; bbox 0 0 4358 5996; ppageno 0'>
   <div class='ocr_carea' id='block_1_1' title="bbox 252 735 1662 972">
    <p class='ocr_par' dir='ltr' id='par_1_1' title="bbox 252 735 1662 972">
     <span class='ocr_line' id='line_1_1' title="bbox 252 735 1662 822; baseline -0.004 -19"><span class='ocrx_word' id='word_1_1' title='bbox 252 743 346 806; x_wconf 71' lang='lat' dir='ltr'><strong>mm.</strong></span> <span class='ocrx_word' id='word_1_2' title='bbox 362 737 425 822; x_wconf 85' lang='lat' dir='ltr'><strong>ra]</strong></span> <span class='ocrx_word' id='word_1_3' title='bbox 703 735 902 802; x_wconf 85' lang='lat' dir='ltr'><strong>nrsroara</strong></span> <span class='ocrx_word' id='word_1_4' title='bbox 927 739 1221 806; x_wconf 81' lang='lat' dir='ltr'><strong>nrrnouarrca</strong></span> <span class='ocrx_word' id='word_1_5' title='bbox 1600 735 1662 798; x_wconf 85' lang='lat' dir='ltr'><strong>oso</strong></span> 
     </span>
     <span class='ocr_line' id='line_1_2' title="bbox 253 869 1661 972; baseline -0.004 -22"><span class='ocrx_word' id='word_1_6' title='bbox 253 887 346 950; x_wconf 89' lang='lat' dir='ltr'><strong>tenos</strong></span> <span class='ocrx_word' id='word_1_7' title='bbox 364 877 394 950; x_wconf 89' lang='lat' dir='ltr'><strong>si</strong></span> <span class='ocrx_word' id='word_1_8' title='bbox 407 874 488 970; x_wconf 91' lang='lat' dir='ltr'><strong>quis</strong></span> <span class='ocrx_word' id='word_1_9' title='bbox 500 881 696 946; x_wconf 86' lang='lat' dir='ltr'><strong>nostrorum</strong></span> <span class='ocrx_word' id='word_1_10' title='bbox 709 869 865 946; x_wconf 87' lang='lat' dir='ltr'><strong>fidelium</strong></span> <span class='ocrx_word' id='word_1_11' title='bbox 877 873 922 948; x_wconf 90' lang='lat' dir='ltr'><strong>de</strong></span> <span class='ocrx_word' id='word_1_12' title='bbox 934 876 1018 949; x_wconf 88' lang='lat' dir='ltr'><strong>locis</strong></span> <span class='ocrx_word' id='word_1_13' title='bbox 1031 877 1098 950; x_wconf 90' lang='lat' dir='ltr'><strong>illis</strong></span> <span class='ocrx_word' id='word_1_14' title='bbox 1112 899 1182 972; x_wconf 91' lang='lat' dir='ltr'><strong>que</strong></span> <span class='ocrx_word' id='word_1_15' title='bbox 1192 872 1425 969; x_wconf 81' lang='lat' dir='ltr'><strong>jurisdictioni</strong></span> <span class='ocrx_word' id='word_1_16' title='bbox 1438 882 1497 946; x_wconf 92' lang='lat' dir='ltr'><strong>tue</strong></span> <span class='ocrx_word' id='word_1_17' title='bbox 1511 894 1533 944; x_wconf 89' lang='lat' dir='ltr'><strong>a</strong></span> <span class='ocrx_word' id='word_1_18' title='bbox 1546 879 1661 944; x_wconf 86' lang='lat' dir='ltr'><strong>nostra</strong></span> 
     </span>
    </p>
   </div>
   <div class='ocr_carea' id='block_1_2' title="bbox 256 995 1663 4923">
    <p class='ocr_par' dir='ltr' id='par_1_2' title="bbox 256 995 1663 4923">
     <span class='ocr_line' id='line_1_3' title="bbox 261 995 1662 1094; baseline -0.005 -20"><span class='ocrx_word' id='word_1_19' title='bbox 261 1009 336 1074; x_wconf 88' lang='lat' dir='ltr'><strong>aunt</strong></span> <span class='ocrx_word' id='word_1_20' title='bbox 351 1001 528 1093; x_wconf 85' lang='lat' dir='ltr'><strong>majestate</strong></span> <span class='ocrx_word' id='word_1_21' title='bbox 539 996 739 1089; x_wconf 90' lang='lat' dir='ltr'><strong>commissa,</strong></span> <span class='ocrx_word' id='word_1_22' title='bbox 755 997 801 1070; x_wconf 90' lang='lat' dir='ltr'><strong>ad</strong></span> <span class='ocrx_word' id='word_1_23' title='bbox 816 999 1022 1094; x_wconf 87' lang='lat' dir='ltr'><strong>presentiam</strong></span> <span class='ocrx_word' id='word_1_24' title='bbox 1036 1009 1131 1072; x_wconf 91' lang='lat' dir='ltr'><strong>tuam</strong></span> <span class='ocrx_word' id='word_1_25' title='bbox 1146 1021 1226 1072; x_wconf 90' lang='lat' dir='ltr'><strong>cnm</strong></span> <span class='ocrx_word' id='word_1_26' title='bbox 1241 1019 1338 1071; x_wconf 88' lang='lat' dir='ltr'><strong>sacre</strong></span> <span class='ocrx_word' id='word_1_27' title='bbox 1354 995 1662 1088; x_wconf 85' lang='lat' dir='ltr'><strong>nostremajestatis</strong></span> 
     </span>
     <span class='ocr_line' id='line_1_4' title="bbox 256 1117 1663 1216; baseline -0.007 -18"><span class='ocrx_word' id='word_1_28' title='bbox 256 1124 385 1198; x_wconf 89' lang='lat' dir='ltr'><strong>oraculo</strong></span> <span class='ocrx_word' id='word_1_29' title='bbox 409 1144 448 1196; x_wconf 88' lang='lat' dir='ltr'><strong>se</strong></span> <span class='ocrx_word' id='word_1_30' title='bbox 465 1123 551 1196; x_wconf 79' lang='lat' dir='ltr'><strong>forte</strong></span> <span class='ocrx_word' id='word_1_31' title='bbox 571 1120 769 1211; x_wconf 83' lang='lat' dir='ltr'><strong>contulerit,</strong></span> <span class='ocrx_word' id='word_1_32' title='bbox 795 1121 857 1216; x_wconf 91' lang='lat' dir='ltr'><strong>qui</strong></span> <span class='ocrx_word' id='word_1_33' title='bbox 876 1130 993 1194; x_wconf 90' lang='lat' dir='ltr'><strong>contra</strong></span> <span class='ocrx_word' id='word_1_34' title='bbox 1009 1143 1073 1195; x_wconf 93' lang='lat' dir='ltr'><strong>nos</strong></span> <span class='ocrx_word' id='word_1_35' title='bbox 1091 1121 1137 1194; x_wconf 88' lang='lat' dir='ltr'><strong>de</strong></span> <span class='ocrx_word' id='word_1_36' title='bbox 1155 1143 1193 1194; x_wconf 92' lang='lat' dir='ltr'><strong>ra</strong></span> <span class='ocrx_word' id='word_1_37' title='bbox 1213 1121 1368 1215; x_wconf 81' lang='lat' dir='ltr'><strong>qnalibet</strong></span> <span class='ocrx_word' id='word_1_38' title='bbox 1384 1119 1558 1214; x_wconf 90' lang='lat' dir='ltr'><strong>querelam</strong></span> <span class='ocrx_word' id='word_1_39' title='bbox 1579 1117 1663 1190; x_wconf 90' lang='lat' dir='ltr'><strong>velit</strong></span> 
     </span>
     <span class='ocr_line' id='line_1_5' title="bbox 256 1229 1662 1344; baseline -0.006 -22"><span class='ocrx_word' id='word_1_40' title='bbox 256 1268 423 1344; x_wconf 77' lang='lat' dir='ltr'>exponere</span> <span class='ocrx_word' id='word_1_41' title='bbox 435 1257 470 1320; x_wconf 88' lang='lat' dir='ltr'><strong>ct</strong></span> <span class='ocrx_word' id='word_1_42' title='bbox 483 1245 618 1320; x_wconf 84' lang='lat' dir='ltr'><strong>habere</strong></span> <span class='ocrx_word' id='word_1_43' title='bbox 630 1265 670 1318; x_wconf 90' lang='lat' dir='ltr'><strong>se</strong></span> <span class='ocrx_word' id='word_1_44' title='bbox 683 1229 814 1318; x_wconf 79' lang='lat' dir='ltr'><strong>asserat</strong></span> <span class='ocrx_word' id='word_1_45' title='bbox 826 1247 1014 1336; x_wconf 89' lang='lat' dir='ltr'><strong>rationem,</strong></span> <span class='ocrx_word' id='word_1_46' title='bbox 1031 1268 1110 1318; x_wconf 93' lang='lat' dir='ltr'><strong>cum</strong></span> <span class='ocrx_word' id='word_1_47' title='bbox 1128 1255 1288 1341; x_wconf 86' lang='lat' dir='ltr'><strong>pretextu</strong></span> <span class='ocrx_word' id='word_1_48' title='bbox 1304 1244 1521 1338; x_wconf 78' lang='lat' dir='ltr'><strong>imperatorie</strong></span> <span class='ocrx_word' id='word_1_49' title='bbox 1537 1242 1662 1334; x_wconf 86' lang='lat' dir='ltr'><strong>majes-</strong></span> 
     </span>
     <span class='ocr_line' id='line_1_6' title="bbox 258 1366 1660 1466; baseline -0.003 -22"><span class='ocrx_word' id='word_1_50' title='bbox 258 1372 330 1445; x_wconf 88' lang='lat' dir='ltr'><strong>tatis</strong></span> <span class='ocrx_word' id='word_1_51' title='bbox 343 1381 404 1444; x_wconf 89' lang='lat' dir='ltr'><strong>aut</strong></span> <span class='ocrx_word' id='word_1_52' title='bbox 416 1369 635 1466; x_wconf 77' lang='lat' dir='ltr'><strong>prerogativa</strong></span> <span class='ocrx_word' id='word_1_53' title='bbox 646 1366 793 1442; x_wconf 90' lang='lat' dir='ltr'><strong>dominii</strong></span> <span class='ocrx_word' id='word_1_54' title='bbox 807 1368 963 1462; x_wconf 89' lang='lat' dir='ltr'><strong>ajudicii</strong></span> <span class='ocrx_word' id='word_1_55' title='bbox 979 1370 1087 1442; x_wconf 85' lang='lat' dir='ltr'><strong>limite</strong></span> <span class='ocrx_word' id='word_1_56' title='bbox 1103 1390 1173 1442; x_wconf 94' lang='lat' dir='ltr'><strong>non</strong></span> <span class='ocrx_word' id='word_1_57' title='bbox 1186 1367 1366 1455; x_wconf 85' lang='lat' dir='ltr'><strong>excludas,</strong></span> <span class='ocrx_word' id='word_1_58' title='bbox 1385 1367 1447 1440; x_wconf 90' lang='lat' dir='ltr'><strong>sed</strong></span> <span class='ocrx_word' id='word_1_59' title='bbox 1458 1368 1660 1463; x_wconf 84' lang='lat' dir='ltr'><strong>experiendi</strong></span> 
     </span>
     <span class='ocr_line' id='line_1_7' title="bbox 259 1489 1661 1586; baseline -0.002 -20"><span class='ocrx_word' id='word_1_60' title='bbox 259 1504 366 1568; x_wconf 72' lang='lat' dir='ltr'><strong>conca</strong></span> <span class='ocrx_word' id='word_1_61' title='bbox 380 1493 513 1568; x_wconf 88' lang='lat' dir='ltr'><strong>curiam</strong></span> <span class='ocrx_word' id='word_1_62' title='bbox 531 1499 684 1566; x_wconf 86' lang='lat' dir='ltr'><strong>nostram</strong></span> <span class='ocrx_word' id='word_1_63' title='bbox 702 1490 768 1564; x_wconf 88' lang='lat' dir='ltr'><strong>sibi</strong></span> <span class='ocrx_word' id='word_1_64' title='bbox 784 1489 927 1564; x_wconf 86' lang='lat' dir='ltr'><strong>liberam</strong></span> <span class='ocrx_word' id='word_1_65' title='bbox 945 1491 1112 1564; x_wconf 85' lang='lat' dir='ltr'><strong>exhibeas</strong></span> <span class='ocrx_word' id='word_1_66' title='bbox 1132 1491 1345 1579; x_wconf 68' lang='lat' dir='ltr'><strong>facultatem,</strong></span> <span class='ocrx_word' id='word_1_67' title='bbox 1362 1499 1582 1586; x_wconf 87' lang='lat' dir='ltr'><strong>procuratore</strong></span> <span class='ocrx_word' id='word_1_68' title='bbox 1598 1512 1661 1586; x_wconf 95' lang='lat' dir='ltr'><strong>pro</strong></span> 
     </span>
     <span class='ocr_line' id='line_1_8' title="bbox 258 1609 1661 1712; baseline -0.004 -22"><span class='ocrx_word' id='word_1_69' title='bbox 258 1625 346 1712; x_wconf 84' lang='lat' dir='ltr'><strong>parte</strong></span> <span class='ocrx_word' id='word_1_70' title='bbox 360 1623 475 1690; x_wconf 88' lang='lat' dir='ltr'><strong>nostre</strong></span> <span class='ocrx_word' id='word_1_71' title='bbox 490 1615 587 1689; x_wconf 74' lang='lat' dir='ltr'><strong>cudo</strong></span> <span class='ocrx_word' id='word_1_72' title='bbox 602 1613 761 1710; x_wconf 88' lang='lat' dir='ltr'><strong>primitus</strong></span> <span class='ocrx_word' id='word_1_73' title='bbox 776 1615 964 1688; x_wconf 90' lang='lat' dir='ltr'><strong>constituto</strong></span> <span class='ocrx_word' id='word_1_74' title='bbox 982 1615 1059 1688; x_wconf 86' lang='lat' dir='ltr'><strong>viro</strong></span> <span class='ocrx_word' id='word_1_75' title='bbox 1076 1615 1198 1709; x_wconf 91' lang='lat' dir='ltr'><strong>ntique</strong></span> <span class='ocrx_word' id='word_1_76' title='bbox 1211 1613 1348 1711; x_wconf 73' lang='lat' dir='ltr'><strong>ydoneo</strong></span> <span class='ocrx_word' id='word_1_77' title='bbox 1365 1621 1400 1686; x_wconf 90' lang='lat' dir='ltr'><strong>et</strong></span> <span class='ocrx_word' id='word_1_78' title='bbox 1413 1609 1522 1700; x_wconf 87' lang='lat' dir='ltr'><strong>fideli,</strong></span> <span class='ocrx_word' id='word_1_79' title='bbox 1536 1614 1598 1707; x_wconf 95' lang='lat' dir='ltr'><strong>qui</strong></span> <span class='ocrx_word' id='word_1_80' title='bbox 1616 1614 1661 1686; x_wconf 89' lang='lat' dir='ltr'><strong>sit</strong></span> 
     </span>
     <span class='ocr_line' id='line_1_9' title="bbox 259 1737 1660 1835; baseline 0 -23"><span class='ocrx_word' id='word_1_81' title='bbox 259 1741 379 1835; x_wconf 88' lang='lat' dir='ltr'><strong>peritus</strong></span> <span class='ocrx_word' id='word_1_82' title='bbox 396 1741 433 1812; x_wconf 93' lang='lat' dir='ltr'><strong>in</strong></span> <span class='ocrx_word' id='word_1_83' title='bbox 447 1741 528 1832; x_wconf 89' lang='lat' dir='ltr'><strong>jure</strong></span> <span class='ocrx_word' id='word_1_84' title='bbox 550 1747 586 1812; x_wconf 92' lang='lat' dir='ltr'><strong>et</strong></span> <span class='ocrx_word' id='word_1_85' title='bbox 610 1737 775 1812; x_wconf 85' lang='lat' dir='ltr'><strong>exercitio</strong></span> <span class='ocrx_word' id='word_1_86' title='bbox 791 1758 975 1812; x_wconf 89' lang='lat' dir='ltr'><strong>causarum</strong></span> <span class='ocrx_word' id='word_1_87' title='bbox 988 1751 1153 1833; x_wconf 83' lang='lat' dir='ltr'><strong>expertus</strong></span> <span class='ocrx_word' id='word_1_88' title='bbox 1170 1760 1211 1811; x_wconf 90' lang='lat' dir='ltr'><strong>nc</strong></span> <span class='ocrx_word' id='word_1_89' title='bbox 1232 1739 1465 1832; x_wconf 90' lang='lat' dir='ltr'><strong>inquestione</strong></span> <span class='ocrx_word' id='word_1_90' title='bbox 1486 1737 1660 1832; x_wconf 90' lang='lat' dir='ltr'><strong>proposita</strong></span> 
     </span>
     <span class='ocr_line' id='line_1_10' title="bbox 260 1860 1660 1958; baseline -0.001 -24"><span class='ocrx_word' id='word_1_91' title='bbox 260 1883 315 1956; x_wconf 90' lang='lat' dir='ltr'><strong>per</strong></span> <span class='ocrx_word' id='word_1_92' title='bbox 328 1871 564 1958; x_wconf 82' lang='lat' dir='ltr'><strong>procuratores</strong></span> <span class='ocrx_word' id='word_1_93' title='bbox 581 1871 717 1934; x_wconf 89' lang='lat' dir='ltr'><strong>nostros</strong></span> <span class='ocrx_word' id='word_1_94' title='bbox 730 1862 889 1956; x_wconf 89' lang='lat' dir='ltr'><strong>primitus</strong></span> <span class='ocrx_word' id='word_1_95' title='bbox 905 1873 939 1933; x_wconf 91' lang='lat' dir='ltr'><strong>et</strong></span> <span class='ocrx_word' id='word_1_96' title='bbox 955 1861 1082 1934; x_wconf 91' lang='lat' dir='ltr'><strong>deinde</strong></span> <span class='ocrx_word' id='word_1_97' title='bbox 1095 1883 1157 1956; x_wconf 92' lang='lat' dir='ltr'><strong>per</strong></span> <span class='ocrx_word' id='word_1_98' title='bbox 1171 1861 1256 1934; x_wconf 88' lang='lat' dir='ltr'><strong>alios</strong></span> <span class='ocrx_word' id='word_1_99' title='bbox 1277 1860 1396 1934; x_wconf 87' lang='lat' dir='ltr'><strong>fideles</strong></span> <span class='ocrx_word' id='word_1_100' title='bbox 1411 1871 1546 1935; x_wconf 87' lang='lat' dir='ltr'><strong>nostros</strong></span> <span class='ocrx_word' id='word_1_101' title='bbox 1562 1861 1660 1934; x_wconf 86' lang='lat' dir='ltr'><strong>suffi-</strong></span> 
     </span>
     <span class='ocr_line' id='line_1_11' title="bbox 261 1981 1661 2079; baseline 0.001 -23"><span class='ocrx_word' id='word_1_102' title='bbox 261 1985 378 2060; x_wconf 89' lang='lat' dir='ltr'><strong>cienter</strong></span> <span class='ocrx_word' id='word_1_103' title='bbox 394 1986 601 2066; x_wconf 89' lang='lat' dir='ltr'><strong>instructus,</strong></span> <span class='ocrx_word' id='word_1_104' title='bbox 620 1983 767 2055; x_wconf 86' lang='lat' dir='ltr'><strong>rationes</strong></span> <span class='ocrx_word' id='word_1_105' title='bbox 785 1992 818 2055; x_wconf 86' lang='lat' dir='ltr'><strong>et</strong></span> <span class='ocrx_word' id='word_1_106' title='bbox 828 1984 909 2076; x_wconf 91' lang='lat' dir='ltr'><strong>jura</strong></span> <span class='ocrx_word' id='word_1_107' title='bbox 925 1983 1021 2056; x_wconf 89' lang='lat' dir='ltr'><strong>curie</strong></span> <span class='ocrx_word' id='word_1_108' title='bbox 1034 1993 1149 2057; x_wconf 91' lang='lat' dir='ltr'><strong>nostre</strong></span> <span class='ocrx_word' id='word_1_109' title='bbox 1160 1983 1420 2075; x_wconf 81' lang='lat' dir='ltr'><strong>diligentissime</strong></span> <span class='ocrx_word' id='word_1_110' title='bbox 1433 1981 1567 2079; x_wconf 78' lang='lat' dir='ltr'><strong>videet,</strong></span> <span class='ocrx_word' id='word_1_111' title='bbox 1586 1984 1661 2058; x_wconf 89' lang='lat' dir='ltr'><strong>dia-</strong></span> 
     </span>
     <span class='ocr_line' id='line_1_12' title="bbox 261 2103 1661 2204; baseline 0.001 -25"><span class='ocrx_word' id='word_1_112' title='bbox 261 2107 356 2180; x_wconf 88' lang='lat' dir='ltr'><strong>entiat</strong></span> <span class='ocrx_word' id='word_1_113' title='bbox 382 2117 416 2184; x_wconf 87' lang='lat' dir='ltr'><strong>et</strong></span> <span class='ocrx_word' id='word_1_114' title='bbox 440 2105 622 2195; x_wconf 79' lang='lat' dir='ltr'><strong>defendat,</strong></span> <span class='ocrx_word' id='word_1_115' title='bbox 646 2104 694 2178; x_wconf 83' lang='lat' dir='ltr'><strong>ita</strong></span> <span class='ocrx_word' id='word_1_116' title='bbox 720 2103 816 2199; x_wconf 92' lang='lat' dir='ltr'><strong>quod</strong></span> <span class='ocrx_word' id='word_1_117' title='bbox 837 2105 885 2178; x_wconf 93' lang='lat' dir='ltr'><strong>ob</strong></span> <span class='ocrx_word' id='word_1_118' title='bbox 911 2105 1086 2202; x_wconf 79' lang='lat' dir='ltr'><strong>diligentis</strong></span> <span class='ocrx_word' id='word_1_119' title='bbox 1110 2107 1339 2204; x_wconf 79' lang='lat' dir='ltr'><strong>procuratoris</strong></span> <span class='ocrx_word' id='word_1_120' title='bbox 1366 2107 1538 2181; x_wconf 85' lang='lat' dir='ltr'><strong>delectum</strong></span> <span class='ocrx_word' id='word_1_121' title='bbox 1564 2108 1661 2180; x_wconf 91' lang='lat' dir='ltr'><strong>curia</strong></span> 
     </span>
     <span class='ocr_line' id='line_1_13' title="bbox 261 2230 1658 2328; baseline 0.001 -26"><span class='ocrx_word' id='word_1_122' title='bbox 261 2241 365 2306; x_wconf 88' lang='lat' dir='ltr'><strong>nostra</strong></span> <span class='ocrx_word' id='word_1_123' title='bbox 384 2233 421 2304; x_wconf 91' lang='lat' dir='ltr'><strong>in</strong></span> <span class='ocrx_word' id='word_1_124' title='bbox 446 2231 541 2306; x_wconf 91' lang='lat' dir='ltr'><strong>nullo</strong></span> <span class='ocrx_word' id='word_1_125' title='bbox 565 2230 732 2306; x_wconf 87' lang='lat' dir='ltr'><strong>sustineat</strong></span> <span class='ocrx_word' id='word_1_126' title='bbox 754 2230 1012 2304; x_wconf 83' lang='lat' dir='ltr'><strong>detrimentum.</strong></span> <span class='ocrx_word' id='word_1_127' title='bbox 1033 2232 1217 2328; x_wconf 85' lang='lat' dir='ltr'><strong>Postquam</strong></span> <span class='ocrx_word' id='word_1_128' title='bbox 1241 2252 1325 2306; x_wconf 87' lang='lat' dir='ltr'><strong>vero</strong></span> <span class='ocrx_word' id='word_1_129' title='bbox 1347 2231 1483 2326; x_wconf 85' lang='lat' dir='ltr'><strong>questio</strong></span> <span class='ocrx_word' id='word_1_130' title='bbox 1503 2231 1658 2304; x_wconf 83' lang='lat' dir='ltr'><strong>fueritin</strong></span> 
     </span>
     <span class='ocr_line' id='line_1_14' title="bbox 260 2352 1658 2452; baseline 0.004 -31"><span class='ocrx_word' id='word_1_131' title='bbox 260 2361 312 2424; x_wconf 90' lang='lat' dir='ltr'><strong>tua</strong></span> <span class='ocrx_word' id='word_1_132' title='bbox 325 2354 494 2448; x_wconf 88' lang='lat' dir='ltr'><strong>presentia</strong></span> <span class='ocrx_word' id='word_1_133' title='bbox 508 2353 686 2446; x_wconf 89' lang='lat' dir='ltr'><strong>ventilata,</strong></span> <span class='ocrx_word' id='word_1_134' title='bbox 704 2352 861 2428; x_wconf 89' lang='lat' dir='ltr'><strong>discussa</strong></span> <span class='ocrx_word' id='word_1_135' title='bbox 879 2355 1023 2428; x_wconf 88' lang='lat' dir='ltr'><strong>sollicite</strong></span> <span class='ocrx_word' id='word_1_136' title='bbox 1036 2365 1070 2428; x_wconf 86' lang='lat' dir='ltr'><strong>et</strong></span> <span class='ocrx_word' id='word_1_137' title='bbox 1086 2358 1236 2452; x_wconf 82' lang='lat' dir='ltr'><strong>perfecte</strong></span> <span class='ocrx_word' id='word_1_138' title='bbox 1249 2363 1409 2444; x_wconf 82' lang='lat' dir='ltr'><strong>tractata,</strong></span> <span class='ocrx_word' id='word_1_139' title='bbox 1427 2355 1658 2427; x_wconf 88' lang='lat' dir='ltr'><strong>renuntiatum</strong></span> 
     </span>
     <span class='ocr_line' id='line_1_15' title="bbox 261 2476 1659 2575; baseline 0.003 -29"><span class='ocrx_word' id='word_1_140' title='bbox 261 2476 353 2548; x_wconf 91' lang='lat' dir='ltr'><strong>etiam</strong></span> <span class='ocrx_word' id='word_1_141' title='bbox 372 2477 407 2549; x_wconf 93' lang='lat' dir='ltr'><strong>in</strong></span> <span class='ocrx_word' id='word_1_142' title='bbox 427 2477 610 2572; x_wconf 89' lang='lat' dir='ltr'><strong>questione</strong></span> <span class='ocrx_word' id='word_1_143' title='bbox 632 2478 782 2550; x_wconf 81' lang='lat' dir='ltr'><strong>extiterit</strong></span> <span class='ocrx_word' id='word_1_144' title='bbox 805 2487 839 2550; x_wconf 92' lang='lat' dir='ltr'><strong>et</strong></span> <span class='ocrx_word' id='word_1_145' title='bbox 868 2479 1089 2569; x_wconf 90' lang='lat' dir='ltr'><strong>conclusum,</strong></span> <span class='ocrx_word' id='word_1_146' title='bbox 1113 2501 1311 2575; x_wconf 85' lang='lat' dir='ltr'><strong>processum</strong></span> <span class='ocrx_word' id='word_1_147' title='bbox 1337 2487 1447 2551; x_wconf 90' lang='lat' dir='ltr'><strong>totum</strong></span> <span class='ocrx_word' id='word_1_148' title='bbox 1469 2479 1659 2572; x_wconf 86' lang='lat' dir='ltr'><strong>questionis</strong></span> 
     </span>
     <span class='ocr_line' id='line_1_16' title="bbox 261 2599 1659 2698; baseline 0.001 -26"><span class='ocrx_word' id='word_1_149' title='bbox 261 2601 420 2696; x_wconf 86' lang='lat' dir='ltr'><strong>proposita</strong></span> <span class='ocrx_word' id='word_1_150' title='bbox 436 2611 471 2674; x_wconf 91' lang='lat' dir='ltr'><strong>et</strong></span> <span class='ocrx_word' id='word_1_151' title='bbox 484 2602 600 2674; x_wconf 90' lang='lat' dir='ltr'><strong>omnin</strong></span> <span class='ocrx_word' id='word_1_152' title='bbox 619 2610 696 2675; x_wconf 90' lang='lat' dir='ltr'><strong>acta</strong></span> <span class='ocrx_word' id='word_1_153' title='bbox 707 2599 829 2694; x_wconf 86' lang='lat' dir='ltr'><strong>judicii</strong></span> <span class='ocrx_word' id='word_1_154' title='bbox 846 2601 891 2673; x_wconf 92' lang='lat' dir='ltr'><strong>ad</strong></span> <span class='ocrx_word' id='word_1_155' title='bbox 910 2602 1097 2696; x_wconf 89' lang='lat' dir='ltr'><strong>majestatis</strong></span> <span class='ocrx_word' id='word_1_156' title='bbox 1114 2611 1228 2676; x_wconf 82' lang='lat' dir='ltr'><strong>nostre</strong></span> <span class='ocrx_word' id='word_1_157' title='bbox 1246 2603 1452 2698; x_wconf 87' lang='lat' dir='ltr'><strong>presentiam</strong></span> <span class='ocrx_word' id='word_1_158' title='bbox 1466 2601 1533 2674; x_wconf 88' lang='lat' dir='ltr'><strong>sub</strong></span> <span class='ocrx_word' id='word_1_159' title='bbox 1546 2601 1659 2694; x_wconf 81' lang='lat' dir='ltr'><strong>sigillo</strong></span> 
     </span>
     <span class='ocr_line' id='line_1_17' title="bbox 262 2723 1659 2830; baseline 0.006 -40"><span class='ocrx_word' id='word_1_160' title='bbox 262 2727 481 2830; x_wconf 84' lang='lat' dir='ltr'><strong>tuovolumus</strong></span> <span class='ocrx_word' id='word_1_161' title='bbox 493 2723 679 2817; x_wconf 83' lang='lat' dir='ltr'><strong>destinari,</strong></span> <span class='ocrx_word' id='word_1_162' title='bbox 697 2733 734 2796; x_wconf 92' lang='lat' dir='ltr'><strong>nt</strong></span> <span class='ocrx_word' id='word_1_163' title='bbox 746 2725 944 2818; x_wconf 88' lang='lat' dir='ltr'><strong>questiones</strong></span> <span class='ocrx_word' id='word_1_164' title='bbox 957 2725 1156 2818; x_wconf 89' lang='lat' dir='ltr'><strong>hujusmodi</strong></span> <span class='ocrx_word' id='word_1_165' title='bbox 1173 2723 1453 2822; x_wconf 84' lang='lat' dir='ltr'><strong>perdiffinitivas</strong></span> <span class='ocrx_word' id='word_1_166' title='bbox 1469 2725 1659 2798; x_wconf 88' lang='lat' dir='ltr'><strong>sententias</strong></span> 
     </span>
     <span class='ocr_line' id='line_1_18' title="bbox 261 2841 1659 2943; baseline -0.001 -21"><span class='ocrx_word' id='word_1_167' title='bbox 261 2841 293 2914; x_wconf 84' lang='lat' dir='ltr'><strong>in</strong></span> <span class='ocrx_word' id='word_1_168' title='bbox 315 2857 425 2922; x_wconf 88' lang='lat' dir='ltr'><strong>nostra</strong></span> <span class='ocrx_word' id='word_1_169' title='bbox 449 2849 547 2923; x_wconf 88' lang='lat' dir='ltr'><strong>curia</strong></span> <span class='ocrx_word' id='word_1_170' title='bbox 566 2848 804 2924; x_wconf 85' lang='lat' dir='ltr'><strong>terminentur.</strong></span> <span class='ocrx_word' id='word_1_171' title='bbox 831 2847 973 2924; x_wconf 83' lang='lat' dir='ltr'><strong>Adhuc</strong></span> <span class='ocrx_word' id='word_1_172' title='bbox 997 2850 1080 2943; x_wconf 92' lang='lat' dir='ltr'><strong>qnia</strong></span> <span class='ocrx_word' id='word_1_173' title='bbox 1101 2850 1286 2932; x_wconf 84' lang='lat' dir='ltr'><strong>multarum</strong></span> <span class='ocrx_word' id='word_1_174' title='bbox 1308 2847 1497 2924; x_wconf 80' lang='lat' dir='ltr'><strong>viduarum</strong></span> <span class='ocrx_word' id='word_1_175' title='bbox 1522 2856 1659 2921; x_wconf 86' lang='lat' dir='ltr'><strong>nostra-</strong></span> 
     </span>
     <span class='ocr_line' id='line_1_19' title="bbox 268 2969 1658 3068; baseline 0.004 -28"><span class='ocrx_word' id='word_1_176' title='bbox 268 2989 336 3042; x_wconf 90' lang='lat' dir='ltr'><strong>rnm</strong></span> <span class='ocrx_word' id='word_1_177' title='bbox 349 2969 498 3046; x_wconf 84' lang='lat' dir='ltr'><strong>fidelium</strong></span> <span class='ocrx_word' id='word_1_178' title='bbox 512 2992 577 3046; x_wconf 90' lang='lat' dir='ltr'><strong>nos</strong></span> <span class='ocrx_word' id='word_1_179' title='bbox 589 2973 730 3066; x_wconf 88' lang='lat' dir='ltr'><strong>querela</strong></span> <span class='ocrx_word' id='word_1_180' title='bbox 743 2973 961 3068; x_wconf 80' lang='lat' dir='ltr'><strong>persequitur</strong></span> <span class='ocrx_word' id='word_1_181' title='bbox 977 2972 1074 3068; x_wconf 89' lang='lat' dir='ltr'><strong>quod</strong></span> <span class='ocrx_word' id='word_1_182' title='bbox 1093 2995 1174 3048; x_wconf 90' lang='lat' dir='ltr'><strong>cnm</strong></span> <span class='ocrx_word' id='word_1_183' title='bbox 1192 2973 1320 3054; x_wconf 85' lang='lat' dir='ltr'><strong>inerint</strong></span> <span class='ocrx_word' id='word_1_184' title='bbox 1338 2992 1468 3048; x_wconf 81' lang='lat' dir='ltr'><strong>uxores</strong></span> <span class='ocrx_word' id='word_1_185' title='bbox 1480 2969 1658 3066; x_wconf 87' lang='lat' dir='ltr'><strong>qnondam</strong></span> 
     </span>
     <span class='ocr_line' id='line_1_20' title="bbox 278 3094 1658 3192; baseline 0.003 -30"><span class='ocrx_word' id='word_1_186' title='bbox 278 3103 442 3168; x_wconf 91' lang='lat' dir='ltr'><strong>nostrorum</strong></span> <span class='ocrx_word' id='word_1_187' title='bbox 466 3095 664 3168; x_wconf 87' lang='lat' dir='ltr'><strong>officialium</strong></span> <span class='ocrx_word' id='word_1_188' title='bbox 688 3096 744 3170; x_wconf 87' lang='lat' dir='ltr'><strong>vel</strong></span> <span class='ocrx_word' id='word_1_189' title='bbox 763 3117 882 3170; x_wconf 92' lang='lat' dir='ltr'><strong>eorum</strong></span> <span class='ocrx_word' id='word_1_190' title='bbox 908 3117 1056 3190; x_wconf 94' lang='lat' dir='ltr'><strong>quorum</strong></span> <span class='ocrx_word' id='word_1_191' title='bbox 1081 3097 1173 3172; x_wconf 87' lang='lat' dir='ltr'><strong>buna</strong></span> <span class='ocrx_word' id='word_1_192' title='bbox 1193 3117 1255 3192; x_wconf 91' lang='lat' dir='ltr'><strong>per</strong></span> <span class='ocrx_word' id='word_1_193' title='bbox 1272 3095 1424 3192; x_wconf 91' lang='lat' dir='ltr'><strong>ipsorum</strong></span> <span class='ocrx_word' id='word_1_194' title='bbox 1450 3094 1575 3168; x_wconf 90' lang='lat' dir='ltr'><strong>delicta</strong></span> <span class='ocrx_word' id='word_1_195' title='bbox 1600 3095 1658 3169; x_wconf 81' lang='lat' dir='ltr'><strong>vol</strong></span> 
     </span>
     <span class='ocr_line' id='line_1_21' title="bbox 278 3205 1656 3316; baseline 0.002 -29"><span class='ocrx_word' id='word_1_196' title='bbox 278 3227 388 3310; x_wconf 88' lang='lat' dir='ltr'><strong>propter</strong></span> <span class='ocrx_word' id='word_1_197' title='bbox 400 3218 517 3292; x_wconf 85' lang='lat' dir='ltr'><strong>debita</strong></span> <span class='ocrx_word' id='word_1_198' title='bbox 534 3215 608 3292; x_wconf 86' lang='lat' dir='ltr'><strong>lisci</strong></span> <span class='ocrx_word' id='word_1_199' title='bbox 623 3219 729 3292; x_wconf 90' lang='lat' dir='ltr'><strong>nostri</strong></span> <span class='ocrx_word' id='word_1_200' title='bbox 740 3213 877 3312; x_wconf 92' lang='lat' dir='ltr'><strong>juribus</strong></span> <span class='ocrx_word' id='word_1_201' title='bbox 884 3219 1053 3312; x_wconf 84' lang='lat' dir='ltr'><strong>jussimus</strong></span> <span class='ocrx_word' id='word_1_202' title='bbox 1065 3210 1242 3316; x_wconf 88' lang='lat' dir='ltr'><strong>applicari,</strong></span> <span class='ocrx_word' id='word_1_203' title='bbox 1257 3221 1292 3292; x_wconf 94' lang='lat' dir='ltr'><strong>in</strong></span> <span class='ocrx_word' id='word_1_204' title='bbox 1308 3205 1530 3314; x_wconf 85' lang='lat' dir='ltr'><strong>ademptione</strong></span> <span class='ocrx_word' id='word_1_205' title='bbox 1540 3239 1656 3291; x_wconf 91' lang='lat' dir='ltr'><strong>rernm</strong></span> 
     </span>
     <span class='ocr_line' id='line_1_22' title="bbox 279 3339 1657 3439; baseline 0.004 -32"><span class='ocrx_word' id='word_1_206' title='bbox 279 3339 448 3414; x_wconf 77' lang='lat' dir='ltr'><strong>unitorum</strong></span> <span class='ocrx_word' id='word_1_207' title='bbox 469 3363 611 3415; x_wconf 89' lang='lat' dir='ltr'><strong>suornm</strong></span> <span class='ocrx_word' id='word_1_208' title='bbox 629 3341 772 3416; x_wconf 91' lang='lat' dir='ltr'><strong>dotibus</strong></span> <span class='ocrx_word' id='word_1_209' title='bbox 790 3365 852 3416; x_wconf 91' lang='lat' dir='ltr'><strong>sen</strong></span> <span class='ocrx_word' id='word_1_210' title='bbox 873 3342 1026 3416; x_wconf 89' lang='lat' dir='ltr'><strong>dodariis</strong></span> <span class='ocrx_word' id='word_1_211' title='bbox 1044 3345 1116 3415; x_wconf 89' lang='lat' dir='ltr'><strong>suis</strong></span> <span class='ocrx_word' id='word_1_212' title='bbox 1138 3365 1176 3416; x_wconf 90' lang='lat' dir='ltr'><strong>se</strong></span> <span class='ocrx_word' id='word_1_213' title='bbox 1197 3351 1355 3416; x_wconf 90' lang='lat' dir='ltr'><strong>asserunt</strong></span> <span class='ocrx_word' id='word_1_214' title='bbox 1372 3343 1553 3439; x_wconf 88' lang='lat' dir='ltr'><strong>spoliatas,</strong></span> <span class='ocrx_word' id='word_1_215' title='bbox 1575 3342 1657 3436; x_wconf 89' lang='lat' dir='ltr'><strong>qnia</strong></span> 
     </span>
     <span class='ocr_line' id='line_1_23' title="bbox 279 3451 1658 3563; baseline 0.006 -33"><span class='ocrx_word' id='word_1_216' title='bbox 279 3461 408 3539; x_wconf 82' lang='lat' dir='ltr'><strong>volumus</strong></span> <span class='ocrx_word' id='word_1_217' title='bbox 429 3465 616 3540; x_wconf 86' lang='lat' dir='ltr'><strong>viduarum</strong></span> <span class='ocrx_word' id='word_1_218' title='bbox 635 3467 888 3540; x_wconf 86' lang='lat' dir='ltr'><strong>calamitatibus</strong></span> <span class='ocrx_word' id='word_1_219' title='bbox 902 3467 1164 3540; x_wconf 88' lang='lat' dir='ltr'><strong>misericorditer</strong></span> <span class='ocrx_word' id='word_1_220' title='bbox 1180 3451 1381 3563; x_wconf 86' lang='lat' dir='ltr'><strong>providere,</strong></span> <span class='ocrx_word' id='word_1_221' title='bbox 1398 3465 1605 3540; x_wconf 88' lang='lat' dir='ltr'><strong>mandamus</strong></span> <span class='ocrx_word' id='word_1_222' title='bbox 1623 3476 1658 3538; x_wconf 88' lang='lat' dir='ltr'><strong>et</strong></span> 
     </span>
     <span class='ocr_line' id='line_1_24' title="bbox 279 3586 1658 3685; baseline 0.004 -28"><span class='ocrx_word' id='word_1_223' title='bbox 279 3586 455 3682; x_wconf 83' lang='lat' dir='ltr'><strong>precipimus</strong></span> <span class='ocrx_word' id='word_1_224' title='bbox 477 3587 632 3662; x_wconf 82' lang='lat' dir='ltr'><strong>fidelitati</strong></span> <span class='ocrx_word' id='word_1_225' title='bbox 657 3598 718 3664; x_wconf 90' lang='lat' dir='ltr'><strong>tue</strong></span> <span class='ocrx_word' id='word_1_226' title='bbox 744 3598 934 3685; x_wconf 88' lang='lat' dir='ltr'><strong>qnatenus,</strong></span> <span class='ocrx_word' id='word_1_227' title='bbox 952 3590 983 3662; x_wconf 90' lang='lat' dir='ltr'><strong>si</strong></span> <span class='ocrx_word' id='word_1_228' title='bbox 1004 3612 1073 3684; x_wconf 91' lang='lat' dir='ltr'><strong>qne</strong></span> <span class='ocrx_word' id='word_1_229' title='bbox 1094 3591 1218 3664; x_wconf 91' lang='lat' dir='ltr'><strong>mulier</strong></span> <span class='ocrx_word' id='word_1_230' title='bbox 1240 3590 1286 3663; x_wconf 89' lang='lat' dir='ltr'><strong>de</strong></span> <span class='ocrx_word' id='word_1_231' title='bbox 1308 3599 1421 3662; x_wconf 90' lang='lat' dir='ltr'><strong>cetero</strong></span> <span class='ocrx_word' id='word_1_232' title='bbox 1443 3587 1490 3662; x_wconf 91' lang='lat' dir='ltr'><strong>ad</strong></span> <span class='ocrx_word' id='word_1_233' title='bbox 1514 3597 1548 3661; x_wconf 91' lang='lat' dir='ltr'><strong>te</strong></span> <span class='ocrx_word' id='word_1_234' title='bbox 1572 3589 1658 3662; x_wconf 89' lang='lat' dir='ltr'><strong>iorte</strong></span> 
     </span>
     <span class='ocr_line' id='line_1_25' title="bbox 278 3709 1658 3808; baseline 0.004 -30"><span class='ocrx_word' id='word_1_235' title='bbox 278 3710 463 3808; x_wconf 82' lang='lat' dir='ltr'><strong>veneritque</strong></span> <span class='ocrx_word' id='word_1_236' title='bbox 476 3712 655 3786; x_wconf 87' lang='lat' dir='ltr'><strong>occasione</strong></span> <span class='ocrx_word' id='word_1_237' title='bbox 667 3710 868 3806; x_wconf 85' lang='lat' dir='ltr'><strong>hujusmodi</strong></span> <span class='ocrx_word' id='word_1_238' title='bbox 879 3713 958 3806; x_wconf 90' lang='lat' dir='ltr'><strong>jure</strong></span> <span class='ocrx_word' id='word_1_239' title='bbox 968 3734 1033 3786; x_wconf 91' lang='lat' dir='ltr'><strong>sno</strong></span> <span class='ocrx_word' id='word_1_240' title='bbox 1048 3733 1086 3786; x_wconf 89' lang='lat' dir='ltr'><strong>se</strong></span> <span class='ocrx_word' id='word_1_241' title='bbox 1101 3723 1229 3787; x_wconf 87' lang='lat' dir='ltr'><strong>asserat</strong></span> <span class='ocrx_word' id='word_1_242' title='bbox 1241 3712 1453 3802; x_wconf 85' lang='lat' dir='ltr'><strong>destitutam,</strong></span> <span class='ocrx_word' id='word_1_243' title='bbox 1464 3718 1501 3782; x_wconf 92' lang='lat' dir='ltr'><strong>tn</strong></span> <span class='ocrx_word' id='word_1_244' title='bbox 1516 3709 1658 3784; x_wconf 86' lang='lat' dir='ltr'><strong>studeas</strong></span> 
     </span>
     <span class='ocr_line' id='line_1_26' title="bbox 278 3827 1656 3929; baseline 0.006 -30"><span class='ocrx_word' id='word_1_245' title='bbox 278 3827 423 3924; x_wconf 87' lang='lat' dir='ltr'><strong>inquirere</strong></span> <span class='ocrx_word' id='word_1_246' title='bbox 442 3835 626 3929; x_wconf 80' lang='lat' dir='ltr'><strong>diligenter</strong></span> <span class='ocrx_word' id='word_1_247' title='bbox 651 3844 767 3908; x_wconf 93' lang='lat' dir='ltr'><strong>utrum</strong></span> <span class='ocrx_word' id='word_1_248' title='bbox 790 3847 870 3912; x_wconf 87' lang='lat' dir='ltr'><strong>ante</strong></span> <span class='ocrx_word' id='word_1_249' title='bbox 898 3837 1120 3910; x_wconf 90' lang='lat' dir='ltr'><strong>commissum</strong></span> <span class='ocrx_word' id='word_1_250' title='bbox 1140 3835 1347 3910; x_wconf 88' lang='lat' dir='ltr'><strong>maleficium</strong></span> <span class='ocrx_word' id='word_1_251' title='bbox 1367 3835 1423 3908; x_wconf 86' lang='lat' dir='ltr'><strong>vel</strong></span> <span class='ocrx_word' id='word_1_252' title='bbox 1442 3843 1656 3929; x_wconf 88' lang='lat' dir='ltr'><strong>assumptum</strong></span> 
     </span>
     <span class='ocr_line' id='line_1_27' title="bbox 277 3951 1659 4056; baseline 0.007 -34"><span class='ocrx_word' id='word_1_253' title='bbox 277 3951 403 4030; x_wconf 90' lang='lat' dir='ltr'><strong>officium</strong></span> <span class='ocrx_word' id='word_1_254' title='bbox 417 3979 461 4030; x_wconf 93' lang='lat' dir='ltr'><strong>an</strong></span> <span class='ocrx_word' id='word_1_255' title='bbox 476 3967 594 4054; x_wconf 86' lang='lat' dir='ltr'><strong>postea</strong></span> <span class='ocrx_word' id='word_1_256' title='bbox 607 3959 750 4032; x_wconf 89' lang='lat' dir='ltr'><strong>maritus</strong></span> <span class='ocrx_word' id='word_1_257' title='bbox 764 3979 840 4034; x_wconf 90' lang='lat' dir='ltr'><strong>eam</strong></span> <span class='ocrx_word' id='word_1_258' title='bbox 853 3959 1007 4049; x_wconf 87' lang='lat' dir='ltr'><strong>duxerit,</strong></span> <span class='ocrx_word' id='word_1_259' title='bbox 1022 3969 1060 4032; x_wconf 92' lang='lat' dir='ltr'><strong>ut</strong></span> <span class='ocrx_word' id='word_1_260' title='bbox 1074 3962 1104 4032; x_wconf 89' lang='lat' dir='ltr'><strong>ai</strong></span> <span class='ocrx_word' id='word_1_261' title='bbox 1126 3961 1212 4034; x_wconf 89' lang='lat' dir='ltr'><strong>iorte</strong></span> <span class='ocrx_word' id='word_1_262' title='bbox 1233 3961 1344 4056; x_wconf 92' lang='lat' dir='ltr'><strong>primo</strong></span> <span class='ocrx_word' id='word_1_263' title='bbox 1366 3959 1488 4032; x_wconf 88' lang='lat' dir='ltr'><strong>marito</strong></span> <span class='ocrx_word' id='word_1_264' title='bbox 1503 3961 1659 4054; x_wconf 85' lang='lat' dir='ltr'><strong>nupserit</strong></span> 
     </span>
     <span class='ocr_line' id='line_1_28' title="bbox 275 4077 1657 4178; baseline 0.007 -32"><span class='ocrx_word' id='word_1_265' title='bbox 275 4077 374 4151; x_wconf 88' lang='lat' dir='ltr'><strong>mulier</strong></span> <span class='ocrx_word' id='word_1_266' title='bbox 386 4103 489 4176; x_wconf 88' lang='lat' dir='ltr'><strong>quam</strong></span> <span class='ocrx_word' id='word_1_267' title='bbox 503 4081 687 4176; x_wconf 91' lang='lat' dir='ltr'><strong>deliquerit</strong></span> <span class='ocrx_word' id='word_1_268' title='bbox 705 4093 766 4156; x_wconf 91' lang='lat' dir='ltr'><strong>aut</strong></span> <span class='ocrx_word' id='word_1_269' title='bbox 782 4084 934 4157; x_wconf 86' lang='lat' dir='ltr'><strong>officium</strong></span> <span class='ocrx_word' id='word_1_270' title='bbox 953 4085 1095 4156; x_wconf 91' lang='lat' dir='ltr'><strong>maritus</strong></span> <span class='ocrx_word' id='word_1_271' title='bbox 1108 4092 1319 4177; x_wconf 85' lang='lat' dir='ltr'><strong>assumeret,</strong></span> <span class='ocrx_word' id='word_1_272' title='bbox 1344 4093 1428 4156; x_wconf 94' lang='lat' dir='ltr'><strong>tunc</strong></span> <span class='ocrx_word' id='word_1_273' title='bbox 1443 4083 1526 4178; x_wconf 89' lang='lat' dir='ltr'><strong>quia</strong></span> <span class='ocrx_word' id='word_1_274' title='bbox 1546 4083 1657 4177; x_wconf 94' lang='lat' dir='ltr'><strong>primo</strong></span> 
     </span>
     <span class='ocr_line' id='line_1_29' title="bbox 273 4201 1654 4302; baseline 0.007 -32"><span class='ocrx_word' id='word_1_275' title='bbox 273 4201 385 4276; x_wconf 81' lang='lat' dir='ltr'><strong>mdieri</strong></span> <span class='ocrx_word' id='word_1_276' title='bbox 400 4227 506 4300; x_wconf 93' lang='lat' dir='ltr'><strong>quam</strong></span> <span class='ocrx_word' id='word_1_277' title='bbox 529 4205 630 4278; x_wconf 91' lang='lat' dir='ltr'><strong>nobis</strong></span> <span class='ocrx_word' id='word_1_278' title='bbox 647 4227 710 4302; x_wconf 90' lang='lat' dir='ltr'><strong>pro</strong></span> <span class='ocrx_word' id='word_1_279' title='bbox 729 4209 884 4302; x_wconf 82' lang='lat' dir='ltr'><strong>gestione</strong></span> <span class='ocrx_word' id='word_1_280' title='bbox 907 4209 1010 4282; x_wconf 88' lang='lat' dir='ltr'><strong>officii</strong></span> <span class='ocrx_word' id='word_1_281' title='bbox 1029 4209 1142 4280; x_wconf 91' lang='lat' dir='ltr'><strong>mariti</strong></span> <span class='ocrx_word' id='word_1_282' title='bbox 1167 4209 1259 4281; x_wconf 88' lang='lat' dir='ltr'><strong>buna</strong></span> <span class='ocrx_word' id='word_1_283' title='bbox 1281 4208 1465 4281; x_wconf 83' lang='lat' dir='ltr'><strong>extiterant</strong></span> <span class='ocrx_word' id='word_1_284' title='bbox 1485 4206 1654 4300; x_wconf 80' lang='lat' dir='ltr'><strong>obligata,</strong></span> 
     </span>
     <span class='ocr_line' id='line_1_30' title="bbox 271 4323 1657 4427; baseline 0.006 -33"><span class='ocrx_word' id='word_1_285' title='bbox 271 4323 446 4414; x_wconf 88' lang='lat' dir='ltr'><strong>petitionem</strong></span> <span class='ocrx_word' id='word_1_286' title='bbox 462 4329 617 4402; x_wconf 89' lang='lat' dir='ltr'><strong>mulieris</strong></span> <span class='ocrx_word' id='word_1_287' title='bbox 639 4329 751 4406; x_wconf 88' lang='lat' dir='ltr'><strong>audiri</strong></span> <span class='ocrx_word' id='word_1_288' title='bbox 772 4331 934 4405; x_wconf 87' lang='lat' dir='ltr'><strong>volumus</strong></span> <span class='ocrx_word' id='word_1_289' title='bbox 959 4339 994 4404; x_wconf 91' lang='lat' dir='ltr'><strong>et</strong></span> <span class='ocrx_word' id='word_1_290' title='bbox 1016 4350 1122 4427; x_wconf 86' lang='lat' dir='ltr'><strong>super</strong></span> <span class='ocrx_word' id='word_1_291' title='bbox 1140 4331 1265 4425; x_wconf 89' lang='lat' dir='ltr'><strong>judicii</strong></span> <span class='ocrx_word' id='word_1_292' title='bbox 1287 4329 1420 4404; x_wconf 88' lang='lat' dir='ltr'><strong>aditum</strong></span> <span class='ocrx_word' id='word_1_293' title='bbox 1444 4328 1598 4403; x_wconf 91' lang='lat' dir='ltr'><strong>reserari.</strong></span> <span class='ocrx_word' id='word_1_294' title='bbox 1621 4331 1657 4402; x_wconf 92' lang='lat' dir='ltr'><strong>Si</strong></span> 
     </span>
     <span class='ocr_line' id='line_1_31' title="bbox 270 4451 1657 4551; baseline 0.003 -31"><span class='ocrx_word' id='word_1_295' title='bbox 270 4463 337 4520; x_wconf 83' lang='lat' dir='ltr'><strong>vero</strong></span> <span class='ocrx_word' id='word_1_296' title='bbox 354 4462 532 4548; x_wconf 88' lang='lat' dir='ltr'><strong>postquam</strong></span> <span class='ocrx_word' id='word_1_297' title='bbox 560 4451 712 4526; x_wconf 89' lang='lat' dir='ltr'><strong>officinm</strong></span> <span class='ocrx_word' id='word_1_298' title='bbox 737 4457 882 4528; x_wconf 88' lang='lat' dir='ltr'><strong>maritus</strong></span> <span class='ocrx_word' id='word_1_299' title='bbox 903 4455 1133 4551; x_wconf 87' lang='lat' dir='ltr'><strong>assumpserit</strong></span> <span class='ocrx_word' id='word_1_300' title='bbox 1146 4456 1203 4528; x_wconf 90' lang='lat' dir='ltr'><strong>vel</strong></span> <span class='ocrx_word' id='word_1_301' title='bbox 1229 4455 1410 4550; x_wconf 90' lang='lat' dir='ltr'><strong>culpabilis</strong></span> <span class='ocrx_word' id='word_1_302' title='bbox 1431 4453 1583 4526; x_wconf 77' lang='lat' dir='ltr'><strong>extiterit</strong></span> <span class='ocrx_word' id='word_1_303' title='bbox 1609 4474 1657 4525; x_wconf 85' lang='lat' dir='ltr'><strong>ex</strong></span> 
     </span>
     <span class='ocr_line' id='line_1_32' title="bbox 271 4563 1658 4673; baseline 0.008 -36"><span class='ocrx_word' id='word_1_304' title='bbox 271 4563 387 4663; x_wconf 89' lang='lat' dir='ltr'><strong>delicto,</strong></span> <span class='ocrx_word' id='word_1_305' title='bbox 404 4576 561 4671; x_wconf 90' lang='lat' dir='ltr'><strong>nupserit</strong></span> <span class='ocrx_word' id='word_1_306' title='bbox 571 4576 707 4668; x_wconf 91' lang='lat' dir='ltr'><strong>mulier,</strong></span> <span class='ocrx_word' id='word_1_307' title='bbox 723 4586 806 4651; x_wconf 88' lang='lat' dir='ltr'><strong>tnnc</strong></span> <span class='ocrx_word' id='word_1_308' title='bbox 818 4579 902 4673; x_wconf 90' lang='lat' dir='ltr'><strong>qnia</strong></span> <span class='ocrx_word' id='word_1_309' title='bbox 916 4579 1028 4651; x_wconf 91' lang='lat' dir='ltr'><strong>mariti</strong></span> <span class='ocrx_word' id='word_1_310' title='bbox 1047 4580 1139 4652; x_wconf 91' lang='lat' dir='ltr'><strong>bona</strong></span> <span class='ocrx_word' id='word_1_311' title='bbox 1155 4589 1236 4652; x_wconf 91' lang='lat' dir='ltr'><strong>sunt</strong></span> <span class='ocrx_word' id='word_1_312' title='bbox 1253 4591 1369 4652; x_wconf 90' lang='lat' dir='ltr'><strong>nostre</strong></span> <span class='ocrx_word' id='word_1_313' title='bbox 1388 4579 1482 4652; x_wconf 91' lang='lat' dir='ltr'><strong>curie</strong></span> <span class='ocrx_word' id='word_1_314' title='bbox 1498 4576 1658 4672; x_wconf 92' lang='lat' dir='ltr'><strong>primitus</strong></span> 
     </span>
     <span class='ocr_line' id='line_1_33' title="bbox 272 4687 1657 4797; baseline 0.006 -35"><span class='ocrx_word' id='word_1_315' title='bbox 272 4687 408 4790; x_wconf 80' lang='lat' dir='ltr'><strong>obligata,</strong></span> <span class='ocrx_word' id='word_1_316' title='bbox 431 4698 630 4792; x_wconf 88' lang='lat' dir='ltr'><strong>petitionem</strong></span> <span class='ocrx_word' id='word_1_317' title='bbox 647 4697 848 4791; x_wconf 77' lang='lat' dir='ltr'><strong>huJusmodi</strong></span> <span class='ocrx_word' id='word_1_318' title='bbox 867 4703 1027 4774; x_wconf 84' lang='lat' dir='ltr'><strong>volomus</strong></span> <span class='ocrx_word' id='word_1_319' title='bbox 1046 4723 1115 4775; x_wconf 95' lang='lat' dir='ltr'><strong>non</strong></span> <span class='ocrx_word' id='word_1_320' title='bbox 1133 4701 1282 4776; x_wconf 88' lang='lat' dir='ltr'><strong>admitti.</strong></span> <span class='ocrx_word' id='word_1_321' title='bbox 1305 4701 1344 4774; x_wconf 93' lang='lat' dir='ltr'><strong>ln</strong></span> <span class='ocrx_word' id='word_1_322' title='bbox 1360 4700 1427 4797; x_wconf 73' lang='lat' dir='ltr'><strong>hys</strong></span> <span class='ocrx_word' id='word_1_323' title='bbox 1444 4710 1561 4774; x_wconf 89' lang='lat' dir='ltr'><strong>tamen</strong></span> <span class='ocrx_word' id='word_1_324' title='bbox 1582 4719 1657 4771; x_wconf 93' lang='lat' dir='ltr'><strong>om-</strong></span> 
     </span>
     <span class='ocr_line' id='line_1_34' title="bbox 273 4809 1658 4923; baseline 0.01 -43"><span class='ocrx_word' id='word_1_325' title='bbox 273 4809 357 4889; x_wconf 89' lang='lat' dir='ltr'><strong>nibus</strong></span> <span class='ocrx_word' id='word_1_326' title='bbox 374 4831 406 4894; x_wconf 90' lang='lat' dir='ltr'><strong>et</strong></span> <span class='ocrx_word' id='word_1_327' title='bbox 424 4821 571 4917; x_wconf 79' lang='lat' dir='ltr'><strong>singulis</strong></span> <span class='ocrx_word' id='word_1_328' title='bbox 592 4823 797 4918; x_wconf 88' lang='lat' dir='ltr'><strong>supradictis</strong></span> <span class='ocrx_word' id='word_1_329' title='bbox 817 4823 863 4900; x_wconf 84' lang='lat' dir='ltr'><strong>ad</strong></span> <span class='ocrx_word' id='word_1_330' title='bbox 886 4824 1091 4900; x_wconf 90' lang='lat' dir='ltr'><strong>sententiam</strong></span> <span class='ocrx_word' id='word_1_331' title='bbox 1109 4837 1142 4901; x_wconf 89' lang='lat' dir='ltr'><strong>te</strong></span> <span class='ocrx_word' id='word_1_332' title='bbox 1161 4825 1349 4923; x_wconf 89' lang='lat' dir='ltr'><strong>procedere</strong></span> <span class='ocrx_word' id='word_1_333' title='bbox 1365 4825 1526 4899; x_wconf 88' lang='lat' dir='ltr'><strong>nolumus</strong></span> <span class='ocrx_word' id='word_1_334' title='bbox 1551 4833 1590 4895; x_wconf 94' lang='lat' dir='ltr'><strong>nt</strong></span> <span class='ocrx_word' id='word_1_335' title='bbox 1606 4833 1658 4895; x_wconf 93' lang='lat' dir='ltr'><strong>est</strong></span> 
     </span>
    </p>
   </div>
   <div class='ocr_carea' id='block_1_3' title="bbox 0 0 2184 5989">
    <p class='ocr_par' dir='ltr' id='par_1_3' title="bbox 0 0 2184 5989">
     <span class='ocr_line' id='line_1_35' title="bbox 0 0 2184 5989; baseline 0 0"><span class='ocrx_word' id='word_1_336' title='bbox 0 0 2184 5989; x_wconf 95' lang='lat' dir='ltr'><strong> </strong></span> 
     </span>
    </p>
   </div>
  </div>
 </body>
</html>
