4468 6010
263 680 362 742 rm.
380 678 443 757 rs]
715 678 913 742 rrrsroarr
938 677 1233 748 nrruonrrrcr.
1614 665 1673 728 ⁷⁸³

331 813 1012 910 lllct'odemmoodotoscripsr‘tidetnP.
1031 815 1232 910 datium.-
1702 801 1866 850 mm·

309 937 528 1028 Fredericus,
551 947 635 1030 ete,
651 940 771 1031 Maiori
794 940 839 1014 de
860 940 1067 1014 Planoatoue
1091 939 1136 1012 de
1151 941 1239 1010 Baro
1260 943 1390 1008 secreto
1411 933 1585 1020 Messene,
1604 938 1670 1002 etc.

266 1061 349 1132 Cum
362 1062 644 1136 mundaverimus
660 1063 816 1138 Nicolino
827 1065 969 1159 Spiuulc
982 1063 1080 1154 regni
1092 1061 1207 1134 Sicilie
1222 1058 1414 1144 ammirato,
1432 1054 1526 1128 fideli
1541 1063 1672 1143 nostru,

267 1194 305 1256 nt
323 1205 448 1258 narem
462 1185 649 1278 quamdam
665 1184 761 1258 ouria
775 1193 892 1258 nostre
907 1194 1145 1280 consumptam
1160 1179 1291 1254 vendat
1309 1202 1372 1276 pro
1388 1179 1499 1251 unciis
1513 1178 1589 1251 auri
1601 1187 1676 1250 tre-

265 1308 375 1379 oantis
392 1309 449 1380 vel
467 1329 532 1403 pro
548 1309 669 1400 majori
688 1309 798 1403 pretio
816 1309 845 1380 si
866 1308 1012 1400 vaiebit,
1028 1319 1064 1380 et
1080 1317 1212 1380 tantum
1231 1304 1442 1400 superaddat
1459 1302 1571 1374 unciis
1591 1301 1676 1396 ipsis

265 1429 362 1524 quod
379 1431 481 1503 aliam
501 1453 628 1504 navem
650 1441 761 1522 emat,
782 1443 822 1504 ut
839 1453 1005 1505 numerus
1022 1432 1144 1504 decem
1163 1431 1306 1504 nerium
1323 1445 1459 1524 semper
1474 1447 1536 1521 pro
1552 1423 1678 1497 nostris

266 1554 418 1628 servitiis
429 1555 612 1644 habeatur,
624 1554 780 1629 fidelitati
793 1566 853 1628 tue
864 1555 1087 1651 precipiendo
1100 1555 1484 1648 mandamuaqnatenns
1496 1549 1678 1646 pecuniam

267 1677 569 1774 superaddendam
593 1699 656 1774 pro
673 1679 821 1752 emenda
846 1679 925 1752 navi
950 1679 1103 1775 predicte
1127 1678 1171 1752 de
1188 1677 1335 1773 pecunia
1360 1676 1456 1749 curie
1474 1683 1588 1747 nosos
1611 1693 1681 1768 que

267 1812 319 1874 est
335 1823 402 1898 per
428 1825 555 1876 manus
571 1813 649 1876 tuas
672 1803 854 1876 ammirato
876 1803 1009 1899 prelato
1031 1803 1077 1876 ad
1100 1803 1357 1898 requisitionem
1380 1808 1415 1874 et
1431 1796 1681 1872 ordinationem

268 1947 367 1998 suum
381 1925 512 2000 debeas
522 1927 702 2000 exhibere.
713 1929 869 2000 Preterea
883 1949 976 2014 oum,
995 1927 1086 2000 siout
1100 1927 1192 2000 idem
1207 1927 1408 1999 ammiratus
1421 1921 1555 2018 scripsit
1565 1921 1680 2009 uobis,

267 2049 431 2124 officiales
445 2051 508 2146 qui
526 2051 593 2124 sub
616 2060 650 2124 te
671 2061 751 2124 sunt
776 2053 812 2122 in
830 2051 1029 2124 exhibenda
1047 2051 1112 2124 sibi
1137 2051 1284 2146 pecunia
1309 2071 1371 2146 pro
1389 2047 1538 2122 servitiis
1560 2046 1684 2118 uostris

268 2173 353 2248 dum
372 2175 558 2270 requiritur
579 2177 625 2248 ab
648 2175 798 2265 eisdem,
818 2185 900 2247 sunt
917 2175 1055 2248 desides
1073 2183 1108 2246 et
1121 2175 1271 2266 remissi,
1292 2179 1429 2269 pmpter
1443 2169 1539 2266 quod
1561 2169 1684 2242 eadem

268 2299 409 2386 servitia
427 2309 544 2373 nostra
566 2307 669 2397 prout
690 2299 789 2374 decet
806 2307 986 2394 nequeunt
1002 2299 1176 2393 expediri,
1195 2296 1402 2370 mandamus
1423 2303 1458 2368 et
1477 2293 1685 2390 precipimus

271 2423 428 2496 fidelitati
456 2431 516 2496 tue
541 2433 713 2517 quatenus
742 2423 906 2496 officiales
929 2423 1070 2496 eosdem
1094 2421 1249 2494 districta
1272 2420 1472 2494 cohercione
1499 2416 1686 2512 compellas

274 2547 368 2641 quod
381 2548 495 2622 eidem
512 2549 692 2620 ammirato
706 2548 887 2642 pecuniam
899 2569 963 2643 pro
980 2547 1106 2618 uostris
1120 2545 1270 2618 servitiis
1283 2557 1487 2639 oportunam
1505 2541 1552 2615 ad
1569 2541 1687 2634 requi·

273 2671 428 2745 sitionem
442 2681 477 2743 at
493 2670 744 2744 ordinationem
758 2693 856 2743 suam
870 2669 1019 2743 debeam
1033 2669 1209 2742 exhibere.

320 2798 445 2867 Datum
464 2792 515 2892 [ot
530 2793 663 2893 aoprol.

323 2921 371 2989 lle
387 2919 499 2990 mdcm
514 2921 671 2991 mundato
687 2921 817 3015 scripsit
830 2921 917 2991 idern
938 2945 951 2990 .·

322 3043 539 3131 Fredericus,
554 3053 638 3135 cto,
653 3045 825 3116 universis
843 3043 1016 3118 doaneriis
1031 3063 1093 3138 per
1106 3063 1254 3134 regnum
1269 3040 1383 3113 Sicilie
1394 3039 1600 3128 constitutis,
1617 3047 1683 3112 etc.

276 3167 357 3240 Cum
375 3168 532 3240 Nioolino
546 3169 688 3262 Spinule
704 3169 802 3261 regni
823 3168 938 3240 Sicilie
957 3167 1137 3239 ammirato
1152 3165 1245 3238 lideli
1262 3172 1377 3238 nostro
1394 3163 1593 3237 dederimus
1608 3184 1687 3236 nos-

275 3292 334 3363 tris
353 3292 481 3364 lictoris
504 3293 540 3362 in
561 3291 734 3364 mandatis
756 3301 796 3363 nt
813 3291 858 3364 de
875 3291 951 3386 pioe
966 3299 1001 3363 et
1019 3291 1109 3362 terro
1127 3287 1335 3384 recipiendis
1360 3309 1380 3359 a
1403 3287 1504 3359 vobis
1529 3307 1591 3382 pro
1613 3307 1686 3358 ser·

276 3415 367 3487 vitiis
390 3415 516 3488 nostris
537 3415 603 3488 sibi
627 3416 817 3488 commissis
842 3436 884 3487 eo
904 3414 1103 3510 pretioque
1124 3393 1287 3485 emuntur
1302 3409 1358 3484 iel
1378 3433 1449 3505 quo
1467 3409 1685 3497 venduntur,

280 3539 378 3610 iaciat
390 3560 471 3610 cum
485 3539 629 3614 oonsilio
642 3549 756 3612 vestro
779 3537 875 3632 quod
893 3538 1031 3610 utilitati
1049 3537 1143 3610 curia
1158 3547 1273 3609 nostre
1290 3535 1414 3609 melius
1431 3533 1557 3608 viderit
1572 3553 1689 3628 expe-

279 3662 368 3752 dire,
389 3662 545 3737 fidelitati
568 3673 682 3737 vestre
697 3663 904 3736 mandamus
925 3673 1096 3756 quatenus
1115 3661 1153 3733 id
1169 3659 1264 3754 qnod
1284 3659 1375 3733 idem
1394 3659 1593 3730 ammiratus
1608 3679 1688 3730 oum

279 3789 421 3860 oonsilio
433 3797 550 3861 vestm
564 3809 628 3884 pro
649 3789 795 3862 utilitate
810 3786 906 3859 ouria
920 3795 1036 3858 nostre
1052 3786 1097 3858 de
1117 3783 1280 3880 predictis
1300 3781 1532 3856 ordinandum
1549 3781 1689 3856 duxerit

281 3909 422 3984 famatis.

326 4037 453 4107 ilatum
471 4031 524 4132 [ut
539 4030 673 4131 supro}

853 4293 1000 4302 ---—·..·.
1026 4293 1033 4298 .
1210 4285 1473 4296 ...----—-——-—

333 4480 513 4564 Mandata
542 4506 612 4589 pro
641 4491 765 4564 castro
793 4480 902 4591 Regii
930 4478 1123 4562 custodiae
1151 4473 1307 4559 Goffridi
1339 4471 1487 4554 Fimeth
1515 4471 1564 4554 de
1587 4469 1690 4554 Len·
1727 4479 1880 4579 RQ

286 4611 361 4696 tino
382 4639 473 4696 oum
495 4612 676 4696 omnibus
693 4613 810 4696 nebus
827 4613 998 4722 ejusdem
1017 4611 1099 4692 sine
1115 4634 1224 4692 mora
1241 4604 1487 4715 assignando.

362 4785 488 4869 tuear.
503 4788 606 4869 inpar.
617 4785 736 4850 hader.
749 4787 789 4866 11,
802 4785 856 4848 fol.
873 4795 910 4848 tt
924 4803 1025 4867 reram
1041 4788 1073 4847 ln
1084 4785 1155 4848 edtt.
1171 4783 1308 4862 caream,
1322 4797 1353 4859 p.
1371 4778 1455 4858 too.)
