4374 6010
240 681 274 726 nn
290 681 343 730 m.
360 663 422 750 na]
691 667 891 732 nrsronrn
915 669 1210 733 orrnounntcn.
1588 657 1650 722 8³⁷

241 801 383 896 dieque
396 823 437 876 se
451 801 499 876 ad
521 803 700 878 servitium
723 807 904 880 contulerit
918 807 1157 906 supradictum
1177 815 1213 880 et
1227 802 1397 900 quamdiu
1416 801 1453 873 in
1470 809 1571 874 antm
1589 819 1651 895 pro

242 925 366 1000 ecdem
383 927 525 1000 servitio
541 937 658 1001 nostro
675 949 807 1002 moram
825 931 945 1004 iecerit
965 931 1002 1004 in
1023 930 1156 1004 eisdem
1172 927 1348 1025 partibus,
1364 945 1535 1022 expensas
1549 924 1664 1018 juxta.

241 1051 387 1124 assisam
404 1049 500 1124 curie
519 1051 678 1124 tribuatis
699 1061 734 1126 et
753 1073 817 1150 pro
835 1053 971 1128 arden
995 1054 1187 1128 falconibus
1206 1049 1383 1124 trahendis
1404 1058 1440 1123 et
1458 1045 1654 1122 nutriendis

243 1174 378 1248 faciatis
385 1172 433 1247 ad
443 1195 562 1248 eornm
576 1175 836 1270 requisitionem
849 1178 1008 1252 exhiberi
1021 1175 1285 1263 eisnecessaria,
1298 1173 1388 1245 sient
1399 1180 1655 1246 consueverunt

244 1297 303 1370 alii
317 1297 477 1390 ejusdem
494 1306 584 1370 terre
599 1298 707 1390 bajuli
725 1299 892 1373 exhibere
908 1299 1043 1373 dudum
1058 1299 1125 1396 hys
1143 1317 1231 1394 qnos
1245 1297 1327 1368 illuc
1340 1297 1496 1393 misimus
1513 1317 1576 1392 pro
1587 1315 1655 1369 ser·

244 1420 330 1494 vitio
353 1419 628 1516 supradictum
649 1422 731 1516 quia
756 1421 863 1496 iidem
885 1423 967 1496 ituri
987 1432 1068 1496 sunt
1082 1442 1146 1518 pro
1165 1419 1288 1494 eodem
1310 1420 1449 1493 servitio
1472 1419 1518 1493 ad
1542 1429 1656 1515 partes

244 1543 588 1640 Neapolis‚vnlumus
596 1545 692 1640 quod
703 1566 784 1619 cum
795 1545 948 1620 illucens
959 1546 1010 1620 ire
1017 1545 1234 1640 contingerit,
1243 1541 1443 1639 significetis
1452 1543 1657 1639 compalatio

246 1668 357 1762 ipsius
373 1677 463 1742 terre
480 1689 541 1763 per
561 1669 697 1742 lictores
718 1678 850 1743 vescas
871 1691 936 1766 pro
958 1670 1087 1766 quibus
1108 1678 1144 1742 et
1166 1676 1250 1763 quot
1275 1667 1400 1740 diebus
1415 1689 1588 1763 expensas
1606 1667 1658 1740 eis

248 1791 426 1875 dederitis,
443 1803 482 1866 ut
495 1793 531 1866 in
548 1801 651 1866 enlm
667 1791 750 1866 dum
771 1793 820 1866 ibi
839 1794 966 1868 luerint
979 1815 1150 1888 expensas
1166 1793 1260 1888 ipsus
1271 1791 1439 1887 recipiant
1451 1791 1497 1864 ab
1516 1789 1655 1883 eodem

249 1917 393 1990 turmam
406 1916 677 1990 denuntiationis
693 1916 850 2011 ejusdem
866 1917 960 1990 dioto
979 1916 1184 2012 compalatin
1197 1937 1260 2012 per
1273 1915 1390 1990 omnia
1403 1923 1593 1989 servaturo.

296 2042 424 2112 Datum
437 2039 600 2128 viterbii,
618 2039 681 2114 XV
696 2041 828 2128 martii,
848 2041 926 2114 Xlll
944 2040 1156 2115 indictionis.

298 2163 928 2258 Decedemmcadntnrcipritr'dem:
1465 2211 1469 2220 ·

298 2286 520 2377 Fredericns,
547 2296 632 2375 etc,
655 2285 859 2381 compalatio
882 2285 1058 2380 Neapolis,
1083 2293 1151 2358 etc.
1177 2285 1267 2370 Quia
1287 2283 1460 2357 mictimns
1482 2283 1528 2356 ad
1552 2292 1665 2379 partes

253 2412 347 2507 ipsas
363 2419 430 2484 eto.
450 2405 622 2508 [Sequitur
642 2411 726 2482 auct
748 2411 787 2482 ia
805 2409 1034 2504 praecedenti,
1057 2409 1165 2480 nelca
1188 2419 1401 2503 competenter
1419 2411 1578 2499 mamis,
1598 2409 1666 2482 nisi

255 2535 339 2628 quod
352 2533 399 2606 ad
418 2544 533 2628 partes
547 2533 665 2625 Gajete
680 2543 712 2606 et
724 2535 762 2604 in
773 2529 852 2631 fine]
870 2543 909 2604 nt
927 2533 1080 2604 inantea
1099 2553 1271 2626 expensas
1288 2531 1427 2605 easdem
1443 2531 1510 2627 ipsi
1533 2531 1584 2604 eis
1606 2531 1666 2604 tri·

254 2658 365 2730 buant
385 2657 470 2730 dum
493 2657 543 2728 ibi
565 2657 694 2730 tuerint
712 2667 746 2730 et
767 2655 944 2751 Neapolim
966 2663 1202 2743 revertentur,
1222 2654 1354 2729 eisdem
1373 2655 1500 2750 bajulis
1522 2655 1668 2727 iormam

257 2781 533 2856 denunciationis
551 2779 660 2876 ipsine
673 2777 872 2852 servaturis.

304 2907 431 2978 Datum
449 2899 499 3001 [att
515 2897 651 2998 topch.

303 3030 446 3122 Scripsit
468 3030 511 3100 P.
536 3027 577 3100 de
601 3029 719 3122 Capto
745 3027 786 3099 de
809 3026 965 3100 nondun
991 3028 1079 3118 sacto
1100 3049 1163 3122 per
1190 3029 1387 3122 mepirtnrtm
1414 3028 1610 3123 Repperdum
1631 3027 1671 3101 de

262 3155 425 3226 Comere:

307 3276 529 3366 rederium,
553 3283 637 3366 otc,
655 3273 821 3347 lliccardo
836 3272 1052 3365 dulcicano,
1074 3283 1142 3346 eto.
1165 3273 1251 3346 Cum
1265 3271 1467 3348 Anselmnm
1482 3275 1672 3350 Carbonem

259 3403 446 3475 vallectum
460 3408 496 3472 et
512 3397 652 3472 fidelem
670 3407 825 3470 nostrum
839 3396 886 3470 ad
904 3407 1018 3492 partes
1041 3398 1134 3493 ipsas
1152 3419 1215 3493 pro
1233 3397 1410 3472 trahendis
1431 3409 1466 3474 et
1481 3399 1674 3475 nutriendis

260 3525 454 3599 falconibus
472 3523 601 3596 nostris
622 3520 823 3612 mictamus,
849 3519 1005 3594 fidelitati
1030 3530 1090 3594 tue
1113 3522 1336 3618 precipiendo
1355 3523 1562 3598 mandamus
1583 3547 1675 3620 qna-

262 3657 361 3723 tenus
371 3647 489 3722 eidem
504 3644 669 3718 Anselmc
682 3644 803 3717 uncias
816 3645 891 3716 auri
906 3655 974 3717 tres
991 3644 1037 3718 ad
1049 3644 1188 3740 pondus
1202 3647 1298 3720 ouria
1316 3656 1429 3720 nostre
1445 3669 1509 3744 pro
1527 3649 1675 3722 emendo
1832 3677 1833 3682 ¹

263 3795 334 3847 uno
355 3771 501 3845 ronmno
527 3769 573 3844 dc
590 3769 738 3864 pecunia
759 3769 855 3841 curie
880 3777 996 3841 nostre
1019 3790 1090 3862 que
1116 3778 1169 3843 est
1194 3792 1257 3865 per
1280 3792 1404 3845 manus
1427 3781 1521 3866 tuae,
1546 3772 1676 3848 debeas

264 3897 454 3986 exhibere,
474 3905 510 3966 et
526 3893 672 3987 recipias
688 3892 733 3964 ab
748 3913 790 3966 eo
806 3891 936 3964 exinde
950 3892 1153 3987 apodixem.

312 4023 440 4093 ilatum
456 4016 619 4104 viterbii,
634 4016 697 4088 XV
710 4015 841 4104 martii,
857 4016 935 4088 Xlll
950 4014 1161 4089 indictionis.

157 4459 164 4474 ”
320 4463 542 4548 Mandatum
561 4463 610 4546 ad
624 4461 794 4574 judicem
810 4461 993 4546 iacobum
1015 4460 1064 4544 de
1081 4459 1230 4543 Sanctis
1252 4485 1322 4569 pro
1344 4459 1483 4544 dandis
1504 4461 1680 4586 expensis

270 4593 430 4678 lohanni
446 4594 618 4680 Vulcano
637 4595 824 4705 provisori
845 4605 1059 4678 casmornm
1076 4593 1118 4674 in
1136 4591 1278 4676 Sicilia.

353 4776 844 4860 (declamatiunculam
861 4777 1137 4851 summano.
1154 4774 1336 4854 comp.
1353 4773 1437 4855 m.)
1554 4803 1591 4826 .-

353 4883 390 4946 V.
411 4899 500 4946 rura
1470 4891 1527 4944 too

1741 4461 1836 4505 Vlterblt

1737 4517 1763 4559 to
1775 4492 1859 4559 umal.
