4384 6004
569 700 646 760 1056
1068 711 1280 771 rttlosslttcl
1306 711 1480 771 sscitant
1783 710 1863 788 [bus.
1884 709 1965 770 tato.

566 843 634 905 tam
650 836 697 930 pii
711 835 873 911 desiderii
889 844 1101 936 propositum
1115 845 1182 916 biis
1195 847 1335 938 prolusa
1348 855 1456 917 mater
1467 843 1619 916 Ecclesia
1631 843 1741 938 pariat
1754 845 1965 932 abortivum3

563 959 810 1052 propterquod
827 961 936 1057 ipsius
953 965 1014 1058 qni
1029 967 1190 1038 calcaneo
1209 968 1358 1039 Ecclesia
1381 965 1535 1038 insidiari
1558 987 1625 1038 oon
1643 966 1769 1038 desinit
1785 987 1854 1037 non
1869 968 1969 1059 igno-

562 1090 677 1154 rantes
693 1086 854 1172 astutias,
875 1108 919 1158 no
941 1099 1034 1160 tanta
1051 1089 1383 1183 Ecclesie‘generalis
1403 1090 1530 1160 utilitas
1548 1089 1594 1161 de
1609 1089 1699 1160 facili
1714 1091 1790 1180 ejus
1806 1089 1889 1161 dolo
1902 1090 1969 1161 im·

562 1203 679 1296 pedite
703 1206 880 1300 depereat,
902 1231 1007 1304 super
1029 1213 1191 1284 omnibns
1214 1234 1284 1306 que
1307 1214 1353 1286 ad
1378 1223 1510 1284 tantum
1530 1213 1704 1305 negotium
1723 1213 1968 1306 exequendum

562 1327 774 1421 impediunt,
792 1345 965 1404 annuente
979 1335 1141 1426 Domino,
1160 1337 1357 1407 curabimus
1378 1335 1571 1429 providere.
1591 1337 1679 1407 ilinc
1693 1346 1745 1407 cst
1760 1337 1858 1430 quod
1874 1336 1967 1408 nobi·

560 1449 688 1522 litatem
706 1461 800 1524 tuam
813 1448 976 1546 rogamus
994 1459 1155 1528 attentius
1173 1468 1207 1529 et
1222 1459 1398 1530 hortamur
1419 1459 1454 1529 in
1466 1459 1612 1530 Domino
1629 1459 1711 1529 Iesu
1729 1458 1862 1530 Christo
1877 1479 1967 1551 qua·

560 1581 660 1644 tenus
674 1574 720 1646 ad
737 1597 800 1647 nos
818 1600 923 1672 super
937 1580 1111 1673 premissis
1127 1581 1288 1654 omnibus
1305 1582 1448 1654 idoneos
1469 1591 1504 1654 et
1522 1580 1684 1676 providos
1703 1581 1843 1653 nuntios
1855 1603 1964 1674 usqua

559 1699 612 1786 ad¹
631 1697 867 1792 supradictum
895 1703 1020 1772 festum
1045 1701 1218 1775 destinare
1236 1725 1414 1798 procures,
1437 1706 1482 1777 ita
1505 1703 1599 1798 quod
1624 1726 1670 1776 ex
1694 1705 1761 1776 boc
1776 1705 1886 1776 Deum
1905 1703 1964 1775 tibi

559 1820 747 1892 debitorem
761 1831 795 1892 et
804 1823 991 1895 Ecclesiam
1006 1825 1075 1896 tuis
1087 1826 1289 1898 utilitatibus
1302 1825 1486 1920 obligatam
1499 1828 1686 1898 constituas
1695 1849 1736 1898 ac
1746 1828 1848 1898 zelari
1863 1826 1966 1900 hono·

557 1964 630 2014 ram
652 1944 854 2015 universalis
869 1945 1039 2035 Ecclesia,
1059 1948 1205 2020 salutem
1224 1949 1396 2044 propriam
1415 1960 1449 2020 et
1465 1949 1583 2056 populi
1602 1949 1779 2022 christiani
1800 1961 1964 2042 tauquam

557 2067 612 2137 vir
624 2067 814 2170 catholicus
830 2067 980 2160 apertius
996 2071 1242 2162 comproberis.

604 2191 729 2261 Datum
756 2190 932 2279 Laterani,
966 2189 1083 2262 idibus
1109 2193 1284 2286 octobris,
1317 2193 1534 2290 pontificatus
1561 2195 1669 2268 nostri
1698 2216 1789 2268 anno
1818 2205 1964 2289 quarto-

556 2313 702 2387 decimo.

603 2438 771 2531 Scriptum
786 2450 839 2511 est
853 2439 976 2514 eodem
996 2453 1148 2537 tempore
1162 2442 1228 2513 sub
1244 2441 1360 2514 verbis
1376 2441 1506 2514 eisdam
1515 2495 1524 2534 ,
1544 2439 1590 2514 ad
1607 2451 1827 2536 potestatem,
1849 2443 1960 2514 oonsi-

553 2561 639 2631 lium
653 2570 687 2632 et
699 2563 867 2655 populum
884 2547 1190 2654 Mediolanensem,
1211 2565 1277 2636 nisi
1289 2565 1385 2658 quod
1402 2564 1480 2636 finis
1498 2565 1660 2658 epistolas
1674 2565 1722 2636 ita
1738 2575 1838 2636 sonat
1856 2589 1896 2633 :n
1914 2566 1963 2637 lta

553 2683 649 2777 quod
662 2705 709 2755 ex
728 2685 794 2756 hoc
809 2687 1077 2780 comprobemini
1094 2697 1258 2780 tanquam
1272 2688 1338 2758 viri
1351 2687 1510 2759 catholici
1527 2689 1629 2759 zelari
1643 2687 1807 2760 honorem
1825 2689 1962 2760 uuiver-

553 2808 635 2879 salis
649 2808 820 2894 Ecclesia,
838 2810 983 2880 salutem
1000 2809 1173 2904 propriam
1193 2820 1227 2882 et
1245 2811 1362 2904 populi
1378 2811 1566 2882 christiani.
1579 2837 1596 2880 n
1616 2810 1682 2906 Ap.
1700 2813 1808 2900 Hans,
1827 2813 1956 2884 collect.

552 2940 616 3001 vet.
631 2953 793 3018 iconum„
814 2939 840 3000 t.
859 2932 891 3022 1,
909 2933 994 3004 bull.
1018 2931 1153 3026 pontii,
1174 2953 1208 3026 p.
1233 2930 1317 3021 tlt,
1337 2931 1422 3003 llo.

786 3239 831 3247 —-
837 3239 1051 3248 nun-..m

605 3506 809 3616 Gregorius
835 3533 935 3615 papa
960 3507 1242 3592 beneventanos
1263 3506 1453 3590 confortet
1476 3515 1520 3588 ut
1540 3507 1695 3591 viriliter
1718 3533 1758 3592 se
1784 3519 1823 3592 et
1844 3535 1953 3592 suam

550 3637 740 3722 civitatem
769 3639 997 3746 defendant,
1029 3665 1162 3722 eornm
1193 3637 1473 3722 calamitatibus
1506 3640 1765 3746 compatiens,
1797 3653 1954 3724 seuten-

550 3769 719 3878 tiamque
740 3769 857 3852 banni
874 3771 914 3850 in
935 3770 1146 3878 proditores
1171 3772 1222 3852 ad
1243 3770 1512 3854 exterminium
1535 3771 1696 3854 civitatis
1718 3771 1954 3856 intendentes

549 3901 669 3984 latam
687 3901 909 3984 auctoritate
927 3901 1133 4009 apostolica
1150 3901 1365 3985 coufirmat.

631 4115 733 4194 (Edld.
744 4113 1037 4195 Rnrnmmfiancl.
1053 4113 1162 4195 coclea,
1174 4123 1199 4177 t.
1211 4115 1343 4190 xx1,ut
1356 4133 1428 4176 ann.
1442 4125 1529 4190 1²⁴0,
1540 4114 1564 4196 S
1575 4115 1642 4193 XV,
1657 4115 1804 4194 allegent.
1816 4115 1951 4196 drogon,

668 4221 720 4282 lib.
736 4222 817 4295 XlV,
833 4225 918 4298 epist.
936 4221 1018 4300 lot.)

596 4407 800 4501 Gregorius,
824 4417 907 4499 eto,
939 4407 1208 4497 Beneventanis,
1231 4418 1298 4479 etc.
1328 4407 1464 4479 Utinam
1490 4406 1633 4479 allectus
1657 4415 1790 4480 nostros
1815 4418 1949 4502 optatus

546 4531 903 4625 sequeretureffectus
920 4541 1042 4604 elnon
1067 4532 1295 4625 exoperibus
1314 4531 1447 4621 justitie
1469 4551 1539 4624 quc
1558 4531 1703 4603 iacimus
1718 4552 1798 4621 nos,
1818 4531 1880 4604 scd
1893 4551 1949 4604 se-

546 4655 700 4727 cundnm
714 4655 970 4727 multitudinem
988 4656 1244 4727 miserationum
1260 4675 1401 4726 suarum
1416 4663 1582 4727 annueret
1593 4653 1757 4728 Dominus
1772 4654 1950 4727 votisnos·

544 4779 618 4870 tris,
640 4778 724 4871 quia
737 4799 802 4850 nec
814 4799 879 4851 vos
895 4777 1097 4850 afflictiones
1110 4787 1334 4874 etprassnras
1348 4777 1418 4873 pati
1431 4777 1562 4850 diutius
1577 4799 1642 4851 nec
1652 4798 1716 4851 nos
1729 4776 1828 4850 vobis
1845 4799 1949 4874 super
