4384 6004
550 666 627 727 1061
1043 661 1257 724 FllllllllllCl
1283 664 1456 725 securim
1767 663 1846 740 [Ass.
1865 663 1950 724 lato.

544 807 700 872 teneatur
720 806 755 869 et
777 796 901 869 debeat
922 804 1006 888 quot
1024 796 1129 868 vellet
1146 797 1277 871 addere
1294 798 1341 871 ad
1357 799 1513 871 eamdem
1536 799 1717 872 rationem.
1741 801 1826 873 Item
1842 800 1953 874 dimus

544 923 699 994 sindicus
714 919 867 1015 promisit
883 939 944 1012 pro
962 918 1039 1012 ipso
1056 921 1229 992 communi
1252 921 1321 1015 ipsi
1342 923 1456 1012 legato
1477 921 1616 993 nomine
1636 923 1763 994 summi
1783 921 1952 1018 pontificis

542 1045 720 1138 recipienti
747 1043 919 1116 dimittere
932 1042 1032 1136 -ipsas
1050 1041 1166 1132 galeas
1187 1051 1222 1114 et
1238 1042 1368 1116 luridas
1391 1043 1457 1137 ipsi
1479 1065 1542 1115 seu
1564 1045 1692 1116 nuntiis
1709 1030 1842 1118 domini
1863 1065 1952 1140 pape

542 1170 632 1240 ultra
654 1167 743 1240 duos
765 1185 901 1236 menses
928 1164 974 1235 ad
993 1165 1205 1236 volunlatem
1228 1165 1359 1244 domini
1384 1187 1476 1260 pape
1501 1188 1563 1260 pro
1590 1167 1760 1239 consimili
1784 1167 1894 1261 pretio
1916 1177 1951 1238 et

542 1289 720 1377 mercede,
749 1296 850 1382 prout
878 1287 1035 1380 superius
1062 1284 1192 1358 dictum
1223 1297 1296 1377 est,
1326 1309 1395 1382 quo
1420 1289 1518 1383 galee
1544 1298 1578 1361 et
1599 1289 1710 1362 lande
1740 1291 1804 1384 ipsi
1839 1290 1950 1382 legato

541 1435 601 1486 seu
626 1411 755 1484 nuntiis
781 1409 911 1482 domini
931 1431 1018 1503 pape
1036 1409 1124 1481 tradi
1145 1409 1275 1482 debent
1300 1420 1335 1482 et
1354 1410 1501 1483 conduci
1524 1433 1634 1504 usque
1655 1413 1798 1484 Romam
1820 1410 1851 1482 si
1876 1413 1947 1506 pla-

542 1535 650 1606 cuerit
674 1532 819 1627 illisqui
843 1532 1081 1626 portabuntur,
1098 1541 1133 1604 el
1145 1533 1361 1626 recipientur
1381 1533 1476 1626 apud
1497 1533 1630 1604 Niciam
1648 1536 1702 1605 vel
1721 1535 1758 1604 in
1778 1535 1854 1604 aliis
1869 1534 1949 1606 locis

540 1657 577 1730 in
595 1656 723 1750 quibus
741 1675 861 1727 secure
875 1655 995 1749 prelati
1017 1663 1051 1726 et
1072 1654 1133 1724 alii
1156 1656 1268 1726 vocati
1290 1655 1336 1726 ad
1358 1655 1542 1728 concilium
1567 1658 1683 1728 venire
1697 1657 1843 1751 possint.
1868 1657 1948 1728 llem

541 1780 654 1852 dictus
669 1778 824 1852 sindicus
842 1778 997 1873 promisit
1010 1777 1150 1850 nomine
1165 1779 1555 1852 communis‘lauuensis
1569 1779 1709 1852 domino
1727 1780 1843 1872 legato
1854 1779 1948 1852 reci·

539 1903 647 1997 pienti
662 1901 801 1973 nomine
813 1900 944 1973 domini
960 1921 1049 1995 pape
1064 1901 1159 1991 quod
1174 1922 1359 1974 commune
1374 1901 1597 1974 lanuensium
1612 1902 1745 1996 parabit
1759 1903 1876 1994 galeas
1887 1923 1947 1974 sex

539 2036 574 2096 et
595 2022 722 2096 luridas
745 2045 810 2094 sex
833 2023 921 2094 ultra
944 2022 1116 2116 predictas
1137 2023 1257 2115 galeas
1274 2022 1414 2110 decem,
1434 2024 1564 2097 laridus
1581 2017 1720 2111 decem,
1740 2045 1802 2118 pro
1820 2023 1948 2117 quibus

539 2147 699 2220 dominus
719 2166 809 2239 popa
826 2166 886 2216 seu
903 2145 1055 2218 Romana
1077 2146 1229 2226 Ecclesia
1248 2145 1335 2216 nihil
1352 2147 1485 2218 solvere
1508 2145 1610 2218 debet
1635 2147 1701 2218 nisi
1726 2147 1873 2218 voluerit
1889 2168 1947 2218 eas

538 2271 694 2363 accipere
721 2267 926 2356 othehem,
952 2278 1169 2361 preterquam
1199 2289 1261 2362 pro
1285 2279 1444 2363 apertura
1470 2269 1742 2362 uniuscujusque
1765 2269 1876 2342 taride
1901 2270 1947 2340 li-

537 2393 617 2464 bras
631 2391 757 2480 XXVI,
779 2397 855 2461 acto
872 2390 1064 2484 specialiter
1078 2389 1175 2482 quod
1192 2390 1334 2484 quando
1355 2390 1517 2463 dominus
1540 2413 1628 2487 papa
1649 2393 1725 2464 sive
1745 2394 1821 2484 ejus
1835 2393 1945 2464 nuntii

536 2515 671 2586 solvent
683 2513 875 2584 mercedem
888 2524 921 2584 el
935 2513 1082 2606 pretium
1094 2513 1239 2585 aliarum
1249 2514 1425 2606 galearum
1437 2513 1558 2586 decem
1568 2524 1602 2587 et
1613 2515 1801 2587 taridarum
1810 2515 1942 2607 decem,

535 2637 564 2708 si
591 2635 719 2708 dixerit
734 2635 828 2729 quod
846 2635 931 2707 nolit
948 2635 1075 2706 hebere
1100 2637 1158 2708 vel
1181 2637 1336 2729 accipere
1353 2635 1416 2708 has
1438 2638 1554 2729 galeas
1572 2659 1637 2710 sex
1659 2648 1693 2710 et
1711 2638 1839 2710 luridus
1860 2662 1942 2730 sex,

536 2780 719 2831 commune
730 2759 954 2830 lensensium
969 2779 1032 2851 pro
1044 2757 1116 2828 istis
1130 2779 1193 2830 sex
1208 2758 1317 2851 galeis
1328 2767 1363 2830 et
1375 2781 1438 2830 sex
1450 2759 1570 2830 taridis
1581 2759 1667 2830 nihil
1680 2761 1791 2832 iecere
1804 2760 1941 2853 debent,

534 2883 598 2956 sed
614 2885 658 2954 sit
676 2884 911 2956 absolutumu
936 2883 1143 2983 prestatione
1166 2883 1383 2974 earumdem;
1406 2893 1440 2954 et
1461 2883 1491 2954 si
1516 2883 1645 2956 dixerit
1669 2885 1764 2977 quod
1786 2887 1868 2956 velit
1886 2907 1946 2960 eus

534 3006 681 3093 habere,
701 3005 806 3078 debet
828 3006 961 3078 solvere
987 3005 1160 3076 communi
1185 3005 1348 3076 lanuensi
1366 3026 1427 3098 pro
1441 3006 1492 3078 eis
1511 3016 1545 3078 el
1566 3007 1717 3100 qualibet
1736 3029 1855 3080 earum
1876 3011 1942 3080 sci-

534 3129 612 3200 licet
624 3129 720 3223 quod
739 3129 784 3201 de
799 3128 876 3200 aliis
892 3126 1012 3198 decem
1031 3127 1137 3221 galeis
1150 3137 1184 3199 et
1201 3125 1321 3200 decem
1334 3127 1456 3200 luridis
1468 3129 1628 3222 superius
1639 3129 1768 3200 dictum
1781 3139 1844 3202 est.
1860 3133 1941 3204 item

535 3252 648 3325 dictus
665 3252 819 3358 sindicus
837 3251 976 3324 nomine
991 3251 1184 3324 communis
1192 3251 1374 3324 leunensis
1384 3249 1565 3324 confitetur
1578 3273 1615 3324 se
1630 3253 1834 3346 recepisses
1852 3255 1941 3328 dicto

535 3374 648 3467 legato
665 3396 727 3469 pro
741 3373 908 3446 solutione
922 3373 1006 3446 dicti
1022 3374 1154 3467 logerii,
1170 3373 1339 3446 mercedis
1351 3395 1413 3446 sen
1427 3375 1525 3470 prelii
1539 3383 1573 3448 et
1586 3396 1648 3469 pru
1661 3376 1750 3448 areis
1762 3373 1812 3470 (a)
1825 3386 1860 3448 et
1870 3398 1941 3449 me·

533 3497 673 3589 gislerio
689 3497 858 3570 dictarum
876 3497 1052 3589 galearum
1070 3497 1191 3568 decem
1212 3506 1247 3568 et
1259 3495 1447 3568 luridarum
1463 3494 1639 3570 sexdecim
1657 3497 1734 3593 (sic)
1752 3499 1857 3570 libras
1876 3500 1940 3572 tria

534 3619 628 3692 milia
650 3620 857 3713 quingentas
875 3619 1126 3712 quinquaginta
1149 3620 1392 3713 lerinensium,
1410 3620 1600 3714 dequibus
1622 3642 1661 3694 se
1680 3621 1769 3694 bene
1785 3623 1938 3716 quietum

533 3751 568 3814 et
583 3743 734 3814 solutum
752 3742 891 3814 nomine
902 3742 1093 3814 communis
1109 3741 1292 3814 leunensis
1306 3756 1408 3816 vocat
1423 3766 1444 3816 a
1458 3743 1549 3816 dicto
1566 3745 1689 3836 legato,
1709 3745 1938 3818 renuntiando

531 3865 725 3960 exceptioni
744 3887 814 3937 non
831 3874 1009 3936 numerate
1027 3864 1172 3958 pecunie
1189 3875 1224 3936 et
1246 3865 1339 3937 omni
1358 3866 1446 3957 juri,
1467 3868 1671 3961 computatis
1688 3867 1772 3960 ipsis
1787 3867 1831 3938 111
1845 3868 1937 3940 milia

531 3988 729 4082 quingentis
744 3987 841 4060 libris
857 3989 926 4061 llllll
940 3987 1063 4058 marcis
1080 3985 1131 4082 (l)
1150 3989 1302 4081 argenti,
1321 3988 1418 4060 salvo
1431 3987 1528 4081 quod
1541 3988 1571 4060 si
1587 3989 1702 4060 minus
1716 3989 1830 4062 velent
1848 3989 1936 4062 dicte

530 4111 618 4183 libre
632 4107 834 4208 lllllllllllL],
849 4109 1003 4205 promisit
1016 4111 1150 4203 legatus
1163 4109 1323 4204 supplere
1336 4110 1523 4182 communi.
1540 4111 1624 4183 llem
1637 4113 1797 4184 convenit
1807 4123 1842 4184 et
1856 4133 1932 4207 pro·

530 4231 625 4306 misit
637 4234 857 4328 supradictus
871 4231 1027 4304 sindicus
1044 4233 1183 4306 nomine
1195 4232 1388 4306 communis
1399 4231 1580 4305 lauuensis
1591 4232 1657 4328 ipsi
1675 4231 1817 4306 domino
1827 4233 1934 4326 legato

573 4379 615 4459 (a)
637 4380 700 4456 Sio;
716 4381 841 4442 forsitan
854 4397 907 4458 pro
919 4381 1008 4442 unis.

564 4637 601 4712 (t)
620 4639 775 4711 Lugendum
797 4655 863 4698 vero
878 4639 1035 4714 simpliciter
1052 4641 1081 4697 ll
1094 4640 1212 4710 morsis,
1230 4655 1315 4712 qnam
1338 4653 1391 4696 nna
1413 4653 1501 4696 marca
1521 4653 1568 4712 pro
1582 4637 1669 4696 tribus
1686 4637 1761 4696 libris
1776 4645 1804 4696 et
1822 4637 1931 4696 dimidia

528 4736 674 4808 computari
688 4735 794 4792 orbern.
