4468 6010
524 649 584 712 tet
1026 651 1240 715 FlllllElllCl
1266 653 1439 716 sacuntot
1495 719 1498 726 ,
1749 652 1829 737 [Anu.
1850 654 1933 716 12⁴0.

572 789 620 858 lle
634 787 791 858 mandato
815 785 987 880 impeticli
1001 790 1089 880 [ceo
1100 811 1165 883 per
1183 791 1381 885 magistrum
1405 789 1573 862 Tltcdcum
1594 789 1729 883 scripsit
1745 789 1935 864 &alteim

523 911 563 982 dc
580 911 767 982 umentia:

572 1033 793 1120 Frederions,
814 1041 897 1122 etc,
922 1033 1054 1108 Marino
1077 1037 1263 1110 castellano
1280 1037 1447 1128 Calanne,
1468 1047 1534 1110 ete.
1558 1035 1775 1132 Significavit
1795 1038 1936 1110 culmini
1979 1083 1981 1088 ·

524 1166 639 1230 nostro
655 1155 829 1228 Gollridus
841 1155 973 1228 Fimeth
988 1157 1035 1230 de
1048 1158 1193 1233 Lentino
1211 1159 1324 1233 lidelis
1342 1169 1459 1234 noster
1475 1160 1572 1254 quod
1585 1182 1664 1234 oum
1683 1159 1819 1234 dadum
1838 1183 1936 1234 mnn-

524 1281 724 1354 daverimns
742 1280 804 1352 tibi
822 1301 886 1375 per
904 1280 1038 1354 lictores
1055 1290 1189 1356 nostras
1207 1293 1246 1356 nt
1261 1293 1411 1356 rastrum
1437 1293 1592 1357 nostrum
1611 1285 1710 1379 liegii
1730 1284 1828 1379 qnod
1844 1285 1936 1376 ejus·

524 1406 602 1479 dem
625 1403 785 1478 custodie
801 1403 1051 1496 commisimus,
1069 1403 1114 1478 de
1132 1427 1196 1478 sna
1218 1406 1384 1480 fidelitate
1403 1405 1538 1494 conlisi,
1556 1431 1638 1480 cnm
1655 1409 1816 1482 omnibns
1833 1409 1936 1482 rebus

523 1531 633 1625 ipsius
657 1528 772 1602 eidem
797 1528 974 1621 assignare
998 1527 1143 1602 deberes
1171 1529 1438 1604 custodiendum
1462 1531 1508 1604 ad
1532 1531 1697 1605 honorem
1724 1532 1936 1606 celsitudinis

434 1639 437 1646 ⁴
524 1663 652 1744 nostre,
667 1665 705 1724 tn
718 1652 785 1724 hoc
798 1652 910 1725 tacere
924 1673 993 1724 non
1012 1653 1152 1742 curasti,
1171 1637 1352 1726 occasione
1371 1653 1512 1728 inventa
1526 1653 1622 1748 qnod
1642 1675 1767 1728 nomen
1784 1663 1884 1727 tnnm
1899 1655 1934 1726 in

523 1779 648 1852 liotcris
671 1779 795 1850 nostris
815 1797 883 1849 non
904 1785 977 1850 erat
998 1787 1215 1866 contentum,
1237 1777 1283 1852 de
1302 1799 1373 1873 qno
1394 1789 1510 1852 nostra
1533 1781 1698 1852 serenitas
1721 1779 1931 1854 ammiratnr.

524 1905 638 1990 Quare
654 1901 809 1974 fidelitati
825 1910 883 1974 tue
905 1901 1127 1997 precipiendo
1147 1902 1356 1975 mandamus
1370 1912 1543 1996 qnatenus
1562 1904 1712 2000 receptis
1728 1903 1795 1999 bys
1811 1903 1935 1976 lictoris

524 2027 718 2124 pradictum
737 2035 886 2098 castrum
901 2025 1000 2118 liegii
1023 2045 1104 2096 cnm
1123 2025 1286 2098 omnibns
1303 2027 1408 2099 rebus
1423 2025 1580 2118 ejusdem
1605 2025 1760 2122 predicto
1786 2024 1935 2099 Gollrido

524 2152 570 2224 dc
587 2149 719 2223 Fimeth
744 2147 837 2221 fideli
861 2156 978 2220 nostro
998 2147 1126 2220 debeas
1142 2148 1318 2240 assignare
1327 2149 1430 2240 juxta
1445 2149 1595 2244 priorum
1619 2159 1811 2222 nostrarum
1830 2150 1936 2220 conti·

525 2275 676 2347 nentium
694 2272 909 2362 lieterarnm,
927 2293 1054 2346 cavens
1068 2294 1113 2344 ne
1129 2273 1228 2345 aliter
1245 2274 1350 2346 facias
1366 2274 1454 2347 sieut
1468 2273 1512 2346 de
1526 2274 1635 2368 gratia
1656 2285 1772 2346 nostra
1787 2271 1935 2346 confidis

523 2411 558 2472 ct
571 2419 701 2494 speras.

571 2525 697 2594 Datum
716 2520 875 2607 viterbii,
897 2521 1017 2592 ultimo
1033 2520 1214 2612 februarii,
1234 2520 1312 2592 Xlll
1331 2519 1541 2594 indictionis.

571 2649 619 2717 De
637 2645 746 2716 codem
764 2643 920 2716 medulo
936 2645 1065 2738 scripsit
1080 2644 1169 2716 idem
1182 2667 1195 2713 .·

571 2770 790 2861 Frederions,
807 2779 890 2860 etc,
909 2768 1062 2842 Goffrido
1078 2767 1211 2842 Fimeth
1231 2767 1277 2842 de
1300 2768 1460 2858 Lentino,
1479 2778 1547 2842 etc.
1568 2770 1722 2862 Benigne
1744 2768 1935 2862 recepimus

522 2897 756 2990 licterasqnas
773 2902 889 2966 nostro
905 2893 1046 2966 culmini
1063 2891 1240 2966 destinasti
1258 2901 1294 2966 et
1310 2913 1370 2964 aas
1391 2893 1626 2966 intelleximus
1640 2892 1838 2985 diligenter,
1855 2891 1935 2963 dili·

522 3019 680 3114 gentiam.
695 3028 791 3090 taam
819 3039 924 3112 quam
951 3017 1060 3116 habes
1090 3017 1126 3087 in
1154 3017 1282 3089 nostris
1308 3017 1532 3112 beneplacitis
1562 3015 1856 3090 commendantes.
1887 3017 1936 3088 De

522 3151 634 3216 castro
650 3151 766 3214 antem
781 3141 878 3234 liegii
897 3141 992 3234 qnod
1014 3151 1074 3212 tue
1094 3139 1252 3213 custodie
1271 3139 1507 3213 commisimus
1528 3139 1574 3213 de
1595 3149 1656 3212 tna
1672 3138 1836 3212 fidelitate
1854 3159 1936 3210 con·

523 3266 595 3355 lisi,
614 3275 648 3338 et
665 3264 753 3336 sient
771 3263 937 3358 scripsisti
951 3263 1105 3336 Marinus
1122 3263 1328 3334 castellanus
1344 3261 1499 3354 ejusdem
1516 3263 1578 3334 tibi
1597 3262 1688 3334 sicut
1706 3262 1772 3333 sibi
1788 3260 1936 3334 manda·

524 3391 638 3462 vimus
662 3389 774 3462 noluit
799 3388 996 3478 assignare;
1022 3407 1103 3460 ecoe
1131 3385 1231 3480 qnod
1253 3386 1321 3458 sibi
1351 3386 1504 3460 districtc
1525 3387 1732 3460 mandamns
1757 3396 1795 3458 ut
1821 3385 1934 3479 ipsum

522 3513 668 3608 receptis
680 3513 808 3584 licteris
825 3533 904 3584 cum
923 3499 1084 3583 omnibns
1105 3511 1209 3582 rcbue
1226 3509 1383 3603 ejusdem
1401 3509 1527 3584 debeat
1541 3510 1729 3604 assignare.
1748 3510 1798 3582 Tu
1819 3519 1935 3581 autem

522 3660 566 3712 so
586 3644 723 3732 recepto
737 3637 841 3728 iuxta
866 3635 1018 3730 priorum
1042 3642 1234 3706 nostrarum
1257 3634 1501 3708 continentiam
1522 3635 1734 3724 lieteraram,
1752 3633 1867 3729 ipsum
1888 3629 1935 3705 ad

523 3761 689 3834 honorem
705 3769 740 3832 et
756 3758 956 3833 fidelitatem
971 3766 1123 3832 nostram
1141 3757 1281 3832 studeas
1294 3757 1469 3830 custodire
1486 3767 1525 3830 nt
1543 3767 1638 3856 tuam
1652 3758 1689 3829 in
1704 3756 1770 3830 hoc
1785 3755 1934 3850 diligen·

525 3869 606 3958 tiam
622 3882 918 3958 commendemus.

571 4009 696 4082 Datum
713 4006 878 4098 Vitcrbii,
901 4006 1020 4079 ultimo
1034 4005 1216 4093 februarii,
1237 4005 1313 4076 lllll
1333 4003 1541 4078 indictionis.

718 4317 757 4326 ιω.
763 4316 1201 4326 ...--------...-....--...-ιι-ο-ι-.
1207 4317 1266 4325 ---
1272 4317 1332 4325 ..n-
1337 4313 1722 4324 --·-—-.--·——-——

329 4594 482 4695 slim,
576 4595 798 4680 Mandatum
824 4591 875 4676 ad
892 4589 1142 4700 justitiarium
1159 4600 1283 4676 terrae
1300 4589 1443 4673 ldronti
1462 4591 1511 4674 de
1528 4590 1714 4674 militibus
1738 4589 1870 4671 decem
1897 4593 1934 4666 et
2015 4661 2020 4672 .

523 4737 608 4810 octo
626 4724 832 4833 ordinatis,
852 4725 902 4807 dc
918 4723 1065 4806 clericis
1081 4735 1119 4806 et
1138 4723 1244 4806 laicis
1265 4723 1408 4808 Romae
1426 4723 1685 4830 morantibus,
1704 4723 1753 4806 de
1767 4719 1932 4806 Emma-
