4468 6010
1036 603 1250 668 aalnnalcl
1274 603 1447 666 saeuum
1753 604 1832 684 [am.
1851 605 1937 667 1240.

736 881 1246 898 -ffl-—ss-*ffl--n-m-——n-u
1252 877 1736 900 ..nnuc-*W

585 1133 806 1218 Mandatum
826 1133 875 1214 ad
894 1131 1085 1242 Angelum
1102 1133 1151 1215 de
1168 1133 1292 1219 llarra
1315 1143 1358 1216 ut
1380 1133 1494 1218 faciut
1514 1133 1701 1218 radonem
1717 1133 1767 1216 dc
1788 1131 1939 1218 residuo

532 1267 637 1376 quod
656 1264 806 1348 Blasius
823 1273 1011 1348 mercatur
1025 1265 1222 1349 Romanus
1244 1293 1361 1350 causa
1388 1269 1512 1352 mutui
1539 1267 1612 1351 sibi
1638 1267 1811 1352 debitum
1832 1265 1935 1350 dicit.

614 1465 741 1546 (llcpat.
756 1467 858 1546 impar.
873 1463 990 1526 medo.
1003 1466 1043 1541 11,
1059 1465 1110 1526 tol.
1128 1475 1166 1527 84
1180 1473 1275 1542 remu
1290 1469 1321 1528 in
1334 1468 1406 1531 edlt.
1421 1467 1559 1544 Cascam,
1574 1485 1605 1547 p.
1622 1465 1707 1551 tta.)

579 1637 709 1713 Eodem
724 1638 795 1726 dic,
809 1637 854 1710 de
867 1637 1029 1711 mandato
1042 1639 1213 1732 imperiali
1224 1639 1314 1712 lacto
1326 1660 1387 1734 per
1397 1639 1600 1730 magistrum
1613 1639 1791 1712 albertum
1804 1639 1941 1736 scripsit

533 1763 705 1836 lohannes
731 1761 776 1834 de
793 1761 932 1834 ldronto
953 1763 1085 1856 Angolo
1101 1761 1147 1834 de
1171 1763 1282 1835 llarra
1307 1771 1347 1834 ut
1374 1763 1475 1834 saciat
1499 1763 1664 1835 rationem
1688 1763 1733 1836 de
1747 1763 1939 1858 quantitate

533 1886 695 1980 temporis
710 1887 816 1980 elapsi
830 1895 865 1959 et
878 1886 1018 1960 residuo
1033 1886 1130 1980 quod
1144 1887 1277 1958 Blasius
1291 1896 1458 1960 mercator
1474 1888 1647 1961 Romanus
1660 1887 1746 1963 dicit
1758 1910 1797 1960 se
1813 1887 1939 1962 dehere

535 2011 662 2083 habere
678 2031 741 2105 pro
757 2031 794 2081 sc
807 2019 841 2081 et
855 2009 947 2082 socio
962 2031 1023 2105 pro
1038 2009 1198 2104 dampnis
1212 2019 1246 2082 et
1262 2011 1440 2102 interesse,
1456 2011 1588 2084 ratione
1603 2011 1714 2084 mutui
1731 2011 1826 2106 quod
1845 2011 1938 2084 idem

533 2133 687 2224 Angelus
714 2153 793 2203 curn
817 2131 968 2226 quadam
995 2142 1092 2227 parto
1113 2132 1342 2228 dampnorum
1365 2145 1400 2206 et
1423 2135 1587 2208 interesse
1612 2135 1698 2232 ipsis
1723 2134 1870 2208 restituit
1895 2134 1939 2207 de

533 2257 694 2330 mandato
713 2255 929 2328 familiarium
947 2255 1099 2351 Capuani
1116 2267 1152 2328 et
1168 2257 1391 2330 Ravellensis.

581 2363 683 2480 Paete
706 2387 789 2450 sunt
806 2386 981 2473 presentes
998 2379 1191 2453 secundnm
1211 2381 1356 2455 sormam
1376 2381 1521 2454 aliamm
1546 2379 1599 2477 (l)
1622 2404 1692 2476 que
1715 2383 1841 2476 scripta
1860 2391 1939 2454 sunt

534 2503 577 2577 lll
594 2502 756 2577 iebmarii
771 2503 806 2574 in
822 2502 976 2575 Fulineo.

584 3047 744 3132 Litterae
771 3045 1008 3158 responsales
1036 3045 1086 3129 ad
1114 3044 1299 3130 Criscium
1325 3045 1598 3131 Amelfitunum
1629 3073 1742 3158 super
1771 3047 1939 3160 inquisi-

531 3181 633 3265 tione
650 3181 751 3264 iacte
769 3179 807 3261 in
826 3179 1066 3292 Raynaldum
1086 3179 1135 3263 de
1157 3179 1402 3292 Transaquis.

612 3393 742 3476 (depost.
758 3393 866 3472 imper.
878 3391 995 3455 Μαι
1011 3393 1118 3472 11,f01.
1136 3403 1173 3455 84
1186 3399 1282 3470 metm
1296 3395 1328 3455 tn
1340 3395 1412 3456 edit.
1427 3394 1565 3468 Garesn„
1579 3411 1611 3474 p.
1629 3393 1712 3472 474.)

579 3585 627 3656 Dc
651 3581 808 3654 mantm
832 3581 1103 3678 importaturam
1118 3603 1181 3675 per
1203 3583 1397 3676 mnpistrum
1418 3582 1457 3653 Τ.
1482 3581 1522 3654 dc
1545 3581 1666 3654 &cern
1686 3583 1819 3676 scripsit
1836 3583 1877 3656 P.
1899 3583 1938 3656 dc

533 3707 648 3801 Capua
662 3705 892 3800 responsales:

568 3827 800 3934 ⁸liredericus‚
828 3837 911 3920 etc,
934 3827 1062 3900 Criscio
1086 3825 1310 3918 Amalfitano,
1333 3837 1399 3902 etc.
1422 3827 1681 3922 Inquisitionem
1704 3827 1872 3924 Raynuldi
1894 3827 1939 3902 de

532 3951 739 4045 Transaquis
752 3948 969 4024 demandato
979 3958 1096 4022 nostro
1110 3971 1171 4044 per
1183 3959 1217 4024 te
1228 3951 1367 4040 tactam,
1382 3971 1486 4044 quarn
1498 3951 1713 4045 perlatorem
1728 3949 1938 4046 presentium

531 4085 648 4150 nostro
667 4073 812 4148 culmini
829 4072 1022 4164 destinasti,
1042 4074 1245 4148 excellentia
1264 4082 1380 4146 nostra
1400 4074 1528 4174 recepit
1547 4083 1582 4146 et
1601 4084 1700 4148 tuum
1715 4073 1844 4148 exinde
1864 4083 1940 4148 stu·

532 4200 629 4273 dium
651 4196 947 4272 commendamus.
968 4196 1139 4270 Fidelitati
1157 4208 1216 4283 tue
1233 4196 1438 4270 mandamus
1459 4207 1630 4291 quatenus
1652 4219 1758 4292 super
1777 4197 1939 4286 omnibus

532 4323 680 4397 servitiis
697 4322 823 4396 nostris
839 4321 900 4392 tibi
915 4321 1106 4396 commissis
1124 4322 1175 4394 sic
1191 4321 1367 4396 studiosus
1380 4319 1539 4395 intendas
1555 4329 1607 4415 ut,
1625 4329 1692 4394 etc.
1765 4402 1767 4406 .

579 4449 703 4520 Datum
719 4445 878 4538 Viterbii,
899 4447 977 4519 Xlll
990 4445 1116 4536 martii,
1132 4446 1210 4518 Xlll
1227 4444 1435 4518 indictionis.

1525 4611 1940 4628 Ἡ-

564 4713 604 4787 (4)
621 4711 729 4772 Scilicet
741 4725 791 4784 pro
801 4711 873 4766 Gillo
885 4709 1001 4766 Tiniosc.
1012 4706 1080 4764 Vide
1092 4721 1188 4781 supra,
1201 4722 1229 4780 p.
1244 4707 1308 4762 Ι144.
