4468 6010
253 681 351 744 lenior.
370 681 432 762 13.]
702 681 899 744 HISTORIA
924 681 1218 747 blahollll'rlcll.
1605 681 1660 742 ΠΙ

297 815 518 906 Fredericns‚
539 823 623 906 etc,
641 814 824 888 Guillelmo
846 815 892 888 de
908 815 1067 910 Anglone
1083 815 1267 911 justitiario
1292 815 1406 888 Sicilie
1430 817 1513 888 citra
1536 816 1664 888 liumen

251 940 406 1031 Salsum,
426 947 492 1012 eto.
512 939 739 1034 llespunsales
756 939 892 1010 lictores
913 947 948 1010 et
970 939 1119 1033 capitula
1142 949 1202 1012 tua
1225 961 1294 1033 que
1320 947 1389 1012 tam
1408 961 1468 1034 per
1493 940 1664 1012 notarium

251 1063 437 1155 symonem
452 1084 557 1156 qnam
576 1061 711 1158 pridem
727 1081 789 1158 per
803 1061 1023 1134 lluehilalnm
1041 1062 1182 1135 nuntios
1197 1071 1275 1134 tuos
1294 1071 1410 1134 nostro
1427 1063 1567 1134 culmini
1585 1063 1665 1136 des-

250 1183 385 1274 tinasti,
404 1193 471 1257 etc.
493 1183 595 1270 Quod
610 1193 726 1257 autem
748 1193 808 1256 tua
829 1184 978 1280 oepitnla
1000 1185 1221 1258 continebant
1240 1195 1274 1257 te
1291 1185 1337 1258 ad
1358 1185 1558 1258 mandatum
1582 1207 1663 1258 nos·

251 1313 338 1378 trum
361 1305 494 1380 exinde
514 1307 577 1378 tibi
593 1307 737 1380 missum
753 1307 1002 1398 jurisdictionis
1020 1315 1078 1380 tuo
1096 1307 1302 1380 teodoerios
1319 1308 1541 1401 inquisivisse
1555 1317 1590 1380 et
1606 1309 1664 1378 in-

250 1429 389 1501 venisse
406 1429 537 1502 ibidem
550 1430 616 1502 XX
632 1430 756 1502 milites
772 1430 807 1502 in
824 1452 997 1502 armorum
1011 1441 1046 1502 et
1061 1453 1229 1524 eqnmum
1249 1441 1417 1526 apparatu
1433 1452 1606 1524 scrupeo,
1628 1439 1665 1504 et

251 1571 295 1648 cx
310 1552 459 1646 reliquis
476 1553 673 1626 feodetariis
689 1554 774 1626 alios
791 1552 849 1625 XL
869 1554 994 1626 milites
1011 1555 1046 1626 in
1065 1555 1170 1626 armis
1188 1563 1224 1626 et
1241 1555 1341 1648 equis
1359 1555 1473 1627 lacere
1490 1556 1664 1649 preparari

250 1674 414 1748 decenter
429 1675 621 1762 ordinatos,
641 1677 737 1771 quod
761 1699 823 1771 pro
840 1677 975 1748 viribus
1000 1677 1180 1750 leodornm
1199 1699 1340 1750 suorum
1366 1679 1567 1750 alterutrum
1591 1677 1664 1752 lieri

250 1798 377 1872 debeat
393 1801 579 1874 subventio
599 1801 688 1873 inter
707 1821 785 1890 eos;
809 1809 844 1873 et
861 1801 957 1894 qnod
981 1803 1182 1896 peregrinos
1206 1799 1341 1872 dudum
1360 1801 1395 1872 in
1415 1811 1530 1896 partes
1551 1802 1665 1876 Sicilie

250 1924 464 2019 applicantes
478 1925 540 2020 qni
553 1935 692 2020 propter
701 1925 861 1997 instantis
875 1934 1012 2020 tempus
1023 1926 1132 2020 yemis
1146 1925 1367 1997 transfretare
1378 1946 1447 1997 non
1465 1935 1661 2019 potnerunt,

250 2057 389 2144 propter
401 2048 498 2142 qnod
516 2049 553 2120 in
571 2048 726 2144 partibus
738 2047 988 2140 jurisdictionis
1004 2056 1062 2119 lue
1083 2057 1241 2143 yemant,
1265 2047 1312 2119 ob
1334 2052 1561 2120 reverentiam
1585 2073 1665 2122 ma-

247 2171 380 2262 jestatis
388 2180 504 2244 nostre
516 2169 704 2244 honorilice
717 2171 875 2266 recepisti
889 2179 924 2244 et
937 2171 1032 2266 ipsos
1044 2169 1219 2243 honorasti
1230 2193 1271 2243 ao
1281 2171 1492 2244 incessanter
1500 2172 1662 2263 honorae,

250 2313 290 2365 ao
305 2293 404 2388 qued
421 2295 577 2390 ipsorum
596 2317 691 2368 arma
708 2295 754 2368 de
771 2295 950 2367 voluntate
966 2313 1085 2366 eorum
1103 2293 1149 2367 ad
1170 2316 1293 2366 manus
1311 2295 1406 2366 curie
1424 2305 1539 2368 nostre
1554 2319 1665 2390 nsque

251 2417 294 2491 ad
319 2427 459 2513 tempus
482 2420 632 2515 passagii
657 2441 776 2492 eornm
804 2418 912 2514 recipi
938 2418 1067 2490 ieceras
1090 2417 1344 2508 conservanda,
1369 2418 1496 2490 taciens
1525 2421 1663 2493 eosdem

252 2563 310 2637 par
328 2553 438 2616 terras
456 2543 609 2638 ipsarum
628 2543 775 2639 partium
793 2541 904 2615 dividi
920 2549 1111 2614 moraturos
1127 2551 1166 2612 ut
1183 2543 1284 2613 simul
1300 2543 1335 2612 in
1349 2542 1471 2615 eodem
1496 2545 1573 2616 loco
1596 2567 1664 2617 non

250 2676 377 2758 ceant,
387 2667 608 2762 postmodnm
616 2677 730 2739 tamen
739 2687 801 2760 per
814 2666 1011 2762 Philippum
1022 2663 1230 2738 deZunculo
1240 2665 1393 2760 predicta
1403 2688 1498 2738 arma
1507 2669 1557 2739 eis
1570 2670 1665 2740 resti·

251 2800 323 2863 tnta
341 2791 501 2882 luerunt3
517 2803 552 2863 et
564 2790 660 2886 qnod
671 2793 774 2884 juxta
785 2790 987 2864 mandatum
1001 2799 1157 2861 nostrum
1170 2789 1311 2862 missum
1328 2789 1391 2860 tihi
1409 2775 1663 2884 inquisitionem

252 2921 369 2986 contra
385 2911 573 2986 lordanum
590 2915 824 3006 Tullecoznm,
847 2914 1065 2986 Guillelmnm
1082 2911 1308 3005 Tallacoccm,
1329 2915 1495 2984 loannem
1512 2914 1557 2987 de
1570 2915 1663 2988 lllar·

251 3036 322 3109 tino
337 3037 451 3109 Russo
472 3047 506 3110 et
526 3039 730 3111 biccardnm
749 3038 908 3112 Farinam
927 3037 972 3110 de
996 3036 1237 3129 Calatagerone
1257 3035 1385 3128 iecisti,
1406 3038 1517 3133 ipsam
1536 3038 1582 3112 ad
1598 3061 1661 3110 ou·

252 3160 336 3232 riam
356 3169 509 3233 nostrum
525 3161 688 3253 mictcns,
708 3172 743 3235 et
761 3162 932 3256 quasdam
947 3161 992 3234 de
1015 3161 1156 3256 apochis
1181 3159 1290 3256 ipsius
1315 3161 1484 3233 Guillelmi
1506 3162 1663 3235 inventas

252 3305 312 3376 per
328 3283 488 3357 eamdem
501 3285 756 3380 inquisitionem
773 3285 819 3358 ud
833 3285 963 3357 curiam
981 3293 1133 3357 nostram
1151 3293 1324 3379 spectare,
1346 3284 1393 3357 ad
1408 3307 1532 3358 manus
1550 3299 1664 3360 nostre

252 3408 345 3480 curio
366 3409 544 3503 recepisti3
568 3431 633 3482 nec
651 3433 720 3483 nun
739 3419 774 3483 et
792 3409 886 3504 quod
906 3409 951 3482 de
975 3408 1259 3502 quaternionibus
1276 3417 1311 3480 et
1332 3409 1467 3503 scriptis
1487 3411 1663 3504 quondum

251 3529 299 3603 bl.
318 3531 539 3606 blarohalabe
559 3534 681 3606 secreti
702 3534 836 3628 copiam
861 3533 907 3604 ad
928 3533 1128 3606 mandatum
1151 3540 1306 3604 nostrum
1331 3532 1439 3604 fecisti
1454 3533 1599 3606 lobanni
1618 3535 1664 3608 de

252 3653 356 3728 Cioll'o
373 3665 409 3728 et
426 3656 558 3729 notario
575 3655 722 3730 Iohanni
741 3656 787 3728 da
805 3656 948 3727 Lentino
973 3653 1067 3727 fideli
1085 3659 1200 3728 nostro
1218 3677 1281 3749 pro
1303 3654 1540 3750 significandis
1562 3659 1663 3730 nobis

252 3778 452 3851 nominihus
464 3779 662 3852 officialium
673 3777 830 3872 ejusdem
843 3777 1021 3873 qnondam
1038 3778 1172 3869 secreti,
1193 3778 1283 3850 sicut
1294 3779 1345 3850 eis
1359 3781 1614 3871 mundavimus,
1630 3793 1664 3853 et

253 3901 348 3994 quod
364 3909 404 3973 tn
421 3903 524 3976 etiam
548 3903 672 3975 misisti
693 3904 782 3976 sicut
803 3903 866 3974 tibi
888 3899 1130 3974 mendavimus
1154 3901 1293 3973 nomina
1315 3903 1512 3975 officialium
1535 3905 1663 3998 qnihns

252 4023 392 4118 aliquod
409 4023 456 4098 de
472 4027 599 4100 nostris
610 4027 761 4100 servitiis
778 4024 999 4114 commisisti;
1027 4043 1161 4097 necnon
1177 4024 1273 4118 quod
1293 4025 1339 4098 ad
1358 4027 1557 4100 mandatum
1576 4051 1663 4101 nos-

251 4155 342 4218 trum
360 4147 455 4220 bona
472 4151 671 4244 eomm'qui
695 4149 835 4223 oriundi
863 4148 909 4221 de
929 4147 1084 4243 partibus
1104 4147 1355 4240 jurisdictionis·
1372 4159 1430 4222 tue
1453 4151 1487 4221 in
1511 4152 1663 4226 Romanu

253 4271 348 4343 curia
368 4272 495 4342 morari
513 4281 629 4344 eontra
646 4281 800 4345 nostrum
825 4271 1078 4364 beneplacitum
1098 4281 1395 4364 presumpserunt,
1417 4280 1452 4342 et
1470 4273 1662 4368 prebendas

251 4391 353 4464 mam
369 4381 572 4468 clericorum
591 4395 652 4487 qni
674 4393 721 4468 de
746 4415 854 4487 regno
875 4401 992 4466 nostro
1015 4403 1148 4465 suntet
1171 4401 1269 4464 extra
1297 4415 1442 4488 wana
1464 4405 1658 4487 morantur,

253 4513 433 4608 diligenter
448 4515 595 4610 inquiris
611 4525 646 4589 ot
663 4517 782 4590 studes
793 4515 840 4588 ad
854 4538 978 4588 manns
990 4523 1109 4590 nostre
1126 4515 1223 4588 curie
1237 4537 1412 4607 revocare,
1430 4526 1465 4588 et
1482 4517 1577 4611 qued
1597 4518 1663 4591 de-

252 4635 365 4709 fensas
382 4647 418 4710 et
430 4639 507 4713 loca
519 4639 717 4712 solatiorum
733 4649 768 4712 et
783 4640 1006 4712 venationum
1023 4647 1214 4710 nostrarum
1230 4637 1482 4730 jurisdictionis
1503 4649 1561 4712 tue
1579 4643 1662 4713 lacis

252 4761 447 4832 cumomni
465 4760 643 4853 diligentia
662 4760 854 4849 ouswdire‚
872 4767 1008 4854 gratum
1028 4769 1079 4830 est
1096 4759 1196 4831 nobis
1209 4769 1244 4830 et
1259 4760 1294 4829 in
1312 4760 1486 4854 premissis
1500 4762 1662 4832 omnibus
