4358 5996
200 679 301 740 huten
320 675 381 760 le]
654 672 853 736 HISTORIA
876 670 1169 734 llll’LOllll'l'lGll.
1561 672 1622 735 995

204 835 282 886 rum
298 823 334 886 et
345 833 463 886 rerum
479 809 661 908 dispendia
678 810 874 906 pertulisse.
892 809 948 881 Sic
961 808 1055 882 enim
1072 807 1276 880 colletantnr
1293 805 1426 879 emeriti
1441 827 1479 880 se
1494 809 1623 882 favoris

205 936 392 1032 imperialis
415 936 560 1028 gratiam
580 943 755 1007 assecutos
771 942 806 1006 et
824 932 862 1006 id
881 932 949 1005 sibi
969 931 1100 1027 premio
1116 930 1285 1003 meruisse
1301 930 1440 1003 virtutis
1461 931 1558 1026 quod
1574 929 1623 1004 ad

205 1059 396 1132 vindictam
412 1067 447 1131 et
460 1061 633 1151 jacturam
646 1057 797 1130 hostium
814 1058 866 1130 eis
883 1056 1073 1151 acquiritur
1090 1063 1124 1127 et
1139 1055 1315 1128 accrescit.
1334 1055 1423 1126 Hinc
1439 1065 1491 1126 est
1505 1055 1623 1149 itaque

206 1181 303 1277 quod
325 1181 493 1278 presentis
515 1181 634 1276 scripti
657 1181 748 1253 serie
771 1187 893 1252 uotum
919 1178 995 1252 lieri
1015 1179 1178 1252 volumus
1200 1177 1373 1250 universis
1392 1191 1462 1250 mm
1482 1199 1622 1272 presen-

207 1306 301 1378 tibus
314 1327 419 1400 quem
436 1305 561 1377 foturis
579 1304 753 1377 Cumanos
765 1302 886 1376 fideles
904 1311 1054 1394 nostros,
1074 1301 1120 1375 de
1136 1324 1200 1375 sua
1215 1300 1286 1374 lide
1302 1322 1344 1372 ac
1358 1301 1499 1373 servitio
1514 1301 1622 1374 conli-

206 1429 342 1520 dentes,
355 1428 499 1502 deveas
509 1448 628 1522 preces
638 1435 756 1500 nostro
771 1427 913 1499 culmini
927 1426 1124 1532 porrexisse
1135 1425 1301 1519 quatinus
1316 1425 1454 1520 plebem
1468 1426 1619 1518 Porleue,

206 1554 333 1627 vallem
349 1551 464 1642 Soldi,
485 1551 630 1624 Tellium
652 1560 747 1624 etse
771 1571 841 1645 que
865 1559 946 1622 sunt
968 1551 1004 1621 in
1023 1549 1181 1622 districtu
1201 1549 1354 1622 Cumano
1375 1548 1422 1622 ed
1439 1551 1621 1624 ecclesiam

205 1676 496 1750 Mediolanensem
516 1675 719 1770 spectantia,
736 1697 806 1769 que
821 1684 961 1772 propter
981 1673 1259 1746 communionem
1285 1671 1438 1744 hostium
1457 1681 1492 1746 et
1513 1674 1622 1746 mani·

208 1782 292 1873 feste
308 1798 521 1898 prodicionis
543 1799 762 1892 facinusque
780 1798 943 1894 precipue
959 1818 1104 1894 persone
1120 1805 1190 1868 tam
1212 1797 1350 1891 publice
1366 1819 1471 1890 quam
1488 1798 1623 1892 private

206 1947 276 2019 que
306 1934 388 1997 sunt
419 1935 454 1997 et
482 1921 645 1995 dicuntur
669 1922 834 2012 ecclesie,
862 1943 909 1994 ex
933 1923 1004 1994 lese
1030 1919 1217 2013 majestatis
1243 1919 1387 1993 crimine
1410 1919 1622 1996 commisisse

206 2057 410 2140 noscuntur,
428 2046 476 2119 ad
493 2041 648 2120 nostrum
663 2056 697 2118 et
712 2043 847 2140 imperii
862 2043 1062 2118 demanium
1076 2047 1170 2137 juste
1186 2043 1413 2140 susceptionis
1428 2044 1528 2118 titulo
1544 2046 1622 2119 iuc-

206 2179 282 2242 rant
297 2170 482 2259 devoluta,
498 2170 566 2242 sibi
581 2168 771 2242 concedere
785 2167 1020 2261 dignaremur.
1039 2166 1110 2240 Nos
1123 2167 1229 2262 igitur
1241 2167 1455 2241 attendentes
1470 2165 1621 2264 dampna

206 2303 242 2367 et
259 2293 413 2390 pericula
431 2293 580 2366 civitatis
597 2291 750 2364 Cumano
767 2313 837 2386 que
853 2313 916 2388 pro
933 2291 1003 2365 lide
1023 2291 1130 2364 nostri
1148 2291 1299 2364 nominis
1318 2293 1558 2366 sustinuerunt
1575 2293 1621 2364 ab

206 2415 356 2488 inimicis
369 2415 686 2489 Mediolanensibus
700 2424 735 2487 et
751 2415 923 2486 sustinent
937 2414 1159 2502 incessanter,
1174 2435 1339 2508 personas
1351 2425 1386 2486 et
1401 2415 1515 2488 omnia
1531 2417 1623 2490 bona

205 2559 326 2610 eorum
343 2535 390 2610 ad
405 2537 571 2611 honorem
585 2539 693 2610 nostri
708 2538 858 2610 nominis
873 2547 1103 2631 exponentes,
1120 2537 1311 2631 predictam
1325 2539 1480 2632 plebem,
1496 2541 1622 2612 vallem

205 2661 314 2747 Soldi,
331 2661 475 2734 Tollium
492 2671 527 2734 et
545 2683 586 2733 ea
605 2683 675 2755 que
693 2662 827 2732 suntin
846 2661 1004 2733 districtu
1019 2660 1174 2732 Cumano
1191 2661 1238 2733 ad
1260 2662 1439 2734 ecclesiam
1457 2661 1623 2736 Mediola-

205 2805 350 2857 nensem
363 2785 565 2880 spectantia,
579 2783 692 2857 eidem
706 2783 1001 2857 civitatiCumaue
1013 2795 1048 2857 et
1062 2784 1236 2857 universis
1248 2785 1384 2856 civibus
1397 2785 1563 2860 duximus
1577 2809 1624 2861 ex

206 2909 375 3004 imperiali
393 2908 595 2981 auctoritate
613 2907 658 2981 de
675 2909 794 2981 lavore
811 2908 918 2980 nostri
936 2907 1096 2981 culminis
1114 2906 1339 2982 concedenda
1362 2931 1442 2980 cnm
1461 2911 1624 2984 omnibus

207 3032 405 3105 tenimentis
425 3042 460 3104 et
481 3032 695 3127 pertinentiis
711 3030 933 3123 eorumdem,
955 3041 994 3104 ut
1010 3031 1056 3104 de
1076 3041 1189 3105 cetero
1210 3033 1364 3127 ipsorum
1382 3034 1620 3128 possessione,

201 3155 462 3247 jurisdictione,
480 3155 692 3244 rationibus,
714 3155 852 3247 juribus
871 3165 906 3226 et
927 3155 1138 3249 ceterisque
1161 3155 1209 3228 ad
1232 3155 1423 3251 predictam
1444 3157 1624 3230 ecclesiam

206 3278 440 3372 pertinebant,
452 3279 629 3372 gaudeant
641 3287 677 3351 et
690 3278 860 3368 truantur,
869 3278 969 3351 selvo
984 3278 1020 3348 in
1034 3279 1197 3351 omnibus
1211 3288 1245 3352 et
1259 3301 1322 3374 per
1335 3280 1451 3352 omnia
1461 3279 1625 3354 mandato

206 3409 242 3474 et
267 3400 485 3476 ordinatione
513 3411 649 3494 nostra,
675 3402 842 3498 imperiali
869 3401 1002 3496 justitia
1029 3413 1063 3474 et
1089 3402 1244 3495 servitio,
1264 3403 1354 3476 sicut
1375 3425 1438 3498 per
1467 3403 1624 3478 eamdem

205 3525 388 3621 ecclesiam
407 3525 552 3622 imperio
571 3525 799 3598 debebantur.
823 3525 881 3597 Ad
897 3525 1004 3618 hujus
1022 3535 1139 3598 antem
1158 3535 1274 3599 nostre
1297 3527 1529 3600 concessionis
1546 3549 1625 3602 me-

205 3645 349 3719 moriam
366 3655 402 3720 et
418 3649 524 3720 robur
544 3656 712 3752 perpetuo
733 3647 939 3740 valiturum,
961 3669 1101 3742 presens
1121 3649 1343 3746 privilegium
1365 3647 1439 3722 lieri
1457 3650 1625 3742 jussimus

205 3769 393 3861 majestatis
410 3781 526 3844 nostre
545 3771 660 3866 sigillo
676 3771 866 3842 munitum.

253 3893 366 3984 liujus
383 3894 433 3966 rei
458 3903 560 3966 testes
579 3904 660 3965 sunt
681 3895 721 3964 Β.
742 3891 1021 3985 Panormitanns,
1043 3895 1073 3965 l.
1095 3891 1280 3988 Capuanus
1296 3907 1330 3967 et
1422 3897 1625 3970 Tarentinus

205 4016 472 4112 archiepiscopi;
490 4017 732 4108 laurinensis,
752 4015 952 4090 llavelensis
969 4028 1004 4090 et
1020 4018 1226 4090 Casertanus
1243 4020 1414 4116 episcopi;
1434 4019 1625 4094 Fridericus

206 4137 298 4210 lilius
321 4139 591 4234 regieCastelle,
612 4141 652 4211 T.
674 4160 791 4212 comes
812 4137 1033 4233 Acerrarum,
1061 4140 1101 4212 G.
1123 4162 1237 4216 eomes
1256 4141 1300 4215 de
1318 4143 1486 4236 Lemello,
1511 4145 1625 4238 Opilio

206 4260 253 4334 de
270 4261 499 4336 Canevenova
523 4263 724 4358 Papieusis,
752 4264 948 4336 Bertramus
970 4262 1016 4336 de
1040 4263 1141 4336 Petra
1166 4275 1201 4338 et
1228 4264 1431 4339 Gnillelmus
1455 4265 1626 4360 Georgius

205 4381 449 4457 ambaxalores
462 4386 622 4458 comunis
636 4387 762 4482 Papia,
782 4395 816 4459 et
832 4386 891 4458 alii
908 4387 1143 4481 quamplures.

255 4503 342 4578 Acta
357 4515 438 4578 sunt
452 4507 518 4597 hec
533 4529 626 4582 anuo
640 4509 814 4582 dominice
827 4509 1074 4583 incarnationis
1090 4511 1272 4583 millesimo
1287 4511 1524 4587 ducentesimo
1539 4535 1626 4608 qua·

209 4627 422 4723 dragesimo,
452 4651 573 4706 mense
598 4620 733 4726 madii,
756 4632 996 4708 terciedecime
1021 4634 1240 4728 indictionis,
1269 4635 1460 4730 imperante
1484 4635 1626 4713 domino

209 4764 325 4828 nostro
347 4755 529 4831 Frederico
548 4759 609 4832 Dei
635 4759 746 4852 gratia
767 4758 989 4834 serenissimo
1011 4759 1242 4834 Romanorum
1267 4759 1472 4855 imperatore
1491 4783 1626 4859 semper
