4384 6004
542 651 620 712 1122
1048 651 1263 714 Faloaslct
1289 651 1464 712 SECUNDl
1767 651 1849 736 [lin.
1869 651 1960 712 1241.

540 809 675 861 mersus
689 788 792 862 estin
811 789 911 880 mari,
929 810 992 862 nos
1015 791 1051 862 iu
1069 798 1181 863 castro
1198 788 1311 861 Sancti
1326 787 1476 860 Miuiatis
1491 785 1542 883 (a)
1560 787 1657 883 quod
1672 787 1800 862 dicitur
1819 809 1961 864 camma

539 912 767 1006 imperatoris,
794 913 939 986 carceris
958 912 1178 988 incommodo
1202 911 1452 1007 mancipamur.
1473 911 1660 985 Nobiscum
1676 933 1760 986 vero
1778 915 1815 986 in
1833 913 1960 988 eadem

540 1034 760 1109 damnatione
786 1045 868 1108 suut
894 1036 1057 1110 dominus
1078 1037 1298 1110 Preuestiuus
1325 1044 1361 1108 et
1382 1035 1543 1108 dominus
1560 1033 1746 1130 Gregorius
1764 1037 1872 1138 legati
1896 1035 1960 1131 qui

539 1139 619 1232 suut
637 1160 673 1230 in
690 1161 857 1252 vinculis,
881 1162 1145 1256 Burdegaleusis
1162 1169 1197 1234 at
1211 1159 1461 1232 Auxitaueusis
1482 1159 1752 1256 archiepiscopi,
1773 1160 1960 1234 Carcasso·

538 1283 676 1376 nensis,
697 1281 922 1378 agathensis,
951 1284 1214 1370 Nenmaseusis,
1239 1283 1490 1374 verdecensis,
1518 1284 1673 1355 detensis
1693 1283 1758 1378 (d),
1779 1283 1961 1380 papiensis

537 1409 702 1503 episcopi,
719 1408 953 1482 cloniacensis
969 1419 1004 1481 et
1015 1408 1236 1504 Fugiaoensis
1252 1407 1408 1496 abbates,
1426 1406 1588 1502 prepositi
1604 1415 1639 1478 et
1651 1407 1955 1506 archipresbyteri,

537 1543 572 1605 et
589 1533 646 1606 alii
664 1533 782 1627 magni
799 1534 866 1604 viri
884 1533 929 1606 de
947 1533 1095 1607 diversis
1113 1543 1281 1605 terrarum
1296 1532 1450 1626 partibus
1463 1531 1525 1626 qni
1538 1553 1658 1604 omues
1673 1533 1822 1604 vinculis
1838 1543 1958 1606 tenen·

539 1667 595 1730 tur
617 1658 734 1730 ferreis
758 1683 767 1727 ε
789 1657 885 1752 quod
910 1669 946 1730 et
970 1658 1072 1730 nobis
1088 1656 1250 1729 omuibus
1273 1655 1347 1728 siue
1371 1655 1487 1749 aliqua
1514 1667 1738 1750 personarum
1757 1659 1960 1752 acceptione

538 1779 612 1852 fieri
630 1780 705 1852 sine
723 1780 833 1854 dubio
852 1782 886 1852 in
905 1781 1066 1876 proximo
1089 1780 1171 1853 certi
1199 1801 1332 1850 somus.
1358 1775 1460 1850 Unde
1476 1778 1639 1872 quoniam
1658 1778 1703 1851 de
1721 1782 1886 1854 evasione
1902 1783 1956 1854 vel

537 1906 733 1978 reversione
752 1916 865 1977 nostra
880 1904 964 1976 nihil
990 1903 1089 1977 vobis
1102 1902 1269 1975 mandare
1286 1913 1418 1974 certum
1443 1923 1646 1996 possumus,
1669 1902 1779 1996 magis
1796 1904 1843 1977 de
1861 1927 1957 1977 mora

536 2038 776 2124 presumentes
793 2049 899 2124 quam
916 2027 960 2102 de
977 2030 1053 2120 ejus
1068 2027 1257 2119 contrario,
1274 2049 1437 2121 rogamus
1449 2048 1513 2099 vos
1534 2036 1706 2119 quatenus
1721 2028 1955 2122 equitaturae,

537 2173 722 2225 conversos
735 2161 769 2225 et
786 2161 889 2224 totam
911 2153 1076 2224 familiam
1096 2161 1246 2226 nostram
1265 2151 1397 2244 absque
1413 2149 1577 2223 dilatione
1596 2149 1627 2222 si
1645 2151 1770 2244 poterit
1786 2149 1862 2224 lieri
1876 2174 1957 2224 oum

537 2297 659 2349 securo
681 2277 854 2348 conductu
879 2275 925 2349 ad
944 2276 1065 2349 domos
1090 2275 1183 2348 unda
1206 2284 1289 2346 suut
1315 2275 1448 2346 iacietis
1476 2273 1616 2364 reduci,
1645 2283 1772 2346 statum
1800 2286 1957 2348 nostrum

537 2401 741 2474 nunciantes
761 2401 887 2474 nostris
906 2400 951 2474 de
971 2401 1076 2496 plano
1095 2399 1340 2491 conventibus,
1371 2408 1411 2470 ut
1437 2407 1533 2470 tanto
1558 2399 1782 2474 ferventiores
1806 2385 1960 2482 existant

537 2524 627 2596 circa
654 2521 786 2596 ordinis
813 2522 1069 2596 observantiam
1094 2531 1227 2617 quanto
1256 2543 1320 2594 nos
1345 2522 1381 2594 iu
1411 2521 1552 2614 majoris
1573 2520 1786 2596 necessitatis
1811 2523 1959 2596 articulo

537 2647 697 2720 noverint
714 2647 929 2720 constitutos.
945 2647 1014 2720 Vos
1025 2667 1109 2720 vero
1125 2667 1188 2742 pro
1205 2646 1304 2720 uobis
1322 2643 1397 2718 lieri
1407 2645 1574 2740 speciales
1591 2645 1762 2718 orationes
1773 2665 1959 2740 procurare

538 2771 728 2867 dignemini
752 2779 789 2842 ut
811 2781 986 2865 presentes
1012 2771 1193 2865 angustias
1220 2791 1302 2842 oum
1329 2769 1453 2841 futuris
1476 2767 1638 2840 omnibus
1661 2769 1893 2844 incommodis
1923 2771 1958 2842 in

537 2897 631 2969 omni
652 2893 917 2968 mansuetudine
936 2905 971 2968 at
987 2893 1155 2990 patientia
1173 2895 1379 2984 toleremns;
1398 2913 1581 2988 speramus
1605 2891 1747 2988 quidem
1769 2891 1867 2986 quod
1887 2902 1959 2966 tota

537 3042 680 3116 presens
699 3018 890 3093 adversitas
904 3019 1006 3091 nobis
1021 3019 1057 3090 iu
1074 3017 1333 3114 prosperitatem
1351 3015 1665 3088 commutabituret
1684 3015 1855 3110 quicquid
1870 3014 1960 3111 p'ati·

540 3165 619 3215 nacr
633 3143 873 3216 amaritudinis
888 3142 923 3214 in
939 3141 1161 3216 dulcedinem
1175 3151 1408 3216 convertetur.
1424 3141 1495 3214 Vos
1509 3141 1616 3236 igitur
1630 3161 1719 3234 quos
1733 3141 1903 3212 Dominus
1914 3139 1959 3214 de

539 3277 634 3340 tauta
653 3267 879 3362 procellarum
893 3265 1060 3358 voragine
1073 3267 1166 3340 sicut
1177 3267 1319 3340 videtur
1335 3265 1475 3362 eripuit,
1495 3261 1762 3338 sollicitudiuem
1781 3265 1910 3358 geratis
1925 3275 1960 3338 et

502 3427 504 3434 s
539 3389 755 3484 diligentiam
769 3388 916 3483 qualiter
926 3389 1059 3462 ordinis
1071 3389 1275 3464 observetur
1293 3389 1486 3482 integritas.
1504 3389 1671 3461 Dominus
1687 3389 1822 3482 legatos
1835 3389 1960 3484 Augtie

539 3523 574 3588 et
602 3513 881 3609 archiepiscopus
902 3511 1191 3608 Rothomageosis
1219 3513 1281 3608 qui
1307 3513 1420 3609 primo
1443 3522 1684 3586 remanserunt
1703 3510 1799 3608 apud
1824 3512 1956 3606 Pisum,

538 3659 633 3710 nuuc
654 3637 699 3711 de
717 3657 810 3710 novo
837 3636 884 3709 ad
907 3637 993 3710 alios
1016 3640 1166 3734 prelatos
1191 3646 1273 3710 suut
1296 3635 1451 3710 translati
1473 3635 1519 3709 de
1542 3645 1703 3732 precepto
1728 3637 1954 3732 imperatoris.

538 3760 740 3832 Bisontiuus
754 3759 1035 3855 archiepiscopus
1048 3761 1251 3834 submersus
1268 3767 1322 3834 est
1340 3759 1376 3832 iu
1397 3759 1497 3834 mari.
1517 3757 1635 3832 Abbas
1658 3759 1877 3833 Fiscaneusis
1897 3761 1959 3857 qui

538 3894 613 3958 erat
628 3885 664 3956 ln
689 3883 788 3979 galea
812 3905 892 3956 cum
919 3881 1061 3958 domiuo
1081 3883 1261 3958 Bisontino
1284 3894 1407 3980 captos
1423 3893 1477 3957 est
1493 3883 1612 3973 vivus,
1637 3891 1672 3955 ot
1695 3904 1816 3957 omues
1835 3883 1959 3980 prelati

538 3997 923 4102 Hispanie'evascrunt3
940 4007 987 4080 ita
1005 4007 1102 4101 quod
1119 4006 1283 4080 dominus
1297 4007 1486 4104 imperator
1497 4027 1567 4079 uon
1579 4005 1686 4079 habet
1697 4006 1734 4078 iu
1747 4029 1884 4082 carcere
1896 4029 1960 4082 suo

538 4135 693 4230 exceptis
708 4135 818 4207 tribus
833 4132 967 4225 legatis,
981 4133 1046 4206 nisi
1061 4145 1131 4208 tres
1143 4133 1423 4234 archiepiscopos
1438 4145 1474 4208 et
1490 4155 1555 4207 sex
1571 4134 1764 4230 episcopos.
1782 4137 1834 4209 De
1852 4136 1959 4209 abba·

540 4259 632 4331 tibus
646 4279 729 4332 vero
744 4269 778 4330 et
794 4257 1076 4353 procuratoribus
1094 4257 1140 4331 ad
1158 4279 1301 4354 presens
1314 4279 1385 4332 non
1401 4257 1589 4352 loquimur.

580 4455 622 4536 (o)
644 4459 679 4518 lu
693 4459 836 4535 tmpresso
849 4454 1231 4534 sacrosanctarum,
1247 4455 1336 4517 male.

580 4561 620 4644 (b)
643 4563 724 4626 llaec
737 4563 837 4625 omnin
848 4563 981 4625 locorum
994 4566 1118 4628 nomlna
1130 4561 1215 4624 foede
1227 4569 1368 4641 corrupta
1380 4579 1461 4626 nuno
1474 4563 1586 4625 aoxldo
1600 4559 1806 4644 praecedentis
1819 4558 1960 4640 epistolae

539 4672 732 4731 restituimus.
