4524 6012
318 719 412 776 lanrur.
433 713 491 797 ld]
757 713 955 775 HISTORIA
982 711 1273 774 nrrtoltltrtca
1662 717 1723 780 663

318 850 491 924 oredimus
511 846 606 942 quod
626 846 708 920 fidei
730 857 844 920 vestre
862 849 1050 944 synoeritas
1068 846 1220 920 debono
1242 847 1279 918 iu
1302 847 1425 920 melius
1443 869 1578 944 semper
1594 862 1723 926 crescat

319 975 479 1059 inantea,
500 992 565 1043 neo
584 969 621 1041 in
639 991 699 1042 our
720 980 875 1042 nostrum
901 971 1088 1044 ascendere
1104 969 1226 1064 poterit
1244 969 1356 1063 quod,
1377 969 1437 1042 ubi
1462 971 1513 1043 sio
1535 993 1597 1045 vos
1612 974 1723 1048 olleo-

319 1107 413 1168 tuose
435 1094 631 1187 diligimus,
651 1093 798 1186 alioujns
816 1093 953 1166 sinistra
975 1093 1119 1188 suspitio
1138 1094 1193 1166 vel
1214 1093 1389 1187 suggestio
1412 1095 1630 1170 fraudulenta
1653 1099 1723 1172 de·

319 1219 465 1292 notionis
492 1227 606 1292 vestre
637 1218 880 1308 constantiam,
910 1218 955 1291 de
979 1239 1050 1312 qua
1077 1218 1190 1291 stabili
1217 1226 1331 1290 mente
1356 1217 1581 1308 confidimus,
1607 1243 1628 1293 a
1653 1221 1723 1296 fide

319 1351 430 1415 nostra
454 1343 566 1414 valeat
589 1361 763 1414 revocare.
784 1340 877 1412 Lioet
895 1351 1010 1414 antem
1035 1362 1098 1412 vos
1117 1363 1221 1434 egere
1240 1341 1536 1416 exhortationibus
1558 1365 1627 1417 non
1649 1367 1723 1420 ore-

319 1449 458 1554 damus,
483 1486 575 1558 quoe
596 1463 673 1536 sine
694 1465 915 1558 requisitione
940 1465 1109 1537 larvsntes
1131 1464 1176 1537 ad
1203 1474 1318 1536 nostra
1342 1465 1482 1538 servitia
1505 1467 1724 1560 probabiliter

320 1586 532 1682 experimur,
556 1586 780 1658 nibilominus
798 1595 914 1658 tamen
931 1584 1128 1658 fidelitatem
1149 1596 1299 1659 vestram
1320 1588 1528 1682 requirimus
1550 1599 1585 1662 et
1605 1590 1723 1664 horta-

319 1731 405 1798 mur,
432 1719 561 1782 attenta
591 1709 794 1784 mandantes
817 1719 988 1804 quatenns
1016 1711 1051 1781 iu
1077 1709 1146 1782 lide
1172 1720 1208 1783 et
1236 1711 1383 1782 servitiis
1412 1713 1536 1784 nostris
1566 1713 1720 1802 solliciti,

318 1856 409 1908 more
432 1835 535 1907 solito
551 1834 756 1928 vigilantes,
776 1835 826 1907 sio
849 1834 896 1907 ad
918 1833 1176 1928 requisitionem
1194 1833 1365 1906 Thomasii
1385 1833 1431 1906 ds
1446 1834 1604 1929 Aquino,
1625 1838 1723 1932 oapi-

318 1959 406 2030 lanei
436 1959 543 2031 nostri
576 1959 730 2053 ipsarum
761 1959 910 2054 partium
938 1956 1003 2053 (Ι),
1029 1956 1145 2030 dilecti
1178 1957 1296 2050 generi
1325 1967 1429 2051 atque
1458 1957 1570 2031 fidelis
1596 1961 1721 2052 nostri,

319 2104 419 2177 quem
449 2082 582 2156 advos
614 2092 778 2177 tanquam
808 2083 1049 2176 imaginarium
1081 2104 1228 2178 persone
1256 2091 1372 2155 nostre
1402 2085 1662 2156 transmittimus
1690 2095 1724 2157 et

319 2206 479 2278 oontinue
499 2206 678 2278 vobiscum
696 2207 856 2280 volumus
876 2207 1096 2296 commorari,
1113 2215 1230 2278 eontra
1253 2207 1397 2278 rebelles
1415 2217 1549 2279 nostros
1574 2228 1637 2279 vos
1655 2229 1725 2300 po-

318 2337 425 2402 tenter
448 2338 484 2402 st
510 2329 653 2402 viriliter
673 2329 872 2425 opponatis,
897 2329 991 2423 quod
1013 2328 1082 2400 fine
1105 2328 1269 2401 laudabili
1292 2329 1500 2423 principium
1520 2329 1721 2416 comitante,

317 2461 429 2525 nostre
449 2453 643 2524 serenitatis
668 2451 848 2525 dexteram
872 2451 919 2524 ad
941 2462 1054 2524 vestre
1077 2451 1307 2542 generalitatis
1334 2461 1369 2524 et
1392 2452 1612 2546 specialitatis
1638 2473 1724 2546 aug-

317 2583 430 2646 menta
453 2575 554 2668 quasi
576 2597 638 2670 per
663 2574 819 2648 debitum
837 2575 1010 2668 obligetis.
1032 2577 1102 2646 Nos
1123 2575 1213 2648 enim
1238 2575 1289 2646 sic
1313 2575 1383 2646 alta
1410 2585 1523 2648 mente
1546 2585 1580 2646 et
1601 2577 1724 2670 amplis

316 2697 598 2770 retributionibus
615 2695 720 2772 fidem
740 2707 892 2772 vestram
911 2698 1126 2794 disponimus
1147 2719 1386 2794 compensare,
1407 2705 1446 2769 ut
1463 2700 1498 2768 in
1515 2699 1639 2770 nostris
1653 2721 1724 2772 ser-

316 2820 408 2894 vitiis
423 2821 613 2917 perstitisse
629 2819 775 2894 fideliter
790 2822 911 2895 merito
928 2821 1109 2916 gaudeatis
1122 2819 1186 2916 (a).

991 3081 1037 3152 ll.

396 3263 492 3343 (lldtt.
514 3281 562 3342 ap.
584 3265 667 3328 Petri
686 3263 721 3327 de
739 3265 805 3327 Vin.
826 3265 937 3346 Epist,
952 3267 1004 3326 ΙΙΙ).
1024 3267 1050 3340 Ι,
1064 3283 1127 3344 nup
1144 3266 1329 3339 xx11,ooll.
1348 3281 1417 3326 oum
1434 3265 1500 3326 nod.
1522 3265 1599 3326 Btbl.
1620 3265 1718 3328 (lesan

433 3371 542 3445 Parta„
548 3369 641 3452 fonds
655 3369 1038 3452 Soet-domatn-ttarlay,
1052 3381 1085 3432 n⁰
1099 3371 1182 3448 ⁴55.)

363 3541 583 3634 Frederious,
603 3545 665 3618 Dei
682 3545 791 3638 gratia
806 3547 1036 3620 Romanorum
1055 3545 1238 3640 imperator
1255 3554 1290 3618 et
1306 3565 1440 3640 semper
1454 3553 1640 3638 augustus,
1657 3545 1721 3616 ls-

315 3669 463 3740 rusalem
476 3677 512 3740 et
528 3668 642 3744 Sicilie
656 3691 738 3761 rex,
756 3671 931 3764 potestati,
953 3670 1111 3756 oonsilio,
1124 3670 1296 3744 oommnni
1314 3669 1539 3758 viterbiensi,
1559 3667 1721 3740 fidelibus

315 3791 405 3882 suis,
429 3792 576 3885 gratiam
601 3803 759 3868 suamet
784 3793 911 3868 bonam
932 3795 1157 3867 voluntatem.
1182 3795 1272 3866 Dum
1296 3793 1502 3866 conscientie
1519 3799 1636 3864 nostre
1658 3813 1720 3864 vo·

314 3913 445 3986 lumina
479 3915 676 4004 volvimus,
709 3914 793 3988 dum
829 3917 984 3990 civitates
1015 3927 1132 3990 nostro
1160 3917 1332 4009 subjectas
1365 3916 1510 4010 imperio
1541 3916 1576 3986 in
1608 3925 1722 3990 nostre

319 4109 322 4112 ·
355 4091 398 4174 (o)
416 4095 453 4154 In
467 4095 533 4156 uod.
548 4103 638 4172 8567,
650 4093 700 4155 iol.
717 4103 754 4156 'tt
770 4111 866 4176 verso,
880 4095 936 4157 sub
949 4097 1083 4174 ampltort
1096 4095 1193 4158 torma
1203 4102 1238 4156 ut
1251 4097 1383 4173 sequitur
1396 4113 1404 4153 τ
1419 4113 1436 4152 a
1451 4094 1509 4156 Nor
1520 4095 1596 4153 seim
1606 4095 1647 4153 sio
1659 4090 1721 4155 atto

314 4197 489 4277 mettefidei
506 4207 598 4261 outre
610 4203 729 4263 rosida
744 4199 924 4281 disponimus
936 4203 969 4262 s'n
981 4191 1202 4264 retributionum
1217 4207 1384 4263 notumne
1397 4200 1530 4260 mutius
1541 4215 1721 4278 compensare

314 4311 349 4366 st
362 4315 389 4364 et
401 4323 448 4366 ooa
459 4307 494 4366 io
504 4309 611 4368 nostris
622 4307 749 4370 ειννίΙίἰε
758 4305 892 4387 fideliter
903 4310 1064 4388 perstitisse
1078 4305 1221 4387 letemini,
1239 4315 1268 4370 st
1284 4305 1339 4368 elil
1346 4303 1451 4386 fideles
1470 4307 1563 4367 nostri
1578 4303 1620 4366 od
1629 4311 1722 4366 mun·

315 4407 409 4470 dendo
424 4429 475 4472 aare
486 4409 642 4476 &mama
654 4412 787 4496 ommia
802 4411 935 4476 mouture
945 4413 1133 4476 inducantur.

349 4703 385 4776 (t)
399 4703 440 4761 Gt.
455 4705 530 4762 ltroo.
543 4721 579 4763 nn
591 4707 620 4764 S.
633 4707 738 4780 Gaura,
754 4707 880 4766 Cbronlc.
897 4709 930 4767 ad
943 4726 1006 4767 ann.
1019 4718 1047 4768 et
1060 4711 1124 4784 quid
1140 4717 1232 4769 narret
1246 4709 1397 4781 Jacobillus,
1411 4709 1536 4766 Dltoorto
1550 4706 1580 4765 di
1593 4707 1719 4780 Foliam,

312 4817 340 4874 p.
356 4803 400 4858 ts.
