4524 6012
1038 643 1255 708 rnrunmci
1279 645 1452 706 sncuunr
1760 647 1840 727 [nn.
1858 649 1943 711 meo.
2010 712 2012 715 ,

369 1119 467 1176 uuum,

344 1173 367 1216 1·
381 1175 494 1220 issaar.
588 1127 809 1212 Mandatum
828 1131 878 1213 ad
895 1129 1145 1214 castellanum
1163 1131 1357 1214 Introdnci
1375 1156 1445 1240 pro
1464 1130 1626 1216 Oddone
1642 1131 1691 1213 de
1703 1129 1943 1214 Palumbum.

619 1327 747 1410 (Repert.
759 1331 863 1410 inrpcr.
879 1329 1001 1394 Frsdcr.
1012 1333 1052 1407 11,
1068 1329 1118 1393 iol.
1138 1339 1173 1392 ot
1188 1337 1284 1406 rocto;
1300 1334 1333 1392 ln
1347 1331 1419 1392 edit.
1433 1329 1571 1408 Caram,
1587 1347 1619 1408 p.
1637 1329 1721 1410 tto.)

583 1499 630 1567 Ile
647 1499 815 1595 imperiali
834 1503 992 1574 mandute
1015 1507 1104 1596 [octo
1116 1525 1179 1597 per
1193 1504 1391 1596 mopistmm
1411 1503 1454 1573 ll.
1473 1501 1513 1572 de
1532 1503 1679 1595 Treiecto
1696 1503 1831 1596 scripsit
1851 1503 1890 1576 G.
1907 1504 1947 1576 dc

533 1621 689 1696 Cossutia
702 1649 714 1692 :

581 1745 905 1845 Pistoriensem,
926 1751 1111 1824 castellano
1129 1749 1409 1841 introduci„etc.
1429 1749 1515 1824 Cum
1531 1749 1669 1824 Oddoni
1688 1749 1733 1823 de
1750 1747 1945 1822 Palumbor.

532 1867 627 1942 fideli
650 1880 766 1944 nostro
784 1872 933 1966 quedam
956 1870 1098 1947 servitia
1116 1883 1233 1946 nostra
1250 1875 1523 1948 commiserimus
1544 1872 1772 1968 exequendo,
1792 1871 1947 1944 fidelitati

532 2003 591 2068 tue
609 1996 833 2090 precipiendo
852 1996 1061 2071 mandamus
1084 2007 1255 2091 qnatenus
1274 1998 1306 2070 ei
1327 2019 1389 2093 pro
1411 1998 1536 2072 nostris
1557 1997 1707 2070 servitiis
1731 1993 1947 2090 exequendis

531 2116 591 2188 ubi
613 2125 648 2188 te
675 2119 817 2190 duxerit
843 2121 1112 2215 requirendum,
1141 2121 1293 2192 tribuere
1320 2119 1449 2194 debeas
1470 2121 1640 2194 auxilium
1659 2127 1887 2215 oportunum,
1910 2123 1948 2187 nt

530 2251 626 2314 tuam
649 2243 685 2314 in
703 2241 769 2315 boc
785 2243 1002 2338 diligentiam
1022 2245 1315 2318 commendemus.

576 2365 703 2436 Datum
721 2365 861 2455 Fulinii,
883 2368 896 2438 1
915 2367 1091 2458 februarii,
1111 2368 1188 2440 Xlll
1207 2366 1420 2440 indictionis.

579 2488 714 2561 Similes
732 2491 869 2585 scripsit
886 2491 1035 2564 ilenrico
1049 2490 1094 2564 de
1110 2491 1221 2564 Senis.

353 3069 364 3092 ‚
453 3041 481 3108 ⁹.
580 2984 760 3068 Mandata
786 2984 835 3066 ad
854 2982 1080 3093 justitiarios
1103 2983 1212 3094 regni
1243 2995 1286 3068 ut
1307 3009 1442 3070 omnes
1465 2983 1689 3093 Spolelanos
1711 3011 1808 3094 quos
1829 2984 1943 3070 inve-

527 3117 655 3202 nerint
679 3117 839 3200 detineri
857 3127 894 3200 et
911 3117 1092 3220 custodiri
1110 3117 1265 3200 faciant.
1359 3185 1363 3194 .

610 3318 743 3401 (Reput.
757 3319 861 3398 imper.
873 3315 994 3386 Μαι
1006 3318 1047 3395 11,
1062 3319 1116 3380 iol.
1131 3327 1166 3380 ot
1184 3323 1280 3393 recto;
1295 3318 1327 3378 ln
1337 3317 1409 3378 edlt.
1424 3315 1563 3392 Carnem,
1579 3333 1610 3394 p.
1625 3316 1710 3398 829.)

576 3495 624 3564 lte
653 3491 811 3563 monimo
838 3491 1008 3586 imperiali
1037 3493 1127 3582 [octo
1151 3513 1213 3585 per
1249 3491 1449 3584 mopistrom
1483 3487 1684 3565 discordum
1719 3489 1760 3564 de
1795 3495 1940 3587 Treiecto

527 3617 661 3710 scripsit
680 3615 872 3688 Genitorios
890 3613 930 3687 de
948 3615 1127 3688 desectio:

420 3765 423 3774 ¹
576 3739 797 3831 Fredericus‚
818 3747 903 3830 eto,
924 3737 1127 3812 Boamundo
1142 3737 1284 3810 Pissono
1293 3736 1477 3831 justitiario
1492 3735 1650 3834 Aprutii,
1664 3747 1730 3812 ete.
1747 3739 1836 3826 Quia
1853 3740 1940 3813 civi·

528 3875 582 3938 tas
600 3864 732 3961 Spoleti
757 3863 878 3960 spiritu
902 3863 1097 3936 rebellionis
1118 3871 1295 3958 assumpto
1318 3862 1444 3936 uostris
1469 3863 1694 3958 beneplacitis
1718 3887 1758 3939 se
1780 3864 1938 3961 opponit,

529 3987 684 4062 fidelitati
700 3996 761 4059 tne
776 3985 999 4082 precipiendo
1019 3985 1227 4060 mandamns
1241 4001 1414 4080 quatenus
1431 3986 1579 4082 receptis
1593 3987 1660 4082 bys
1677 3988 1805 4062 lictoris
1821 4009 1940 4062 omnes

528 4113 728 4209 spoletanos
745 4131 833 4205 quos
849 4131 910 4205 per
921 4109 1195 4203 jurisdictionem
1221 4119 1316 4182 tuam
1336 4110 1463 4204 poteris
1485 4110 1663 4199 invenire,
1682 4111 1719 4182 in
1737 4111 1891 4206 personis
1907 4120 1942 4183 et

528 4235 633 4310 rebus
651 4235 780 4308 debens
794 4233 959 4325 detinere,
979 4233 1107 4308 indens
1130 4253 1191 4305 eos
1212 4254 1292 4312 cum
1311 4233 1491 4328 diligentia
1507 4232 1688 4327 custodiri,
1708 4235 1755 4310 ad
1775 4255 1864 4330 quus
1889 4235 1941 4306 in·

528 4357 719 4434 veniendos
732 4377 835 4430 omne
850 4355 1005 4430 studium
1020 4356 1187 4430 adhibeas
1204 4367 1239 4429 et
1254 4357 1437 4430 cantelam.

428 4457 430 4464 ’
578 4483 703 4554 batum
718 4479 876 4571 retgas,
894 4481 909 4552 1
924 4480 1103 4570 februare,
1123 4479 1199 4552 xm
1217 4478 1428 4554 indictionis.

577 4607 663 4679 ltem
688 4603 733 4676 do
753 4601 874 4676 eodem
898 4603 1063 4678 mandato
1080 4603 1217 4699 scripsit
1232 4603 1405 4678 lohannes
1430 4603 1561 4678 ldrouti
1585 4603 1715 4678 similes
1736 4623 1798 4700 por
1822 4603 1936 4678 omnia

529 4730 667 4803 lictores
680 4726 746 4826 bys
762 4727 962 4824 subscriptis
977 4727 1195 4823 justitiariis:
