4524 6012
277 713 372 773 maa.
391 703 453 788 ra]
720 695 921 760 ursronra
947 690 1242 754 orruouarrca

1113 979 1461 994 ffl-

326 1255 552 1341 Mandatum
579 1255 629 1336 ad
656 1254 854 1338 universos
884 1279 953 1362 per
976 1251 1264 1362 justitiariatum
1293 1247 1442 1356 Aprutii
1468 1245 1694 1330 constitutos

276 1397 319 1472 ut
345 1387 488 1472 Crisoio
514 1385 745 1470 Amalfitana
771 1389 820 1469 de
849 1384 979 1494 Capua
1002 1383 1187 1492 magistro
1210 1382 1419 1464 camerario
1437 1391 1474 1463 et
1500 1405 1692 1488 prooura-

278 1520 350 1604 tori
380 1519 648 1604 demaniorum
679 1519 808 1604 curiae
844 1544 912 1626 per
943 1517 1120 1600 eumdem
1150 1513 1441 1626 justitiariatum
1472 1521 1613 1596 statuto
1645 1513 1693 1596 de

276 1663 423 1738 caetero
459 1653 715 1764 respondeant
754 1661 792 1736 et
826 1652 1039 1734 intendant.
1081 1649 1261 1759 Sequitur
1294 1657 1404 1730 tenor
1439 1646 1691 1756 capitulorum

277 1786 399 1869 eidem
418 1786 562 1870 Criscio
579 1785 887 1870 commissorum.

358 1985 484 2068 (nepas.
500 1988 605 2067 imper.
619 1983 739 2047 Μιν.
752 1984 792 2062 11,
808 1984 860 2046 tot.
880 1991 918 2046 os
933 1999 1034 2058 verso3
1049 1985 1080 2044 ta
1094 1981 1166 2044 adtt.
1181 1982 1317 2054 caream,
1330 1997 1360 2058 p.
1379 1980 1461 2058 aas.)

325 2160 372 2229 De
386 2160 544 2232 madan
558 2159 730 2254 imperiali
742 2161 832 2252 [octo
844 2179 908 2252 per
922 2157 1122 2250 mopistrum
1138 2156 1179 2226 R.
1206 2154 1246 2224 do
1270 2155 1419 2246 Trojecto
1439 2154 1570 2246 scripsit
1586 2156 1628 2226 P.
1653 2155 1694 2226 de
1801 2145 1808 2159 ⁸

279 2283 396 2378 Capua
412 2311 423 2353 :
1259 2295 1262 2302 '
1404 2291 1409 2302 '

325 2405 545 2490 Frederieus‚
564 2414 647 2494 eto,
673 2405 814 2499 prelatis
836 2404 1079 2494 ecclesiarum,
1107 2401 1428 2492 oommonitatibus,
1450 2400 1638 2474 baronibus
1659 2411 1695 2474 et

280 2529 452 2602 universis
468 2549 530 2624 por
543 2529 802 2620 justitiariatum
824 2527 960 2623 Aprutii
981 2526 1191 2617 constitutis,
1211 2535 1277 2600 eto.
1298 2525 1424 2598 Notum
1442 2525 1587 2598 tacimus
1602 2525 1695 2600 fide-

280 2653 364 2724 litati
378 2661 495 2724 vestre
509 2651 604 2746 quod
615 2672 678 2724 nos
692 2651 737 2725 de
751 2651 933 2748 prudentia
946 2661 981 2725 et
990 2651 1162 2746 legalitate
1174 2648 1293 2722 Crisoii
1305 2646 1500 2720 Amalfitani
1516 2648 1562 2722 de
1575 2649 1694 2745 Capua

280 2773 392 2847 tidelis
408 2775 514 2846 nostri
532 2773 670 2864 confisi,
687 2775 871 2848 statuimus
890 2775 1004 2870 ipsum
1018 2782 1274 2870 procuratorem
1293 2772 1552 2862 denaniorum,
1569 2773 1694 2845 morti-

281 2899 415 2970 oiorum
431 2897 760 2970 etexoadentiarum
781 2899 877 2972 curie
888 2908 1002 2972 nostre
1019 2919 1082 2994 per
1098 2905 1209 2970 totum
1220 2896 1477 2988 justitiariatum
1489 2895 1637 2990 Aprutii,
1655 2907 1695 2968 ut

281 3039 323 3094 ea·
336 3043 408 3116 que
424 3021 619 3096 revocanda
642 3023 782 3096 suntad
799 3043 888 3118 opus
903 3023 999 3095 ouria
1020 3031 1136 3096 nostro
1152 3021 1255 3094 saciat
1275 3042 1355 3092 oum
1371 3020 1447 3092 aliis
1464 3041 1534 3114 qna
1551 3029 1631 3093 sunt
1648 3021 1694 3094 do

281 3143 460 3234 demanio,
473 3145 639 3218 mortioiis
652 3157 687 3217 ot
699 3146 914 3220 exoadentiis
926 3147 1022 3218 ouria
1032 3155 1148 3219 nostre
1159 3143 1304 3218 fideliter
1317 3143 1495 3239 procurari
1506 3153 1541 3216 et
1552 3155 1694 3219 revooet

281 3287 322 3340 aa
335 3289 406 3362 que
421 3269 592 3341 invenerit
605 3269 822 3362 revocanda,
837 3269 894 3341 oui
908 3269 1044 3364 planam
1061 3267 1222 3342 dedimus
1237 3276 1440 3362 potestatem
1458 3277 1498 3339 ut
1513 3269 1690 3365 demanio,

282 3390 435 3463 mortisia
450 3400 484 3464 et
500 3390 727 3464 excedentias
743 3401 778 3464 et
795 3393 910 3467 omnia
928 3415 997 3487 que
1010 3401 1171 3465 revocata
1187 3401 1268 3464 sunt
1283 3391 1340 3464 vel
1355 3393 1611 3467 revocabuntur
1630 3419 1694 3490 per

284 3535 363 3586 oum
387 3513 436 3586 ad
459 3515 680 3588 commodum
703 3524 738 3588 et
756 3515 1004 3590 incrementum
1026 3516 1122 3588 curie
1144 3523 1259 3588 nostre
1282 3515 1394 3586 locare
1413 3517 1522 3610 possit
1539 3518 1694 3593 nichilo-

286 3637 403 3709 minus
423 3645 458 3709 et
474 3637 691 3711 reheditioari
714 3639 833 3730 faeiat,
854 3649 955 3736 prout
975 3639 1099 3713 molius
1118 3637 1245 3710 viderit
1266 3636 1450 3730 expedire;
1474 3639 1522 3712 ita
1539 3641 1634 3736 quod
1656 3643 1693 3716 in

286 3760 465 3832 utilitatem
480 3762 576 3836 curio
593 3771 708 3836 nostro
724 3762 835 3856 magis
855 3762 929 3856 ipsa
949 3760 1127 3856 proficiant
1148 3771 1182 3834 et
1197 3773 1387 3856 proventus
1406 3761 1559 3858 ipsorum
1575 3767 1695 3861 exigat

288 3894 321 3955 et
336 3885 513 3977 moolligat
527 3885 574 3959 ad
586 3907 674 3982 opus
687 3896 803 3959 nostro
814 3885 910 3958 curie
925 3884 1194 3958 conservandos.
1209 3883 1447 3958 Commisimus
1461 3886 1564 3960 etiam
1580 3889 1693 3962 eidem

285 4004 410 4078 Crisoio
427 4003 478 4102 (a)
494 4016 533 4078 ut
549 4008 665 4080 omnia
679 4027 771 4079 nova
789 4015 915 4078 statuta
937 4015 972 4077 et
990 4005 1139 4100 quodam
1159 4006 1311 4101 capitula
1328 4008 1441 4099 sigillo
1458 4022 1573 4084 nostre
1590 4013 1696 4084 eelsi-

285 4125 415 4198 tudinis
436 4127 595 4200 roborata
619 4128 665 4200 ab
689 4127 871 4218 omnibus,
896 4127 985 4200 siout
1009 4127 1189 4199 inventum
1214 4137 1266 4199 est
1286 4149 1347 4221 per
1370 4129 1500 4202 curiam
1523 4142 1692 4226 nostram,

286 4249 387 4322 iaciat
408 4248 552 4323 tirmiter
564 4251 742 4324 observari
759 4258 794 4323 et
811 4259 850 4322 ut
873 4261 1141 4344 transgressores
1155 4272 1216 4322 seu
1236 4262 1454 4326 oontumaoes
1472 4257 1593 4348 puniat
1608 4258 1698 4330 siout

288 4369 411 4443 viderit
428 4373 609 4468 expedire.
628 4372 837 4446 Maudamus
852 4373 958 4466 igitur
974 4381 1008 4445 et
1022 4371 1176 4444 districte
1190 4373 1399 4469 precipimus
1416 4377 1588 4452 universis
1602 4402 1697 4473 qua·
1720 4414 1723 4422 ¹

288 4501 386 4565 tenus
403 4493 518 4568 eidem
535 4493 572 4566 C.
590 4495 684 4568 fideli
704 4504 820 4568 nostro
841 4494 1027 4568 intendatis
1040 4505 1075 4566 et
1090 4496 1326 4590 respondeatis
1340 4497 1385 4570 de
1405 4509 1517 4574 cetero
1534 4511 1697 4598 tanquam

289 4616 451 4710 magistro
467 4619 655 4692 camerario
669 4627 702 4692 et
713 4619 923 4713 procuratori
939 4639 961 4690 a
979 4627 1093 4692 nostra
1107 4618 1312 4694 eelsitudine
1328 4623 1511 4698 constituto
1527 4647 1697 4700 novorum

329 4784 370 4866 (a)
392 4787 429 4849 ln
442 4789 584 4866 impresso
596 4788 685 4868 noio,
700 4790 784 4852 mats
