4374 6010
218 751 313 812 ιιιιιοι.
332 744 395 825 lt]
667 733 864 798 tttsuoala
888 731 1182 800 utrtomtnlctt.

264 1290 487 1378 Mandatum
510 1294 560 1376 ud
587 1291 869 1401 Alexandrum,
895 1291 1019 1376 filium
1040 1291 1213 1400 Heurioi,
1238 1291 1286 1374 de
1312 1289 1486 1401 expensis
1510 1289 1625 1373 exhi·
1663 1331 1712 1388 a,
1712 1335 1767 1375 aa„
1769 1339 1816 1388 a..

217 1423 347 1506 bendis
374 1425 503 1536 nepoti
521 1425 624 1537 regis
641 1425 801 1511 Tunnisi
819 1435 856 1511 et
873 1427 1039 1530 Perrpno
1061 1427 1109 1510 de
1126 1425 1315 1510 Panormo
1331 1423 1408 1507 ad
1398 1423 1517 1532 ipsius
1536 1449 1625 1538 ser-

215 1556 345 1640 vitium
364 1557 558 1667 deputato.

291 1771 422 1854 (tropat.
437 1773 542 1854 imper.
556 1769 676 1835 trader.
692 1771 733 1848 11,
746 1771 798 1834 tol.
815 1779 871 1834 too
887 1772 1031 1848 rect031n
1043 1771 1112 1833 edit.
1129 1771 1266 1845 Gomon„
1280 1787 1311 1850 p.
1329 1774 1411 1845 tes.)

259 1959 305 2029 De
321 1960 494 2054 imperiali
508 1960 663 2034 motato
678 1963 841 2056 [occuper
855 1959 1023 2033 domim
1035 1955 1223 2032 Iohannem
1237 1960 1368 2031 Morum
1383 1960 1515 2053 scripsit
1527 1961 1625 2031 Lou-

215 2085 334 2156 renatus
349 2107 362 2154 .·

259 2207 474 2301 Fredoricus,
489 2217 573 2300 eto,
587 2205 790 2282 Alexandro
809 2205 880 2282 filio
897 2207 1049 2298 Henriei,
1066 2214 1132 2280 etc.
1151 2205 1357 2280 Mandamns
1374 2205 1439 2278 tibi
1454 2214 1625 2301 quatenus
1668 2261 1671 2266 -

215 2327 404 2404 Abdeltasis
423 2332 541 2427 nepoti
562 2331 654 2423 regis
680 2330 823 2404 Tunnisi
850 2331 912 2426 qui
936 2329 1034 2428 apud
1055 2330 1234 2404 Luceriam
1257 2329 1303 2402 de
1319 2328 1483 2404 mandato
1508 2338 1624 2403 nostro

215 2463 373 2546 moratur,
395 2475 459 2550 pro
475 2477 527 2547 se,
546 2455 658 2527 tribus
676 2453 834 2526 scuteriis
852 2462 887 2528 et
901 2462 1052 2548 quatuor
1069 2454 1169 2548 equis
1185 2463 1219 2526 et
1231 2454 1382 2526 Pomone
1397 2453 1442 2528 de
1456 2453 1625 2526 Panormo

217 2573 306 2650 idoli
325 2587 442 2652 nostro
455 2579 502 2652 ad
519 2579 628 2673 ipsius
642 2577 825 2651 servitium
847 2577 1013 2674 deputato
1030 2599 1094 2674 pro
1108 2599 1165 2669 so,
1183 2599 1254 2652 uuo
1270 2576 1419 2650 neuterio
1434 2587 1469 2650 ct
1487 2577 1624 2651 duobus

216 2700 311 2794 equis
326 2722 500 2797 expensas
512 2702 616 2793 juxta
637 2701 784 2774 assisam
802 2700 899 2774 οιιιιο
914 2709 1049 2790 nostre,
1069 2697 1182 2772 donoc
1200 2700 1236 2770 in
1257 2697 1399 2772 servitio
1417 2699 1492 2794 ipso
1509 2722 1623 2773 moro·

216 2823 321 2914 bitur,
338 2823 384 2898 de
399 2825 549 2921 pecunia
571 2825 667 2898 curie
684 2833 799 2897 nostre
824 2845 894 2918 que
917 2832 970 2896 est
988 2843 1189 2918 parmenus
1211 2831 1289 2896 tuas
1311 2822 1440 2896 debeas
1456 2824 1624 2896 exhibere

215 2948 256 3020 ad
269 2947 530 3043 requisitionem
549 2946 659 3045 ipsius
677 2947 835 3038 Perroni,
856 2956 1059 3043 recepturus
1076 2969 1097 3020 a
1114 2947 1206 3021 dicto
1219 2948 1370 3020 Perrono
1391 2944 1437 3019 de
1460 2947 1623 3042 predictis

215 3073 371 3146 omnibus
387 3094 459 3168 qne
473 3071 613 3146 dederis
623 3071 825 3168 apodixem.

258 3197 382 3270 Datum
399 3197 516 3272 Gelani
533 3195 741 3293 Capitinam,
760 3193 853 3270 XVII
871 3194 1003 3290 aprilis,
1024 3195 1100 3286 Χιιι
1115 3193 1326 3268 indictionis.

426 3446 492 3455 ——
899 3443 1417 3455 ——-——.---.—.—-—-—-

262 3667 485 3756 Mandatum
510 3670 560 3752 ad
581 3667 829 3779 justitiarium
851 3667 1002 3778 Aprutii
1021 3676 1065 3752 ut
1086 3666 1197 3779 juxta
1223 3671 1449 3754 mandatum
1473 3671 1622 3756 Hectori

216 3797 259 3882 dc
274 3800 550 3886 Montesuseulo
577 3826 648 3886 suo
671 3801 950 3911 praedecessori
980 3800 1144 3912 factum,
1165 3829 1272 3914 opus
1287 3807 1335 3888 de
1359 3804 1493 3890 formis
1515 3805 1622 3889 lucus

216 3929 339 4016 Fucini
361 3933 574 4045 purgandis
592 3943 631 4018 et
647 3933 860 4046 operiendis
878 3933 1059 4043 compleri
1077 3933 1205 4020 saciat.

288 4131 415 4216 (ιιιςιιι
430 4134 534 4217 imper.
549 4131 669 4196 Fredrr.
680 4134 721 4216 11,
732 4133 785 4197 ror
802 4144 858 4199 too
872 4151 975 4212 verso3
988 4136 1021 4197 tn
1035 4136 1108 4198 edit.
1123 4135 1247 4200 Carcun.
1251 4155 1304 4217 ,p.
1322 4136 1407 4220 tet.)

258 4311 303 4384 De
323 4313 495 4408 imperiali
515 4314 671 4390 mandato
690 4318 782 4408 [octo
799 4338 859 4410 per
878 4316 1077 4410 capistrum
1099 4318 1237 4390 Petrum
1262 4315 1302 4389 dc
1327 4319 1428 4390 Vinea
1443 4319 1557 4414 pert.
1580 4321 1620 4394 dc

215 4433 323 4510 Sancto
342 4439 504 4513 Germano
516 4441 604 4532 [octe
620 4449 698 4512 sunt
716 4441 854 4514 littere:

257 4559 473 4654 Frederious,
496 4572 580 4656 etc,
601 4565 641 4637 B.
662 4564 805 4646 Pissono
817 4561 1005 4659 justitiario
1021 4564 1176 4661 Aprutii,
1200 4573 1265 4642 etc.
1284 4564 1461 4641 decedens
1478 4567 1524 4641 ad
1542 4590 1620 4664 pre·

213 4683 350 4760 rentiam
365 4695 517 4762 nostram
531 4688 667 4778 Theoi,
683 4688 848 4784 magister
863 4691 978 4786 operis
992 4691 1103 4764 [acus
1117 4689 1251 4784 Fucini,
1268 4689 1382 4764 fidelis
1395 4700 1523 4784 noster,
1540 4713 1620 4789 pro·

214 4809 320 4902 posuit
336 4833 452 4894 eoram
467 4812 570 4888 uobis
589 4812 688 4910 quod
711 4834 792 4888 cum
814 4811 952 4890 dudum
974 4813 1021 4890 ad
1038 4814 1238 4912 petitionem
1263 4814 1444 4890 hominum
1469 4825 1620 4890 contrate

1704 1279 1779 1324 ῦιιιιιι

1680 1345 1712 1428 tr
1720 1365 1816 1441 ιριιιιι

1675 3694 1798 3806 cru
