4468 6010
548 664 608 726 rte
1045 662 1260 728 rurunutct
1284 663 1458 727 SECUNDI
1774 663 1858 742 [unu.
1876 663 1964 726 tuto.

546 808 719 897 quatenns
740 797 980 872 Lombardello
998 797 1153 895 predicto
1171 821 1234 897 pru
1256 823 1315 894 se,
1336 800 1478 874 duobus
1497 799 1654 874 scuteriis
1675 807 1711 872 et
1732 799 1843 874 tribus
1866 800 1966 895 equis

545 945 611 1021 pro
629 925 694 996 XX
711 921 836 996 diebus
852 921 958 1016 bnjus
975 923 1105 996 mensis
1121 925 1308 1014 februarii,
1328 925 1408 998 Xlll
1426 925 1645 1016 indictionis,
1665 932 1737 998 tres
1751 924 1874 999 uncias
1888 925 1965 998 auri

546 1047 592 1121 ud
610 1046 750 1142 pondos
774 1046 871 1120 curie
893 1067 959 1120 nec
982 1067 1051 1120 uon
1077 1048 1218 1122 cuilibet
1243 1048 1474 1144 predictorum
1493 1049 1718 1122 vaitectorum
1741 1055 1877 1121 tantum
1901 1069 1965 1144 pro

547 1171 678 1245 eisdem
701 1170 843 1259 diebus,
867 1170 958 1244 sicut
976 1171 1129 1268 recipere
1154 1172 1244 1245 soliti
1263 1182 1345 1245 sunt
1371 1173 1406 1245 in
1432 1173 1526 1246 curia
1555 1181 1687 1260 nostra,
1716 1180 1753 1244 et
1769 1171 1898 1246 Iacobo
1918 1169 1965 1246 de

546 1296 651 1368 lmota
681 1295 867 1369 ialconerio
892 1315 997 1390 quem
1023 1296 1197 1369 mictimus
1226 1319 1306 1370 cum
1333 1296 1467 1383 eisdem
1493 1317 1555 1392 pro
1580 1317 1639 1388 se,
1664 1316 1737 1368 nno
1757 1296 1906 1370 scuterio
1931 1303 1967 1368 et

546 1418 685 1494 duobus
701 1419 802 1514 equis
815 1439 879 1514 pro
895 1418 1059 1514 predictis
1072 1419 1197 1494 diebus
1210 1421 1331 1494 unciae
1344 1421 1434 1494 dnae
1446 1419 1495 1494 ad
1511 1419 1606 1494 idom
1620 1418 1759 1516 pondus
1775 1417 1962 1511 exhibeam

545 1567 587 1619 ac
601 1542 729 1620 deinde
744 1544 781 1614 in
798 1553 899 1617 antea
915 1541 1026 1616 donec
1044 1545 1080 1615 in
1098 1565 1205 1637 regno
1223 1565 1285 1640 pro
1300 1544 1425 1618 nostrie
1441 1543 1592 1618 servitiis
1610 1543 1756 1635 fuerint,
1772 1540 1965 1616 secundum

546 1669 689 1744 assisam
701 1668 797 1740 curie
809 1676 845 1740 et
859 1667 949 1740 sicut
961 1666 1037 1741 dari
1050 1667 1230 1741 consuevit
1244 1668 1280 1740 in
1295 1689 1416 1764 regno,
1434 1667 1482 1742 ad
1495 1667 1756 1763 requisitionem
1769 1665 1853 1740 dicti
1869 1667 1965 1738 rnn-

392 1785 402 1794 ’
546 1792 690 1866 bandelii
707 1801 742 1864 et
753 1813 816 1887 per
831 1811 956 1864 manus
969 1790 1127 1883 eiusdem
1142 1812 1205 1886 pro
1223 1791 1380 1886 quolibet
1393 1791 1640 1887 predictorum,
1658 1789 1824 1864 videlicet
1834 1809 1898 1885 pro
1910 1811 1962 1876 ee,

547 1916 686 1991 dnobus
701 1915 858 1988 scuteriis
878 1923 913 1987 et
932 1914 1044 1986 tribus
1059 1915 1173 2008 equis,
1192 1913 1285 1988 dicto
1305 1916 1434 1990 Iacobo
1453 1915 1499 1990 de
1518 1916 1625 1989 lmola
1640 1936 1704 2010 pro
1719 1935 1778 2004 ee,
1795 1935 1867 1988 uno
1886 1935 1966 1987 ecn-

547 2043 633 2115 teriu
654 2049 689 2114 et
702 2038 841 2114 duobus
857 2039 976 2134 equis,
993 2038 1150 2134 predicto
1169 2040 1320 2115 Berardu
1341 2040 1387 2114 de
1405 2039 1567 2113 Schultro
1582 2062 1645 2136 pro
1658 2061 1714 2130 ee,
1731 2039 1869 2114 duobus
1883 2059 1965 2112 scu·

548 2165 686 2238 teriieet
697 2164 806 2236 tribue
821 2163 921 2258 equis
937 2185 1049 2258 nsque
1061 2162 1107 2235 ad
1125 2164 1276 2237 reditum
1294 2173 1451 2238 nostrum
1465 2165 1503 2236 in
1518 2183 1678 2259 regnum,
1693 2185 1759 2238 nec
1772 2183 1842 2236 non
1854 2163 1966 2235 tribue

547 2288 707 2362 scuteriis
723 2287 1028 2382 marescalie·quos
1049 2307 1130 2358 cum
1149 2287 1295 2360 canibus
1313 2288 1531 2362 destinamus
1548 2309 1612 2384 pro
1627 2309 1666 2361 se
1681 2287 1844 2363 et'tribus
1862 2283 1965 2358 mulis

548 2435 590 2486 ac
603 2411 909 2485 ThomueioBruno
920 2409 1106 2483 salconerio
1120 2430 1183 2504 pro
1195 2431 1235 2483 ee
1247 2420 1282 2483 et
1297 2433 1367 2484 nno
1384 2433 1510 2508 equou
1528 2433 1648 2486 menso
1662 2411 1783 2485 marcii
1799 2411 1962 2497 inantea,

548 2537 631 2632 qnia
660 2557 721 2632 pro
752 2545 822 2610 toto
845 2555 964 2608 monee
992 2534 1157 2608 februarii
1186 2533 1232 2607 de
1255 2555 1392 2608 comere
1416 2537 1548 2610 solutus
1569 2546 1622 2610 est
1644 2537 1718 2632 ipse
1736 2533 1962 2620 Thomasiue‚

548 2661 741 2734 secundnm
757 2659 855 2755 quod
877 2659 980 2732 etiam
999 2657 1058 2732 fiet
1075 2659 1191 2732 auctio
1213 2660 1269 2732 vel
1288 2657 1473 2733 diminutio
1492 2681 1734 2757 personarum,
1755 2658 1874 2731 avium
1889 2655 1965 2728 sive

549 2806 689 2874 canum,
711 2783 756 2857 de
771 2783 921 2878 pecnnia
936 2783 1033 2856 curie
1050 2793 1166 2856 nosue
1183 2805 1253 2878 quo
1268 2795 1323 2858 eet
1338 2806 1400 2880 per
1417 2806 1542 2858 munus
1556 2793 1633 2858 tuae
1647 2803 1819 2880 expensas
1837 2779 1965 2854 debeas

548 2909 731 2996 exhibere3
755 2906 900 2981 daturus
919 2907 1112 2980 necessaria
1136 2929 1199 3004 pro
1217 2909 1345 2981 avibus
1367 2918 1402 2982 et
1420 2908 1564 2982 canibus
1588 2908 1714 2982 nostris
1731 2927 1820 3002 quoe
1848 2913 1966 2978 custo·

549 3032 666 3124 diunt,
686 3040 787 3129 prout
811 3030 903 3105 idem
921 3029 1181 3104 Lombardettue
1204 3054 1225 3105 a
1244 3040 1280 3106 te
1299 3032 1441 3105 duxerit
1465 3031 1692 3126 requirenda,
1710 3041 1745 3104 ot
1764 3037 1966 3126 recepturus

548 3157 651 3262 abeo
670 3155 714 3228 de
727 3153 889 3228 omnibns
904 3173 976 3249 que
991 3154 1082 3227 sicut
1098 3153 1229 3227 dictum
1243 3165 1297 3228 eet
1310 3155 1448 3230 dederis
1463 3153 1668 3252 apodixem.

596 3281 722 3352 Datum
739 3277 952 3370 Coconione,
971 3277 1019 3350 XI
1036 3278 1219 3371 februarii,
1239 3279 1316 3352 Xill
1335 3279 1544 3353 indictionis.

600 3858 821 3942 Mandatum
842 3860 892 3941 ud
913 3861 1090 3944 custodes
1117 3859 1252 3943 ueneni
1270 3884 1341 3969 pro
1358 3861 1471 3944 Petro
1488 3860 1628 3974 Magno
1644 3871 1683 3945 et
1700 3862 1858 3948 Alberte
1874 3864 1960 3948 Bu-

547 3990 618 4074 soli
641 3991 916 4076 mercatoribus
932 3992 1204 4078 Parmensibus
1222 3993 1271 4078 de
1287 3993 1449 4102 pecunie
1471 4018 1590 4103 quum
1607 4019 1781 4080 cumeum
1802 4005 1965 4080 mutuu-

546 4133 683 4207 uerunt
700 4123 930 4234 quietandis.

628 4323 755 4406 (cheat.
768 4325 872 4404 imper.
886 4320 1004 4386 diedo.
1020 4323 1060 4400 11,
1075 4323 1128 4388 iol.
1145 4333 1182 4387 ιο
1197 4341 1298 4402 vereo3
1313 4327 1345 4388 iu
1357 4325 1430 4388 edit.
1446 4323 1583 4406 Cum,
1597 4343 1626 4406 p.
1644 4326 1728 4409 ιιι.)

593 4494 678 4568 Item
696 4498 765 4570 acri
811 4500 817 4515 '
839 4523 851 4568 .·

593 4507 918 4712 Ἑεεάετίοιξεδῗειοη
939 4617 1072 4714 Angelo
1095 4618 1141 4692 de
1164 4618 1277 4694 biunna
1301 4629 1336 4696 ει
1356 4621 1544 4696 Eubanoni
1567 4621 1614 4696 de
1635 4623 1737 4698 Porta
1759 4625 1963 4702 custodibus

544 4743 646 4816 erarii
662 4743 698 4814 in
716 4754 828 4818 castro
844 4743 1034 4818 Salvatorie
1051 4743 1099 4818 ad
1117 4764 1231 4836 mare,
1250 4753 1316 4818 etc.
1337 4744 1429 4830 Quia
1445 4746 1567 4820 Petrus
1582 4748 1728 4843 Magnus
1748 4760 1784 4824 et
1800 4750 1964 4826 Aibertus
