4564 6038
665 865 885 968 INDEX
928 862 1516 974 DOCUMENTORUM

508 1083 612 1157 Quat
632 1081 674 1142 iti
695 1080 771 1139 HOC
796 1079 996 1139 voutiitiiiu
1019 1081 1266 1143 EXHIBENTUR
1288 1085 1373 1143 sitiit
1394 1086 1673 1145 uauoauiitua.

737 1359 1445 1400 ψ

408 1693 515 1773 125⁷
839 1679 1029 1752 Fn'dericua
1050 1683 1086 1751 ii
1108 1683 1329 1754 Romanorum
1348 1681 1739 1776 importunitatum

390 1801 528 1818 “““““
1142 1807 1173 1867 et
1192 1796 1329 1868 Siciliae
1348 1819 1438 1868 reat:

413 1957 509 2033 aiau.
613 1952 703 2030 Apud
779 1991 821 2004 -
838 1958 991 2020 Universia
1006 1963 1140 2021 muiariia
1153 1967 1184 2022 at
1199 1961 1368 2022 thaiouariis
1384 1963 1417 2022 in
1429 1960 1526 2039 styria
1538 1961 1705 2021 eonstitutia
1718 1975 1805 2020 mau-

596 2050 711 2112 Gratze.
820 2053 873 2115 dat
883 2061 919 2115 ut
935 2058 1093 2133 praepositi
1110 2056 1314 2118 Sarkoviensis
1327 2063 1357 2118 at
1370 2059 1508 2118 secludas
1522 2059 1586 2134 ejus
1598 2073 1646 2117 ras
1658 2056 1808 2132 deportari

820 2151 1461 2231 iiberaatsineuiiaexautiouaparmittant.
1693 2152 1804 2230 Pagai

415 2253 510 2329 aiau.
610 2244 701 2321 Apud
781 2277 822 2293 -
841 2247 983 2320 Aiheroni
1000 2249 1038 2309 da
1055 2249 1187 2310 Poihaim
1204 2251 1326 2310 mandat
1342 2256 1378 2310 ut
1396 2251 1560 2326 Rupartum
1579 2247 1617 2307 da
1631 2246 1708 2308 Eusa
1725 2263 1809 2308 uuer-

596 2343 716 2405 Graaza.
821 2351 887 2406 aaut
903 2345 942 2405 ad
963 2346 1158 2406 restituendos
1176 2346 1315 2406 adelasiae
1337 2347 1526 2408 Saakoviausi
1546 2359 1653 2406 causus
1674 2359 1749 2423 quoa
1770 2343 1810 2406 ab

821 2441 1360 2518 iataJamaduobusauuisaxtursit.
1791 2449 1810 2500 ²

403 2546 522 2622 januar.
616 2536 706 2614 Apud
783 2569 823 2582 -
843 2537 1147 2599 Universisiideiibus
1163 2539 1224 2598 suis
1240 2539 1362 2598 mandat
1380 2554 1419 2598 na
1437 2537 1664 2598 abbatissamat
1683 2551 1812 2597 uouvau·

572 2634 745 2694 Wiannam.
824 2639 889 2694 turu
899 2634 936 2694 da
946 2635 1014 2694 Eria
1027 2636 1058 2694 iu
1072 2635 1202 2711 antiquis
1212 2641 1242 2694 at
1255 2633 1424 2712 approbatis
1436 2649 1537 2694 aarum
1550 2633 1815 2694 uonsuatudiuibua

824 2731 980 2790 molestare
993 2736 1194 2806 praesumant.
1794 2738 1812 2789 2

407 2833 526 2907 januar.
618 2824 708 2902 Apud
786 2856 826 2870 -
845 2823 992 2886 Abbatam
1008 2825 1194 2886 deGutwieh
1212 2824 1379 2885 industria
1396 2841 1464 2886 cum
1478 2825 1656 2885 monastario
1674 2825 1739 2901 ejus
1759 2813 1815 2886 suh

575 2923 749 2984 wiennam.
825 2937 880 2982 aua
893 2927 924 2982 et
936 2923 1050 2998 imperii
1063 2924 1242 2998 protectione
1258 2924 1371 2998 recipit,
1388 2921 1532 2982 mundana
1545 2927 1581 2981 ut
1595 2921 1694 2980 nulius
1711 2921 1750 2980 ait
1762 2921 1815 2998 qui
1902 2995 1914 3012 x

826 3017 911 3077 iiiam
925 3019 957 3076 in
970 3017 1056 3078 bunis
1069 3024 1099 3078 at
1108 3017 1225 3095 juribus
1237 3018 1392 3078 molestare
1405 3022 1582 3093 praesumat.
1797 3025 1815 3076 ii

408 3121 526 3196 ianuar.
619 3112 709 3192 Apud
790 3143 827 3158 -
847 3112 1031 3174 conventum
1045 3115 1082 3175 de
1099 3114 1248 3174 Lambaah
1262 3130 1331 3175 cum
1344 3115 1430 3174 bonis
1446 3119 1476 3173 at
1486 3113 1605 3190 juribus
1624 3129 1701 3190 quaa
1716 3119 1817 3176 teuent

582 3211 740 3272 Viennam.
826 3214 880 3268 aut
888 3211 971 3285 iusto
983 3210 1071 3270 tituto
1084 3210 1208 3286 adipisci
1222 3216 1377 3286 potarunt,
1392 3209 1448 3270 sub
1459 3226 1514 3270 sua
1528 3215 1559 3269 at
1572 3210 1687 3286 imparii
1700 3215 1815 3286 protae-

828 3305 1035 3381 tionaraaipit.
1797 3314 1817 3366 ⁴

415 3414 453 3467 ti
463 3407 524 3484 Jan.
621 3401 710 3478 Apud
791 3429 830 3444 -
850 3400 973 3460 Mandat
984 3403 1119 3462 mutariia
1131 3403 1192 3462 suis
1209 3403 1289 3478 apud
1303 3401 1475 3462 Danubium
1493 3401 1660 3461 constitutis
1675 3404 1711 3460 ut
1728 3399 1817 3460 libar-

586 3498 743 3560 Vieuuam.
829 3502 922 3556 tatem
934 3513 953 3556 a
967 3497 1156 3574 vectigalibus
1170 3499 1233 3557 vini
1246 3505 1276 3559 et
1289 3498 1462 3559 victualium
1475 3499 1654 3558 monastario
1667 3497 1704 3557 de
1715 3495 1817 3559 Aidar·

830 3595 923 3672 apaeh
941 3611 961 3655 a
979 3596 1055 3656 duca
1071 3596 1220 3674 Laupoido
1241 3596 1401 3670 indultam,
1421 3600 1511 3674 juxta
1529 3596 1654 3656 formam
1673 3597 1819 3674 privilegii

831 3699 1017 3754 tonsarvant.
1800 3701 1817 3754 t

415 3792 530 3869 iujau.
623 3783 714 3861 Apud
792 3821 832 3836 -
850 3789 995 3850 Abbatam
1009 3795 1039 3850 st
1052 3789 1736 3852 conventumSanetaeMariaaiuseitaustattan
1749 3805 1820 3851 aum

571 3881 744 3943 Wiauuam.
832 3886 918 3946 bouis
935 3902 1011 3963 quaa
1026 3889 1106 3964 justa
1120 3893 1223 3948 tenant
1237 3893 1290 3948 aut
1302 3887 1433 3947 obtinere
1445 3891 1594 3963 potarunt,
1610 3887 1666 3946 sub
1683 3903 1737 3947 sua
1751 3903 1819 3964 spe-

832 3983 1217 4060 ciaiiprateuiioneruuipit.
1800 3993 1818 4045 ti

412 4081 530 4155 ianuar.
588 4075 746 4137 Wieuuaa.
792 4108 833 4124 -
851 4077 900 4138 Ad
910 4080 1151 4155 supplicationem
1162 4077 1268 4156 Egioiii
1277 4079 1392 4139 abbatis
1404 4080 1572 4138 monasterii
1583 4077 1707 4140 Sanctae
1719 4079 1821 4142 Grauis

833 4174 864 4231 iu
877 4173 1011 4246 dustria,
1027 4174 1163 4233 eumdem
1181 4180 1360 4234 conventum
1378 4181 1408 4234 at
1420 4174 1498 4234 bonu
1516 4177 1581 4251 ejus
1594 4177 1624 4234 iu
1641 4177 1820 4250 protactiaua

834 4285 888 4328 aua
911 4271 1050 4350 suscipit,
1072 4271 1330 4347 immunitatesqua
1357 4270 1426 4330 huie
1452 4271 1629 4330 monastario
1649 4275 1771 4330 renovat
1790 4277 1821 4332 at

834 4363 1000 4426 confirmat.
1802 4375 1819 4425 i

414 4459 542 4524 februar.
626 4461 716 4540 Apud
794 4493 835 4507 -
854 4462 1006 4524 Universis
1025 4463 1139 4540 imperii
1158 4462 1296 4524 fidelibus
1315 4461 1439 4523 mundat
1455 4479 1494 4522 na
1512 4467 1616 4523 eontra
1632 4463 1821 4542 privilegium

587 4557 758 4621 Wiauuam.
835 4559 917 4636 quod
930 4561 1106 4620 monastario
1123 4559 1247 4621 Sanctae
1267 4559 1368 4620 Crucis
1385 4559 1423 4619 da
1436 4558 1527 4619 libero
1539 4558 1689 4620 conductu
1705 4561 1821 4622 victua-

836 4653 1155 4732 iiumipsacouueasit‚
1171 4657 1484 4732 venirapraesumaut.
1748 4665 1822 4719 9-10

414 4749 541 4812 iairruar.
599 4815 601 4818 ,
628 4749 719 4828 Apud
797 4781 837 4797 -
856 4751 905 4812 Ad
918 4753 1160 4830 supplicationem
1178 4755 1309 4831 magistri
1326 4753 1407 4813 Patri
1418 4751 1456 4810 da
1473 4749 1580 4812 Sancto
1594 4749 1741 4812 Germano
1759 4769 1824 4814 ma·

591 4846 749 4909 Viauuam.
836 4863 912 4926 guae
928 4851 1027 4910 euriae
1043 4866 1114 4910 suae
1127 4849 1251 4928 judicis,
1266 4849 1452 4928 privilegium
1467 4847 1642 4909 aLauduiio
1656 4848 1825 4913 cuunensa

489 4948 528 5012 V.
549 4963 636 5012 rma.
1608 4961 1665 5015 156
