4564 6038
556 640 635 701 1154
1049 641 1264 703 rntoaalct
1288 641 1462 704 sucullm
1772 639 1852 723 [sm.
1872 641 1961 704 1241.

552 783 685 848 tantum
702 771 858 846 homines
873 773 1020 846 rebelles
1037 773 1107 848 imo
1127 775 1292 851 demones
1307 775 1530 851 adversantes
1545 772 1788 866 reformidant,
1805 775 1966 850 alaeritm

553 895 788 971 destinabunt.
910 965 915 974 ,

601 1022 727 1093 Datum
749 1019 787 1090 in
804 1039 941 1094 reoessu
963 1028 1040 1114 post
1056 1018 1266 1097 deditionem
1287 1031 1321 1098 et
1343 1021 1644 1118 depopulationem
1662 1022 1844 1115 Fauentia,
1864 1022 1965 1096 tatio

553 1143 611 1218 die
620 1143 698 1236 julii
713 1139 778 1237 (l).

603 1264 706 1364 [llario
719 1265 879 1362 epistolae
894 1265 1013 1360 adjicit
1026 1267 1213 1341 lllottlaoeoa
1227 1269 1382 1342 Pora'aioa
1398 1289 1483 1363 patae
1499 1265 1719 1368 aequantem]

601 1390 674 1462 Sub
691 1390 815 1464 harum
831 1398 949 1464 tenore
965 1391 1153 1466 litterarum
1169 1393 1307 1488 soripsit
1320 1392 1484 1466 dominus
1497 1394 1701 1488 imperator,
1721 1390 1862 1464 mumtis
1881 1400 1965 1464 tan-

552 1522 627 1585 tum
648 1513 757 1586 titulis
782 1523 817 1587 et
838 1515 1024 1588 verborum
1043 1538 1122 1590 raro
1146 1537 1323 1604 sermone,
1347 1517 1560 1612 reipublicae
1583 1515 1728 1589 sedulus
1749 1523 1962 1610 procurator.

552 1635 795 1710 Verumtamen
811 1658 929 1732 rogem
951 1638 1160 1713 Franoorum
1177 1640 1228 1714 sie
1246 1639 1399 1714 scribens
1416 1640 1603 1714 eommovit
1622 1639 1863 1713 vehementius
1885 1663 1895 1708 ι
1915 1637 1966 1710 ait

553 1780 646 1832 annm
663 1785 673 1830 ε

605 1881 863 1956 «nominamur
883 1905 989 1980 snper
1012 1885 1221 1959 Francorum
1238 1884 1422 1982 prudentia
1445 1885 1543 1981 qnod
1565 1907 1634 1959 non
1658 1885 1820 1958 subtilius
1841 1884 1966 1958 oensis

553 2006 694 2102 papales
710 2007 852 2080 astutias
869 2007 1093 2082 oonsideratis
1105 2011 1164 2082 vel
1180 2031 1250 2084 non
1264 2009 1439 2085 attenditis
1452 2009 1680 2106 eupiditatea;
1696 2007 1855 2104 proponit
1870 2008 1966 2080 enim

554 2131 664 2226 ipsius
679 2131 821 2204 ambitio
835 2132 1041 2206 insatiabilis
1055 2133 1173 2206 omnia
1185 2131 1340 2208 fidelium
1358 2155 1465 2229 regna
1482 2153 1548 2207 suo
1563 2131 1735 2226 subjicere
1749 2129 1962 2222 dominatui,

554 2251 600 2327 ab
617 2251 809 2348 Anglorum
831 2257 1032 2330 ooneuleata
1045 2277 1172 2330 oorona
1191 2277 1333 2330 mmens
1354 2256 1598 2352 exemplariter
1615 2253 1916 2348 consequentiam
1929 2260 1967 2324 et

554 2386 594 2448 ut
609 2377 745 2451 eulmen
763 2379 897 2474 imperii
912 2381 986 2453 suis
1003 2380 1146 2454 inclinet
1163 2381 1333 2467 motibus,
1349 2402 1435 2454 ausa
1446 2389 1498 2454 est
1515 2389 1779 2477 presumptuose
1792 2392 1918 2452 oonatu
1930 2385 1968 2450 et

554 2519 642 2574 ausu
659 2503 840 2578 temerario
852 2504 1047 2599 protervius
1062 2504 1207 2578 inhiare.
1224 2529 1242 2575 a

775 2797 1016 2809 ——n---o-au—-o-
1022 2801 1236 2811 m---n—-n
1244 2803 1274 2810 -ι-
1280 2800 1737 2812 anu—*m

475 3150 482 3168 ,
608 3059 840 3172 fridericus,
861 3063 1121 3148 Romanorum
1139 3063 1521 3176 impersonationis
1538 3062 1674 3148 iterato
1692 3061 1876 3146 mandato
1894 3059 1966 3142 in-

553 3194 682 3305 jungit
699 3205 742 3278 nt
760 3195 938 3280 oomitem
957 3197 1150 3282 Andream
1169 3199 1362 3309 Lupinum
1388 3199 1430 3282 in
1448 3196 1628 3284 manibus
1644 3195 1839 3296 Bartholdi
1856 3193 1968 3278 duda

556 3325 697 3436 Spoleti
716 3326 777 3438 (2)
797 3327 1005 3439 assignent.

638 3541 763 3620 (lnedlt.
778 3546 810 3604 ln
822 3540 883 3606 rod
900 3543 1041 3626 Popniot,
1054 3549 1078 3604 4.
1095 3543 1150 3620 Ν,
1164 3543 1216 3606 iol.
1234 3553 1283 3624 44,
1299 3557 1348 3622 ap.
1364 3541 1446 3606 areh-
1462 3543 1594 3606 Florent.
1610 3541 1705 3622 Super
1717 3543 1774 3604 lato
1787 3541 1966 3603 documento

635 3641 638 3650 “
669 3649 848 3726 440ρί0440]
858 3652 997 3713 notltlam
1007 3649 1120 3712 trustra
1133 3647 1379 3730 dlsquldvlmus.)

594 3885 632 3961 (4)
651 3885 728 3946 Haud
747 3887 853 3947 laeilius
870 3888 968 3964 aliquis
982 3887 1109 3964 detegere
1125 3888 1227 3964 poterit
1245 3903 1301 3965 qua
1317 3901 1402 3947 eausa
1422 3887 1567 3963 imperator
1588 3886 1661 3945 eirea
1677 3889 1768 3960 pertas
1787 3883 1968 3942 luteramniao

558 3989 622 4044 tuno
642 3999 813 4046 commorans
834 3986 881 4046 tali
894 3986 1032 4046 involuoro
1048 3988 1142 4046 sedam
1162 4002 1239 4046 suam
1255 3985 1424 4059 palliaverit,
1444 3985 1499 4044 nisi
1512 3991 1605 4046 umen
1621 3986 1650 4042 iu
1663 3984 1713 4044 huo
1732 3981 1873 4042 pensione
1893 3981 1967 4056 apud

557 4083 714 4144 christianos
724 4099 802 4158 reges
810 4083 918 4158 gloriari
928 4099 991 4143 aum
1000 4084 1128 4160 puduerit
1136 4084 1209 4160 quod
1219 4075 1303 4142 urbes
1312 4083 1421 4142 ditionis
1429 4082 1583 4158 pontilleiaa
1593 4083 1758 4144 davmtarat.
1767 4079 1808 4138 Cl.
1817 4079 1965 4148 domn.

556 4179 714 4255 aonam.
729 4183 792 4253 490,
806 4191 839 4238 n⁰
850 4185 932 4240 4043.

593 4275 630 4351 (2)
648 4275 788 4347 Quomodo
799 4277 959 4336 Bartholdns
970 4276 1048 4336 tratri
1062 4291 1113 4337 sno
1125 4275 1266 4352 Raynaldo
1282 4277 1310 4334 in
1321 4239 1422 4335 duoafu
1434 4275 1606 4348 manasserii,
1619 4273 1773 4348 diutinaque
1784 4270 1847 4331 exul
1860 4275 1889 4330 ot
1901 4284 1967 4344 pro·

556 4371 637 4446 inguar
658 4373 686 4430 in
702 4371 814 4446 gratiam
827 4371 996 4446 imperatoris
1008 4372 1132 4445 radiarit,
1148 4387 1197 4431 nos
1215 4371 1324 4430 omnino
1335 4369 1413 4446 legit.
1427 4371 1555 4430 Tpatrnta
1569 4375 1660 4428 amau
1673 4367 1805 4427 Riooardo
1821 4367 1856 4424 de
1869 4365 1968 4424 sanato

556 4468 690 4528 Germano
704 4469 884 4544 comperimus
898 4469 970 4528 huno
982 4469 1155 4528 Banioldum
1173 4485 1244 4528 aono
1262 4469 1344 4542 4444,
1357 4484 1451 4528 mense
1467 4467 1551 4541 maio,
1564 4467 1649 4541 oopiis
1662 4465 1790 4526 Friderioi
1803 4463 1968 4538 praelectum

556 4566 650 4636 tussa,
662 4573 690 4625 at
703 4566 741 4624 ita
754 4573 818 4624 sunt
830 4566 913 4625 vorba
927 4585 936 4623 ε
950 4587 964 4622 r
979 4569 1038 4624 Dux
1051 4566 1151 4640 Spoleti
1167 4581 1216 4642 pro
1233 4571 1309 4640 parte
1325 4565 1495 4640 imperatoris
1512 4581 1596 4640 super
1610 4565 1740 4624 Narniam
1754 4563 1829 4622 radit
1844 4567 1968 4634 olquam

555 4669 645 4738 potest
657 4662 722 4722 iacit
734 4664 762 4721 in
776 4663 952 4723 exterioribus
965 4663 1131 4722 aestimem.
1149 4687 1162 4714 s
1177 4663 1229 4738 Ap.
1240 4663 1398 4736 iturarum,
1408 4663 1558 4738 Soriptor.,
1572 4667 1591 4719 t.
1608 4661 1666 4734 vll,
1680 4677 1708 4734 p.
1722 4662 1802 4718 4040.
1812 4657 1967 4718 Dolndrsa

557 4759 670 4835 Lupino,
683 4759 718 4821 ol.
730 4761 805 4822 nor.
816 4759 943 4837 diplom,
956 4767 977 4819 t.
985 4761 1008 4832 l,
1020 4778 1049 4836 p.
1060 4763 1124 4834 746,
1135 4765 1164 4818 et
1172 4765 1195 4818 t.
1206 4761 1241 4832 11,
1255 4775 1285 4834 p.
1299 4763 1362 4834 044,
1373 4765 1430 4818 not.
1442 4763 1470 4819 4.
