4374 6010
214 671 315 732 lucror.
334 667 394 752 ld]
662 666 862 728 HISTORIA
887 667 1181 732 prouocantes.
1572 667 1635 731 905

137 883 140 890 ,
214 803 479 882 venditionibus
501 822 565 876 seu
582 801 812 876 locationibus
833 803 1142 892 camerariatnnm,
1164 803 1415 898 bajulationum
1435 803 1634 876 stallorum

216 931 410 1007 officiorum
430 948 522 1000 anno
535 925 686 1022 presenti
704 927 811 1016 lacta,
828 935 941 1022 preter
957 929 1141 1024 pecuniam
1161 929 1191 1001 si
1212 950 1318 1024 quam
1340 925 1449 1000 habes
1470 948 1577 1022 quam
1599 935 1634 1000 te

217 1055 396 1150 assignare
408 1051 572 1126 volumus
584 1071 721 1124 camere
734 1059 863 1142 nostre,
886 1050 1055 1125 lliccardo
1069 1052 1267 1126 dePolcaro
1289 1049 1385 1124 fideli
1404 1059 1522 1124 nostro
1545 1049 1633 1124 assi·

216 1199 317 1270 gneo,
332 1176 506 1272 recipiens
526 1175 572 1248 ab
587 1195 630 1247 eo
645 1173 773 1246 exinde
794 1173 994 1270 apodixam.
1011 1176 1082 1249 Nos
1106 1177 1200 1249 anim
1216 1175 1282 1248 sibi
1302 1173 1463 1247 dedimus
1480 1173 1516 1246 in
1536 1195 1634 1246 man·

219 1300 309 1374 datis
320 1309 360 1372 nt
373 1322 395 1372 a
409 1299 521 1394 primo
534 1296 686 1394 preteriti
700 1297 828 1371 mensis
844 1299 1048 1394 septembris
1065 1299 1170 1392 hujus
1185 1299 1262 1372 Xlll
1279 1298 1477 1372 indictionis
1492 1299 1537 1371 ab
1552 1299 1634 1372 offi-
1673 1341 1678 1354 ·

217 1424 362 1496 cialibus
384 1425 421 1494 in
438 1421 523 1516 ipsis
547 1419 704 1518 partibus
722 1441 785 1516 par
806 1430 842 1494 te
865 1422 1002 1495 statutis
1024 1444 1088 1518 pro
1111 1431 1208 1518 parte
1230 1422 1325 1495 curio
1352 1430 1468 1495 nostro
1491 1423 1634 1518 recipiat

218 1547 404 1638 rationem,
419 1553 454 1618 et
467 1545 555 1640 quia
572 1544 724 1640 quedam
746 1543 793 1619 de
809 1545 974 1641 predictis
990 1547 1114 1639 rebus,
1139 1547 1295 1621 nondum
1310 1555 1448 1642 recepto
1468 1546 1633 1622 mandato

219 1679 348 1756 nostro,
363 1669 431 1742 sibi
447 1678 486 1742 ot
501 1669 625 1742 assem
640 1668 836 1762 assignasti,
850 1669 1047 1743 celsitudini
1068 1679 1183 1744 nostre
1197 1672 1322 1767 placat.

265 1795 391 1866 Datum
407 1793 564 1884 Lucerie,
581 1792 659 1865 XVl
679 1793 816 1887 aprelis,
834 1792 913 1864 Xlll
931 1793 1143 1867 indictionis.

266 1916 411 2011 Scripsit
429 1913 523 1989 idem
543 1915 711 1988 ltiocardo
723 1914 880 2010 predicto
900 1915 996 2010 quod
1011 1917 1166 2011 recipiat.

1086 2243 1421 2254 “moa——

270 2527 495 2612 Mandatum
513 2525 563 2609 ad
581 2525 863 2634 Alexandrum,
882 2526 1007 2609 filium
1024 2527 1195 2636 chrici,
1215 2531 1264 2614 de
1292 2531 1466 2641 expensis
1492 2545 1531 2620 et
1555 2561 1633 2620 ne-

219 2657 390 2740 cessariis
408 2657 546 2739 dandis
562 2657 773 2766 tappetario
791 2667 828 2738 et
845 2657 1167 2743 tamasiatoribus.

301 2883 431 2965 (ltcpest.
442 2883 548 2964 imper.
561 2880 679 2945 diodor.
694 2883 739 2958 11,
754 2883 807 2946 lot.
821 2891 859 2946 aa
874 2901 975 2962 verso;
990 2889 1022 2946 ln
1037 2887 1109 2948 sdtt.
1125 2887 1262 2966 Curcum,
1275 2907 1306 2968 p.
1321 2892 1405 2972 aaa.)

263 3079 349 3148 item
364 3075 405 3148 dc
417 3073 589 3168 imperiali
607 3072 766 3145 mundato
785 3076 875 3166 scoto
888 3096 952 3167 pcc
969 3074 1139 3148 domicum
1152 3077 1334 3152 iohannem
1350 3081 1479 3156 dimum
1498 3087 1634 3182 scripsit

218 3201 415 3272 Laurentius
433 3226 445 3270 .·

264 3321 483 3412 Fredaricns,
510 3328 595 3410 ctu,
621 3317 826 3394 Alexandro
851 3317 922 3394 filio
948 3322 1104 3413 Raurici,
1130 3333 1197 3398 etc.
1225 3327 1432 3404 blandamus
1455 3342 1490 3408 ct
1514 3336 1634 3431 preci-

220 3444 333 3540 pimus
353 3443 512 3517 fidelitati
534 3452 592 3516 tue
610 3452 784 3539 quatenns
804 3445 969 3538 magistro
990 3448 1173 3523 Wicoardo
1192 3455 1385 3547 tappcta'rio
1406 3479 1470 3552 pro
1488 3481 1543 3552 se,
1562 3483 1634 3536 uno

220 3587 309 3661 equo
331 3575 371 3646 et¹
388 3585 459 3638 uno
477 3565 626 3640 scutario
647 3575 683 3640 et
702 3565 843 3640 duobus
863 3567 1057 3664 discipulis,
1076 3575 1241 3665 magistro
1259 3577 1405 3652 iohanni
1427 3585 1634 3660 tamasiatori

221 3711 280 3784 pro
296 3710 356 3778 se,
374 3709 486 3765 uxore
499 3699 535 3762 et
550 3710 622 3764 unc
637 3689 811 3782 scutario,
832 3691 997 3786 magistro
1015 3694 1122 3768 Greoo
1137 3699 1345 3774 tarrasiatori
1365 3723 1427 3797 pro
1451 3725 1490 3778 ee
1510 3714 1545 3779 et
1563 3728 1635 3782 nno

222 3815 383 3886 servitore
407 3822 443 3886 et
466 3812 614 3886 Abdalla
636 3834 741 3887 servo
765 3822 886 3888 nostro
906 3817 1113 3892 tarrasiatori
1137 3841 1200 3915 pro
1222 3843 1260 3896 ss
1285 3832 1438 3920 tantum,
1461 3849 1636 3925 expensas

219 3935 316 4028 juxta
334 3937 479 4010 assisam
499 3937 596 4010 curie
618 3946 733 4011 nostre
753 3937 799 4012 de
822 3940 1059 4037 pecuniaque
1079 3951 1131 4016 ost
1148 3966 1210 4038 pcr
1231 3967 1356 4022 manus
1375 3960 1453 4024 tuas
1471 3961 1506 4024 et
1524 3963 1635 4028 catara

222 4060 411 4134 necessaria
432 4060 479 4133 ad
494 4059 652 4142 iacienda
675 4061 817 4135 servitia
833 4071 967 4154 nostra,
993 4087 1058 4161 pro
1082 4067 1213 4162 quibus
1234 4091 1406 4166 expensus
1428 4077 1521 4169 ipsas
1545 4077 1635 4150 roci·
1754 4055 1757 4064 ⁴

222 4183 333 4278 piunt,
353 4183 400 4257 de
415 4191 529 4258 cataro
551 4185 680 4260 debeas
701 4185 887 4280 exbibem5
907 4191 1110 4284 provisurus
1130 4201 1169 4265 nt
1189 4194 1345 4270 laborent
1364 4198 1527 4272 continue
1544 4209 1579 4273 et
1598 4201 1635 4273 in

221 4307 269 4380 eis
290 4309 508 4404 aliquatenus
528 4331 598 4382 non
628 4310 861 4386 admiotantur
884 4335 1041 4410 expensa
1065 4339 1130 4391 nec
1152 4329 1318 4414 cogantur
1342 4343 1404 4417 por
1431 4330 1466 4396 tc
1489 4322 1636 4418 proinde

222 4452 279 4526 per
295 4431 457 4530 Apuliam
475 4433 645 4508 laborare.

266 4557 390 4631 Datum
407 4555 564 4652 Luceria,
585 4557 662 4634 XVI
676 4559 818 4657 aprelis,
837 4561 914 4634 Xlll
932 4561 1142 4638 indictionis.
