4564 6038
274 701 459 784 16616611]
732 699 930 762 HISTORIA
956 699 1251 763 niriottarics.
1621 701 1699 765 1163

275 837 432 928 auditor,
453 857 575 910 secure
588 837 659 928 jam
677 843 756 930 peto
781 846 820 908 nt
842 858 923 910 cum
947 859 1052 910 causa
1072 858 1141 932 qne
1160 836 1197 906 in
1222 855 1370 929 regnum
1388 833 1571 929 bucusque
1586 847 1700 912 vestro

276 961 471 1035 screnitatis
490 960 632 1032 viriiiter
659 959 842 1056 impedivit
868 961 1077 1051 adventum,
1106 959 1226 1033 divina
1248 959 1359 1051 gratia
1379 969 1602 1054 prosperante
1626 963 1699 1053 J'anr

278 1095 409 1171 cesset,
436 1083 482 1156 ad
500 1082 689 1156 recreanda
713 1085 818 1157 corda
837 1093 1030 1158 vestrorum
1052 1082 1207 1156 fidelium
1227 1082 1370 1155 istarum
1394 1084 1543 1176 partium
1562 1089 1698 1158 sereni-

280 1209 360 1281 tatis
385 1219 499 1280 vestre
526 1207 670 1296 taciem,
696 1227 803 1301 quam
829 1208 992 1282 universa
1019 1217 1108 1280 terra
1132 1204 1322 1295 desiderat,
1347 1206 1507 1279 felicibus
1534 1209 1697 1303 auspiciis

280 1331 501 1405 convertatis.

332 1891 565 2001 Fridericus‚
589 1892 852 1977 Romanorum
874 1894 1094 2002 imperator,
1120 1895 1307 1978 Masnerio
1329 1895 1377 1976 de
1403 1894 1533 2004 Burgo
1564 1905 1696 2004 potes-
1767 1930 1848 2025 appe

279 2027 348 2110 teti
369 2026 577 2110 Cumarum
596 2028 814 2136 respondet,
833 2027 922 2109 lieet
938 2027 986 2109 de
1004 2027 1231 2134 proprietate
1243 2027 1433 2111 bonorum
1451 2027 1695 2112 ecclesiarum
1781 2091 1811 2122 ‚u
1873 2053 1888 2124 ς

280 2185 326 2242 66
346 2159 584 2268 proditorum
613 2169 651 2242 et
672 2159 872 2242 rebellium
905 2159 1137 2268 quibusdam
1164 2160 1326 2269 gretiam
1355 2160 1505 2264 fecerit,
1535 2188 1576 2244 se
1598 2163 1695 2253 nibil

279 2293 403 2376 eidem
420 2293 616 2376 communi
634 2294 682 2375 de
699 2292 947 2402 proventibus
965 2293 1188 2375 eorumdem
1206 2292 1398 2376 bonorum
1415 2295 1564 2382 detrahi
1577 2295 1693 2402 velle;

278 2425 430 2534 aliaque
463 2427 643 2534 mandat,
670 2451 896 2534 prosperum
929 2435 1072 2510 statum
1100 2451 1215 2509 suum
1242 2426 1282 2508 in
1308 2425 1490 2510 Romanis
1522 2428 1695 2536 partibus

277 2558 511 2671 significans.

358 2773 483 2855 (Inedlt.
499 2790 549 2853 ap.
574 2773 687 2836 archiv.
709 2789 818 2836 comm.
842 2771 976 2849 Cumas„
996 2773 1080 2836 111).1
1097 2779 1185 2835 octor.
1201 2773 1401 2850 Mcocm.‚ex
1422 2777 1522 2853 regist.
1545 2792 1692 2860 pergam,

401 2881 454 2944 161.
471 2889 619 2960 6616166,
636 2887 674 2941 to
692 2885 784 2943 recto.
797 2878 924 2941 Mendes
936 2880 1171 2960 ucnscrtpdonis
1184 2879 1355 2944 manifestas
1365 2880 1407 2944 ibi
1418 2883 1626 2963 correximus.)

324 3067 544 3161 l'rederious‚
564 3067 627 3141 Dei
647 3067 757 3163 gratia
781 3067 1013 3141 Romanorum
1030 3067 1216 3163 imperator
1240 3089 1378 3163 semper
1395 3080 1581 3164 augustus,
1600 3072 1693 3144 lern-

276 3192 384 3269 ealem
406 3201 441 3266 et
462 3191 579 3266 Sicilie
598 3213 683 3282 rex,
706 3190 879 3266 llasnerio
903 3189 949 3264 de
972 3191 1090 3283 Burgo
1116 3191 1273 3286 potestati
1299 3193 1486 3265 Cumarum
1508 3203 1544 3266 61
1563 3195 1693 3268 circum

277 3317 511 3412 adjacentium
522 3316 691 3414 partium,
705 3314 794 3388 sacri
809 3314 944 3410 imperii
956 3315 1138 3410 capitaneo
1156 3315 1324 3409 generali,
1342 3315 1437 3389 fideli
1450 3338 1528 3408 suo,
1547 3319 1694 3412 gratiam

275 3461 376 3516 snam
392 3451 427 3514 et
439 3441 567 3514 bonam
583 3439 811 3531 voluntatem.
831 3436 1020 3512 Fidelitatis
1036 3449 1096 3512 tue
1111 3439 1242 3513 litteras
1257 3440 1355 3513 solita
1370 3440 1584 3534 benignitate
1598 3463 1695 3516 rece-

275 3566 392 3664 pimus
409 3575 444 3640 et
459 3566 614 3662 ipsarum
630 3562 875 3636 continentiam
891 3562 1127 3636 intelleximus
1143 3561 1340 3657 diligenter,
1360 3575 1460 3637 tuum
1482 3564 1635 3639 studium
1658 3567 1695 3639 in

276 3691 402 3766 nostris
415 3688 564 3764 servitiis
577 3686 872 3760 commendantes.
892 3685 995 3772 Quod
1014 3695 1131 3760 autem
1152 3685 1355 3781 significasti
1372 3688 1473 3762 nobis
1493 3711 1556 3785 per
1575 3711 1635 3764 eas
1650 3693 1696 3767 de

277 3815 376 3888 bonis
389 3811 614 3886 ecclesiarum
631 3820 667 3886 et
685 3811 902 3907 proditorum
916 3831 957 3883 66
970 3810 1151 3884 rebellium
1169 3819 1365 3885 nostrorum
1383 3812 1695 3889 Mediolanensium

278 3938 449 4011 concessis
467 3937 561 4012 dicto
578 3937 753 4010 communi
768 3935 971 4024 Cumarum,
997 3957 1068 4007 non
1091 3935 1275 4009 recolimus
1289 3957 1353 4009 nec
1370 3947 1487 4010 666116
1507 3939 1696 4012 voluntatis

279 4063 395 4136 existit
409 4061 506 4156 qnod
521 4059 568 4135 de
585 4061 688 4134 benis
701 4061 788 4156 ipsis
810 4059 847 4132 in
867 4058 1090 4156 dispendium
1108 4069 1144 4132 et
1165 4082 1355 4154 gravamen
1377 4061 1487 4155 ipsius
1502 4063 1696 4136 communis

278 4185 380 4258 alicui
398 4186 582 4258 fecerimus
596 4185 762 4278 gratiam,
780 4183 948 4255 sicuttibi
965 4182 1100 4278 pridem
1118 4205 1180 4280 per
1197 4184 1281 4258 alias
1299 4184 1429 4258 11116166
1443 4194 1577 4258 6661166
1592 4187 1697 4282 scrip·

277 4310 364 4384 sisse
380 4310 620 4401 meminimus3
640 4309 716 4382 etsi
733 4307 807 4380 fieri
821 4308 967 4402 31611616
983 4309 1019 4380 16
1039 4309 1245 4404 proprietate
1262 4309 1488 4401 contingerit,
1513 4331 1696 4383 commone

277 4433 392 4529 ipsum
410 4456 432 4507 a
449 4431 685 4530 percipiendis
698 4432 926 4528 proventibus
938 4433 1039 4524 jnxtu
1058 4433 1315 4506 concessionem
1328 4433 1545 4526 prehabitam
1560 4455 1698 4508 cessare

278 4558 440 4630 nolumus
455 4559 654 4644 volcarum,
673 4577 753 4628 cum
768 4554 1011 4649 aspecialibns
1022 4555 1176 4649 personis
1191 4555 1331 4628 obtenta
1348 4557 1395 4628 ob
1409 4555 1571 4628 intuitum
1588 4557 1696 4630 devo-

277 4681 382 4755 tionis
390 4703 510 4754 aarum
519 4689 554 4753 61
565 4680 612 4754 ob
623 4679 812 4776 specialem
821 4676 926 4751 iidem
934 4678 1119 4751 Cumarum
1130 4680 1450 4753 communisnostra
1461 4681 1698 4756 munificentia

277 4806 429 4882 liberalis
453 4807 504 4880 eis
531 4805 694 4902 prodesse
729 4803 915 4902 deputetur
940 4803 988 4878 ad
1018 4805 1196 4901 proprium
1224 4815 1259 4878 61
1283 4807 1388 4879 etiam
1416 4808 1593 4880 communi
1629 4809 1697 4905 ipsi
