4358 5996
500 555 589 638 rore¹
996 547 1212 610 rnrnrnrcr
1236 549 1410 615 sscunor
1722 553 1806 638 [sss.
1829 554 1929 617 rste.

498 689 604 764 nostri
618 686 752 776 delitie,
768 683 864 756 nulla
876 681 993 777 quies,
1013 703 1077 755 nec
1099 683 1216 779 eliqua
1236 695 1397 782 poterunt
1411 706 1476 760 nos
1492 686 1613 760 solatio
1630 686 1808 777 detinere,
1831 689 1929 784 quin
2166 767 2167 776 ,

498 811 669 908 expeditis
683 810 719 880 in
737 828 843 902 regno
856 828 935 878 cum
950 807 1141 881 constantin
1157 817 1191 881 st
1207 811 1382 884 anxietate
1399 811 1534 904 magnis
1550 811 1717 906 negociis,
1733 834 1807 908 que
1821 821 1930 886 tauto

498 932 719 1031 expediendo
746 930 889 1024 negocio
915 930 1172 1023 congruebant,
1197 933 1244 1006 ad
1272 955 1449 1028 egressum
1474 935 1572 1028 regni
1602 935 1759 1010 celeriter
1783 959 1925 1034 prope·
2166 923 2167 1014 l

499 1069 627 1146 rantes,
643 1056 770 1131 omissa
782 1053 899 1149 quiete
910 1053 1061 1125 motibus
1073 1055 1199 1128 nostris
1216 1056 1353 1150 infesta,
1372 1059 1492 1132 estivis
1510 1059 1682 1133 caloribus
1694 1069 1730 1134 ut
1745 1062 1925 1133 castrensi

498 1182 636 1280 pulveri
647 1201 712 1252 noe
728 1178 905 1266 daremus,
924 1197 1071 1272 persone
1085 1187 1202 1251 nostre
1219 1202 1260 1252 ac
1278 1179 1435 1255 fidelium
1450 1191 1645 1254 nostrorum
1661 1183 1826 1278 periculis
1847 1204 1926 1256 non

499 1313 697 1402 parcentes,
720 1311 759 1374 ut
776 1301 864 1372 inter
881 1300 1049 1394 palustres
1066 1322 1146 1374 oras
1165 1303 1334 1376 montium
1352 1305 1437 1377 orbe
1455 1305 1701 1398 circumdatos,
1720 1303 1926 1400 depopule-

500 1430 609 1504 tiones
627 1436 662 1502 et
676 1425 780 1500 cedes
799 1424 949 1498 bostium
967 1433 1172 1518 agerentur,
1190 1426 1290 1499 nobis
1304 1426 1350 1500 ad
1368 1428 1563 1500 salutemet
1585 1428 1736 1522 quictem
1759 1426 1925 1500 fidelium

501 1551 730 1646 dirigentibus
742 1547 930 1622 deliberato
948 1547 1091 1620 musitio
1106 1569 1246 1642 gressus
1266 1559 1412 1624 nostros.
1431 1550 1568 1623 Accidit
1585 1551 1690 1644 igit-ur
1705 1551 1794 1623 inter
1806 1571 1923 1624 oocu-

499 1677 655 1772 pationes
679 1682 714 1745 et
733 1693 834 1744 curas
850 1669 1026 1766 publicas,
1050 1671 1180 1764 quibos
1204 1672 1354 1746 invictus
1371 1695 1532 1746 curarum
1550 1673 1686 1746 animus
1711 1693 1782 1746 nou
1800 1673 1922 1769 potuit

501 1798 689 1883 obstitisse,
710 1817 891 1890 personam
907 1803 1057 1866 nostram
1074 1817 1137 1890 pre
1152 1793 1349 1868 infirmitate
1363 1796 1516 1892 corporis
1529 1805 1564 1869 et
1585 1795 1805 1891 distemporie
1824 1796 1921 1870 aeris

501 1922 687 1994 incurrisse
701 1918 916 2006 discrasiam,
930 1939 1036 2012 quam
1053 1919 1160 1990 animi
1172 1919 1302 1992 virtute
1313 1919 1363 1990 sic
1375 1919 1522 1992 vicimus
1535 1927 1575 1990 ut
1588 1919 1811 2014 imperialiter
1820 1920 1922 1991 exis-

501 2046 653 2118 tentibus
671 2043 773 2116 nobis
790 2042 979 2134 incastris,
998 2041 1057 2115 die
1076 2043 1194 2116 critica
1213 2044 1411 2136 terminata,
1432 2043 1654 2116 victoriosum
1666 2065 1863 2138 processum
1881 2054 1921 2117 et

501 2169 636 2242 lelicem
649 2166 830 2239 victoriam
843 2185 1017 2238 cesaream
1036 2187 1107 2237 nou
1119 2175 1333 2261 presumeret
1345 2167 1489 2240 ulterius
1504 2164 1684 2261 impedire.
1698 2167 1921 2262 Quapropter

502 2290 648 2364 authore
671 2288 834 2380 Domino,
860 2288 922 2382 qui
949 2287 1092 2382 regibus
1115 2298 1148 2360 et
1173 2289 1387 2396 principibus
1407 2289 1468 2362 dot
1487 2289 1653 2379 salutem,
1681 2289 1719 2360 in
1737 2289 1918 2385 pristinam

476 2466 479 2474 .
503 2413 811 2487 convalescentiam
825 2411 986 2499 restituti,
1003 2411 1159 2484 fortiores
1175 2413 1254 2484 iacti
1270 2423 1305 2485 et
1321 2413 1460 2485 timores
1470 2412 1571 2486 estivi
1591 2412 1752 2507 temporis
1763 2423 1918 2487 contem·

502 2547 640 2629 nentes,
660 2545 795 2632 ceptum
814 2535 878 2606 iter
891 2532 1053 2607 adductis
1070 2534 1204 2606 viribus
1222 2545 1257 2607 et
1280 2535 1439 2629 undique
1455 2535 1607 2630 potentia
1631 2543 1749 2610 nostra
1769 2557 1919 2628 congre-

503 2671 583 2755 gata
604 2659 859 2756 prosequimur,
878 2657 916 2728 in
933 2657 1169 2730 llomaniolam
1192 2659 1435 2752 procedentes,
1453 2678 1674 2752 quocumque
1691 2657 1836 2732 rebelles
1858 2681 1919 2733 oo-

504 2784 692 2875 currerint‚
712 2803 774 2878 per
793 2791 944 2854 nostram
968 2781 1158 2876 potentiam
1180 2781 1248 2852 snb
1268 2780 1417 2876 pedibus
1434 2781 1560 2855 nostris
1583 2781 1794 2877 oppressuri.
1814 2783 1858 2855 Et
1879 2793 1918 2856 ut

506 2929 570 2981 vos
593 2927 713 2980 omnes
736 2915 770 2978 et
791 2903 920 2997 singuli
942 2913 1012 2976 tam
1036 2903 1082 2976 de
1102 2913 1279 2998 resumpta
1298 2905 1573 2980 convalescentia
1591 2926 1696 3000 quam
1718 2904 1765 2978 de
1782 2927 1917 2982 sucoss-

506 3031 603 3104 slbus
617 3028 811 3102 subsecutis
821 3027 1003 3100 conlortnri
1017 3027 1134 3100 velitis
1148 3025 1285 3122 plenius
1298 3037 1333 3102 et
1345 3027 1455 3120 letari,
1466 3027 1560 3102 istud
1569 3029 1671 3102 vobis
1684 3028 1917 3124 significamus

507 3155 553 3227 ad
571 3175 708 3226 omnem
727 3149 937 3224 dubietatem
959 3153 1097 3245 penitus
1117 3149 1366 3244 amovendam,
1386 3151 1487 3246 quia,
1504 3153 1598 3246 Rege
1614 3173 1737 3245 regum
1754 3173 1835 3226 cum
1853 3175 1918 3226 suo

507 3273 771 3349 misericorditer
793 3271 951 3368 principe
969 3273 1209 3368 dispensante,
1226 3282 1342 3368 optata
1357 3275 1451 3347 salus
1470 3283 1506 3348 et
1520 3282 1655 3370 sperata
1673 3273 1824 3348 bostium
1840 3275 1918 3350 vio-

508 3399 595 3471 toria
609 3398 878 3490 subsequentur.

562 3925 781 4011 Menlredus
797 3923 970 4007 marchio
987 3922 1144 4026 Lancia,
1156 3921 1253 4004 sacri
1270 3920 1419 4028 imperii
1438 3923 1473 4025 [a
1490 3919 1617 4032 Papio]
1636 3917 1810 4028 superius
1824 3915 1920 4000 vioe

509 4059 590 4142 rius
609 4057 810 4170 generalis,
833 4055 992 4166 Opizoni
1009 4055 1058 4137 de
1075 4053 1228 4137 Revello
1251 4051 1438 4162 imperiali
1463 4051 1658 4162 capitaneo
1679 4049 1727 4132 de
1745 4047 1867 4160 Aquis
1884 4052 1921 4130 et

511 4191 705 4276 communi
723 4189 884 4275 civitatis
902 4187 1073 4298 ejusdem
1093 4186 1252 4268 mandat
1264 4194 1308 4267 ut
1324 4210 1455 4268 coram
1474 4209 1516 4268 sc
1532 4191 1794 4292 compareant,
1808 4180 1922 4266 Man-

510 4324 617 4407 fredo
635 4322 838 4406 Boccaccio
856 4320 1079 4404 civicorum
1098 4317 1338 4425 responsuri,
1360 4325 1399 4400 et
1420 4317 1598 4400 eumdem
1618 4314 1737 4401 civem
1755 4313 1795 4395 in
1814 4311 1921 4395 nullo

509 4454 693 4564 impedire
713 4453 790 4537 sive
808 4451 1010 4535 molestare
1027 4457 1287 4559 praesumant.
1889 4435 1891 4442 '

592 4653 694 4732 (lidld.
709 4653 908 4728 Monronnus,
923 4650 1055 4714 Monam.
1070 4649 1212 4731 Aquom,
1229 4653 1254 4710 t.
1270 4649 1296 4728 l,
1310 4647 1366 4710 ccl.
1383 4645 1468 4726 nto.)
