4384 6004
536 663 615 724 1124
1035 659 1250 722 FntnEtttct
1279 659 1452 720 secubet
1761 661 1844 739 [dn.
1865 663 1947 726 laet.

535 811 649 872 nostre
670 797 864 871 rebellionis
883 795 929 892 (l)
959 796 1091 868 viribus
1119 807 1271 891 prestare
1296 793 1515 890 repagulum,
1542 794 1634 867 reris
1660 803 1774 868 umen
1796 797 1951 871 restituto

534 933 700 1018 tempore,
722 923 788 995 hac
802 921 922 995 eadem
940 922 1077 995 civitate
1093 919 1331 992 machinarum
1350 927 1544 991 nostrarum
1559 918 1757 992 incursione
1774 931 1948 1014 quassata,

534 1047 641 1118 muris
652 1045 863 1118 irruentibus
879 1055 914 1118 et
927 1043 1114 1118 fossoribus
1129 1043 1256 1116 uostris
1273 1042 1534 1138 penetrantibus
1550 1051 1760 1136 permeatus
1777 1043 1952 1116 subterra·

533 1193 617 1244 neos
631 1171 750 1243 intima
767 1170 935 1260 civitatis,
961 1179 1000 1241 ut
1015 1167 1221 1240 manualiter
1241 1166 1330 1239 iuter
1343 1165 1438 1238 civoe
1454 1175 1489 1238 et
1507 1165 1690 1238 bellatores
1705 1175 1840 1239 nosnos
1865 1167 1952 1241 bella

534 1303 788 1386 concurrerent,
809 1304 843 1366 et
857 1302 1029 1389 oporteret
1043 1313 1104 1366 eos
1120 1313 1182 1388 pro
1197 1290 1300 1362 minis
1318 1311 1462 1386 corpora
1481 1289 1639 1361 cominus
1656 1299 1811 1385 prestere
1828 1291 1952 1385 gladiis

534 1419 757 1515 exponenda,
774 1427 996 1514 sumpserunt
1009 1417 1129 1490 sanius
1148 1437 1211 1512 pro
1230 1437 1350 1488 eorum
1368 1416 1480 1487 salute
1494 1413 1675 1487 consilium
1687 1415 1818 1508 quibus
1836 1437 1954 1511 expu-

533 1545 651 1638 gnatio
668 1543 820 1616 vicinum
835 1541 1013 1616 excidium
1033 1542 1252 1632 minabatur,
1268 1551 1302 1613 et
1318 1539 1365 1612 ad
1381 1537 1634 1634 implorandam
1651 1549 1802 1612 nostram
1822 1541 1953 1613 miseri·

534 1669 687 1743 cordiam
697 1667 862 1741 continuo
876 1669 1025 1740 clamore
1045 1688 1128 1762 sepe
1143 1665 1319 1754 conversi,
1337 1664 1396 1737 die
1411 1663 1585 1736 dominico
1602 1662 1879 1758 decimoquarto
1898 1665 1954 1738 die

533 1792 652 1887 aprilis
663 1789 834 1865 mandatis
848 1791 974 1863 nostris
987 1801 1021 1863 et
1037 1789 1259 1884 beneplacitis
1274 1809 1311 1860 se
1323 1788 1454 1882 precise
1468 1788 1719 1881 manciparunt,
1733 1788 1954 1879 subjicientes

534 1917 569 1988 iu
585 1925 735 1989 nostram
750 1913 1018 1988 misericordiam
1032 1915 1221 2002 civitatem,
1234 1934 1315 1984 suas
1328 1912 1455 2007 pariter
1467 1923 1502 1984 et
1515 1932 1693 2006 personas,
1708 1913 1858 2006 prestitis
1872 1911 1955 1985 fide

535 2041 638 2113 litatis
650 2039 768 2113 debite
775 2039 981 2132 juramentis
993 2047 1027 2111 et
1037 2037 1163 2110 illicitis
1173 2036 1394 2129 juramentis,
1406 2036 1436 2108 si
1448 2057 1519 2130 que
1529 2037 1693 2126 fecerant,
1705 2035 1887 2127 abjuratis.
1900 2035 1955 2109 Ad

533 2185 682 2258 quorum
701 2163 930 2258 receptionem
946 2162 1055 2236 nostri
1070 2183 1184 2235 comes
1199 2160 1334 2257 imperii
1351 2181 1486 2254 semper
1507 2158 1658 2232 indivisa
1676 2171 1711 2232 et
1724 2160 1809 2252 justi
1828 2160 1956 2234 arbitra

536 2267 780 2362 moderaminis
789 2286 971 2360 clementia
984 2307 1048 2360 uos
1059 2284 1216 2373 induxit,
1228 2305 1298 2378 que
1309 2283 1451 2356 victoris
1460 2282 1707 2356 animumricit
1716 2293 1845 2382 utpum
1853 2282 1955 2356 victis

535 2410 800 2485 misericorditer
822 2431 1003 2505 ageremus
1023 2437 1031 2481 :
1051 2409 1115 2482 rati
1134 2408 1371 2503 gloriosiorem
1392 2427 1470 2480 esse
1492 2405 1671 2479 victoriam
1696 2407 1848 2478 misereri
1865 2427 1956 2479 oon-

534 2537 642 2610 versis
658 2557 765 2630 quam
787 2535 822 2606 in
843 2557 963 2608 eorum
981 2556 1065 2606 casu
1083 2534 1202 2606 ulcisci
1223 2530 1431 2622 miserabili,
1450 2531 1546 2626 pium
1563 2551 1674 2624 genus
1694 2529 1851 2602 vindicte
1866 2553 1957 2626 pen-

534 2669 650 2733 santes
670 2661 848 2752 ignoscere
869 2659 972 2731 noxis
998 2659 1081 2732 dum
1108 2657 1283 2754 potuimus
1304 2655 1411 2728 serius
1437 2654 1648 2728 vindicasse.
1669 2655 1823 2727 Remissa
1851 2653 1958 2749 igitur

535 2785 641 2877 gratis
655 2784 787 2857 offensa
802 2784 881 2855 licet
893 2805 962 2856 non
976 2783 1118 2854 minima
1128 2791 1163 2854 et
1177 2781 1245 2852 reis
1258 2780 1480 2876 imperialiter
1490 2779 1669 2871 absolutis,
1684 2779 1815 2852 civium
1828 2790 1865 2852 et
1875 2779 1959 2852 civi·

536 2911 616 2982 tatis
630 2920 720 2982 statu
738 2907 805 2980 sub
819 2918 935 2982 nostro
952 2919 988 2980 et
1006 2907 1142 3002 imperii
1156 2908 1261 2999 jugo,
1285 2925 1357 2999 quo
1374 2903 1461 2975 nihil
1479 2903 1623 2976 suarius
1643 2915 1704 2975 aut
1722 2903 1865 2996 dignius
1881 2925 1959 2976 esse

536 3035 750 3129 probabunt,
769 3054 834 3128 pro
851 3054 966 3105 rerum
983 3031 1150 3126 qualitate
1164 3030 1344 3125 disposito,
1365 3050 1446 3100 oum
1460 3027 1507 3101 ad
1523 3027 1824 3123 depopulationem
1843 3027 1958 3100 vicine

537 3159 633 3232 orbis
652 3157 806 3230 Bononie
827 3165 983 3228 nostrum
1008 3166 1223 3228 verteremus
1246 3151 1460 3247 propositum
1488 3161 1523 3223 et
1545 3149 1729 3235 affectum,
1749 3152 1958 3244 prelatomm

537 3283 673 3356 turbam
693 3303 774 3354 oum
792 3279 1166 3374 Penestrinoepiscopo
1179 3289 1214 3350 ct
1227 3277 1393 3367 magistro
1406 3273 1541 3348 Othone
1556 3275 1668 3348 sancti
1681 3275 1814 3347 Nicolai
1828 3275 1866 3346 iu
1879 3297 1957 3348 car-

536 3427 615 3478 cere
641 3404 799 3477 Tulliano
833 3402 979 3477 diacono
1008 3401 1177 3476 cardinali
1205 3399 1331 3473 nostris
1355 3399 1617 3473 adversaturam
1640 3399 1883 3494 processibus,
1912 3419 1958 3470 ex

536 3527 685 3600 diversis
706 3527 894 3622 provinciis
909 3534 1174 3618 congregatam,
1202 3523 1347 3618 contigit
1369 3543 1436 3595 suo
1460 3521 1648 3594 infortunio
1667 3523 1815 3595 Januam
1832 3543 1957 3617 perre-

536 3651 639 3724 nisse.
657 3651 723 3724 Ubi
742 3651 969 3726 conveniente
985 3649 1129 3722 cumeis
1145 3646 1309 3742 Gregorio
1323 3644 1368 3719 de
1382 3645 1561 3738 Romania,
1575 3645 1695 3719 addito
1710 3647 1821 3740 legato
1835 3645 1958 3739 legatis

536 3784 575 3847 ut
590 3775 729 3848 insimul
749 3777 956 3869 ligarentur,
973 3784 1009 3846 et
1028 3771 1285 3866 conspiratione
1309 3772 1399 3843 lacta
1416 3791 1498 3842 cum
1515 3769 1749 3843 Januensibus
1770 3769 1959 3842 rebellibus

536 3899 683 3992 nostris,
710 3899 854 3994 qnidam
874 3899 919 3973 de
941 3919 1049 3992 regno
1071 3897 1279 3971 Francorum
1296 3895 1349 3991 (l)
1369 3895 1528 3968 navalem
1555 3895 1749 3968 exercitum
1777 3895 1958 3990 copiosum

535 4035 797 4119 congregantes,
812 4023 942 4118 piratas
961 4043 1043 4094 suos
1057 4020 1182 4094 armari
1197 4019 1352 4092 lecerunt
1364 4039 1444 4090 cum
1460 4017 1590 4113 quibus
1604 4017 1651 4092 ad
1668 4039 1795 4114 papam
1812 4019 1958 4090 Romam

536 4169 598 4244 pro
616 4148 755 4242 majoris
772 4169 878 4220 causa
891 4145 1027 4219 dissidii
1046 4145 1313 4237 conjuraverunt
1326 4142 1508 4216 advenire.
1526 4140 1582 4215 nd
1598 4163 1747 4236 quorum
1763 4141 1958 4238 impedien-

535 4271 619 4344 dum
649 4272 830 4344 transitum
853 4281 888 4344 et
911 4291 1107 4360 accessum,
1131 4277 1282 4341 nostram
1304 4266 1366 4339 diu
1391 4277 1472 4339 ante
1497 4267 1670 4362 previsam
1696 4267 1842 4340 classem
1869 4287 1957 4339 oon-

534 4395 655 4467 venire
677 4395 821 4467 lecimus
841 4393 937 4490 apud
964 4395 1077 4486 Pisas,
1106 4391 1331 4465 victoriosum
1356 4391 1534 4484 galearum
1559 4391 1700 4464 stolium
1726 4399 1959 4486 preponentes

535 4541 623 4613 quas
637 4539 717 4592 cum
730 4517 941 4614 quibusdam
960 4517 1085 4590 nostris
1099 4514 1273 4606 fidelibus,
1289 4537 1410 4590 eorum
1426 4515 1626 4610 precognita
1641 4515 1806 4606 motione,
1823 4514 1861 4586 in
1875 4513 1960 4589 locis

573 4800 610 4874 tt)
631 4799 765 4858 alluditur
778 4797 997 4858 Provincialibus
1009 4796 1056 4870 qui
1070 4811 1132 4854 cum
1144 4795 1244 4855 Romeo
1255 4795 1369 4854 ianuam
1384 4795 1558 4854 advenerant.
1569 4794 1610 4854 ct.
1621 4810 1713 4870 supra,
1727 4811 1755 4869 p.
1770 4797 1851 4853 tran.
