4564 6038
272 716 377 778 rnre.
396 713 460 790 re]
727 693 923 768 ursroura
947 705 1239 768 nrrnouarrce
1610 713 1686 776 uua

273 843 531 930 timouialinm
549 840 653 950 apud
670 838 812 924 Weiler
829 838 1019 921 mediante
1036 837 1184 946 justitia
1200 837 1457 923 favorabiliter
1479 867 1683 927 commen-

272 978 386 1061 datas
402 973 582 1060 habeant.

355 1163 450 1239 (lldlt.
468 1178 519 1240 ap.
533 1160 663 1238 Rusoru,
676 1159 796 1222 ῡωιιιιι.
810 1154 916 1238 nee,
931 1163 957 1220 t.
971 1157 1012 1231 11,
1027 1174 1060 1236 p.
1074 1159 1157 1235 445.)

325 1321 505 1396 Gonradus
521 1319 597 1394 divi
613 1319 751 1416 angusti
767 1317 981 1415 imperatoris
993 1315 1155 1390 Friderici
1169 1315 1278 1408 lilius,
1296 1319 1358 1392 Dei
1377 1321 1487 1414 gratia
1509 1322 1681 1396 Romano·

272 1467 354 1519 rum
374 1445 411 1518 in
426 1464 545 1540 regem
560 1442 689 1518 electus
713 1462 848 1536 semper
861 1449 1031 1534 augustus
1046 1449 1081 1512 et
1098 1440 1197 1514 heres
1210 1441 1308 1534 regni
1324 1442 1598 1518 Jemsolimitani.
1620 1446 1684 1520 Per

272 1590 417 1664 proeeus
439 1568 607 1664 scriptum
631 1576 753 1640 uotum
770 1565 915 1638 facimus
939 1563 1111 1637 universis
1132 1563 1228 1660 quod
1250 1586 1313 1638 nos
1335 1566 1397 1660 qui
1417 1588 1583 1662 personas
1601 1571 1682 1644 reli·

273 1692 393 1787 giosas
406 1701 441 1765 et
461 1693 537 1765 loca
555 1691 629 1764 Deo
647 1689 761 1762 dicata
777 1689 835 1783 pio
852 1687 970 1760 favore
989 1687 1250 1782 prosequimur,
1269 1689 1524 1764 considerantes
1537 1713 1682 1767 venera·

273 1814 382 1888 bilem
403 1814 601 1910 priorissam
624 1820 659 1886 et
681 1825 892 1886 conventum
916 1810 1226 1884 sanctimonialium
1250 1812 1344 1906 apud
1365 1813 1471 1888 Wiler
1488 1811 1542 1912 (t)
1565 1828 1681 1893 nostro

273 1938 396 2012 favore
412 1947 448 2011 et
467 1937 556 2030 juris
576 1934 732 2009 subsidio
749 1933 906 2030 indigere
926 1943 962 2008 et
982 1934 1089 2010 nosui
1106 1933 1305 2009 defensione
1327 1936 1486 2012 culminis
1502 1939 1678 2034 adjnvari,

269 2063 375 2154 juxta
394 2061 538 2136 devotas
555 2059 818 2154 supplicationes
831 2079 972 2150 earum,
988 2060 1105 2132 omnia
1124 2057 1213 2131 bona
1230 2080 1348 2132 earum
1367 2069 1402 2132 et
1418 2065 1613 2137 monasterii
1627 2067 1682 2138 sui

273 2206 346 2280 que
358 2188 452 2281 juste
467 2192 584 2258 tenent
600 2181 647 2255 ad
669 2203 811 2278 presens
833 2183 890 2256 vel
911 2185 948 2254 in
976 2192 1077 2256 antea
1093 2182 1186 2274 justo
1209 2183 1444 2276 acquisitionis
1466 2186 1563 2260 titulo
1586 2199 1682 2285 pote·

273 2319 357 2382 runt
374 2308 518 2404 adipisci
541 2308 608 2380 snb
629 2307 838 2402 protectione
854 2305 984 2380 domiui
1003 2316 1038 2377 et
1050 2305 1215 2400 genitoris
1228 2307 1352 2395 nostri,
1368 2319 1482 2382 nostre
1495 2319 1530 2384 et
1547 2311 1682 2410 imperii

272 2433 469 2528 recepimus
489 2430 647 2527 speciali;
672 2429 897 2526 precipientes
915 2429 1069 2502 districte
1094 2430 1294 2503 auctoritate
1317 2441 1458 2526 paterna
1486 2444 1520 2506 et
1544 2439 1682 2532 prupn'a

274 2554 338 2628 tibi
354 2556 498 2628 sculteto
514 2553 559 2628 de
573 2553 756 2648 Emlingen
773 2563 808 2626 et
820 2552 881 2624 tibi
897 2552 1068 2628 advocato
1085 2552 1129 2626 de
1153 2553 1336 2646 Acbalme,
1360 2567 1396 2626 ut
1413 2555 1543 2629 dictum
1559 2581 1680 2636 mona·

273 2677 439 2769 sterium,
467 2677 662 2772 priorissam
685 2684 720 2749 et
746 2685 954 2749 conventum
982 2676 1124 2750 dilectas
1151 2675 1273 2750 fideles
1299 2687 1430 2752 nostras
1454 2680 1491 2752 iu
1517 2683 1682 2778 predictis

272 2801 376 2874 bonis
393 2810 511 2872 eontra
527 2808 680 2873 tenorem
696 2801 862 2894 presentis
883 2800 1101 2894 protectionis
1119 2809 1232 2874 nostre
1250 2821 1319 2873 nou
1339 2803 1542 2896 permittetis
1557 2806 1602 2879 ab
1620 2809 1681 2881 ali·

273 2948 347 3021 quo
365 2934 494 2998 temere
519 2924 707 3014 molestari,
736 2924 863 2998 sedin
891 2925 1053 2998 omuibus
1085 2923 1230 3018 agendis
1259 2946 1378 3000 earnm
1405 2926 1497 3020 ipsas
1525 2927 1681 3006 habeatis

272 3049 449 3124 mediante
469 3049 603 3142 Justitia
624 3044 858 3122 favorabiliter
881 3048 1156 3137 commendatas,
1179 3071 1223 3122 ue
1247 3071 1308 3144 per
1332 3049 1504 3124 defectum
1523 3054 1611 3146 juris
1633 3057 1678 3130 ad

273 3182 426 3246 nostram
450 3180 617 3266 cogantur
638 3172 769 3246 curiam
793 3171 961 3244 laborare.
989 3171 1045 3245 Ad
1067 3170 1171 3262 hujus
1194 3172 1310 3266 itaque
1327 3175 1546 3268 protectionis
1567 3189 1681 3254 nostre

271 3296 475 3371 memoriam
493 3316 635 3390 presens
648 3296 812 3392 scriptum
823 3295 896 3368 fieri
911 3305 946 3369 et
958 3295 1069 3390 sigillo
1085 3305 1201 3369 nostro
1216 3297 1384 3390 jussimus
1399 3299 1615 3373 communiri.

324 3422 450 3494 Datum
466 3418 676 3511 Gamnndie,
692 3440 783 3492 auno
797 3419 933 3492 Domini
949 3420 1130 3493 millesimo
1148 3419 1382 3492 ducentesimo
1401 3421 1677 3519 quadragesimo,

274 3563 394 3618 mense
405 3542 515 3637 junii,
532 3541 789 3616 terciodecimo
806 3540 1016 3616 indictionis.

329 4043 576 4151 Comedus,
566 4068 607 4124 ιιι
624 4041 885 4126 Romanorum
906 4066 1035 4151 regem
1053 4041 1213 4146 electus,
1228 4040 1436 4149 jndicibus,
1460 4041 1624 4125 scabinis
1642 4052 1680 4126 et
1741 4064 1831 4162 maru

273 4177 420 4259 deibus
448 4174 735 4260 coloniensibus
766 4173 898 4256 scribit
932 4199 973 4256 se
1005 4173 1208 4256 comitibus
1236 4171 1418 4282 Seynensi
1446 4183 1484 4256 et
1510 4174 1679 4260 Gelreusi
1754 4171 1837 4227 '³²¹²

273 4307 530 4391 defensionem
552 4332 684 4389 eornm
703 4305 954 4410 commisisse,
974 4305 1234 4414 promittitque
1249 4305 1354 4414 qnod
1371 4305 1680 4414 compositionem

275 4439 423 4523 nullam
440 4439 533 4548 ipsis
555 4437 718 4521 exclusis
738 4436 850 4520 faciet
871 4447 915 4520 ut
932 4435 1091 4519 firmiter
1115 4434 1187 4518 sibi
1204 4446 1243 4518 et
1259 4436 1476 4544 imperatori
1494 4438 1681 4544 patrisne

275 4570 517 4652 adhaereant.

310 4807 349 4879 (t)
372 4806 480 4879 Wctlcr,
495 4821 579 4881 propa
593 4805 743 4880 Esslingau.
