4384 6004
578 636 655 699 1072
1074 645 1287 705 ruinnaldi
1313 643 1487 706 saeuiunt
1802 641 1880 724 [Ass.
1900 642 1980 706 1240.

575 773 698 844 vestris
710 775 909 868 prejudiciis
921 774 997 872 (sic)
1011 789 1046 850 et
1058 781 1196 872 juribus
1207 781 1408 872 derogetur.
1422 780 1472 851 De
1484 777 1653 849 militibus
1664 785 1780 849 autem
1793 777 1915 849 vestris
1924 779 1980 872 qui

575 885 755 969 nobiscum
772 899 807 969 in
826 903 980 974 exercitu
1000 917 1266 993 commorantur,
1291 925 1380 998 quos
1403 902 1529 974 remitti
1553 901 1600 972 ad
1616 902 1756 996 propria
1773 901 1978 996 postulastis,

575 1021 741 1094 noveritis
768 1023 963 1114 quodcum
989 1023 1150 1122 disponat
1172 1027 1339 1100 serenitas
1363 1035 1481 1099 nostra
1502 1025 1643 1097 visitare
1669 1022 1852 1117 magnifice
1876 1033 1983 1118 partas

574 1142 686 1236 ipsas,
711 1127 850 1218 obtenta
868 1147 1011 1218 victoria
1038 1150 1201 1221 Ferentio
1225 1172 1331 1242 quem
1350 1147 1525 1220 obtenturi
1541 1147 1661 1240 procul
1677 1146 1786 1219 dubio
1806 1167 1926 1218 snmus
1947 1146 1980 1215 in

574 1266 686 1355 brevi,
706 1278 790 1339 tuno
808 1280 1023 1344 revertentur
1036 1273 1082 1344 ad
1100 1275 1243 1367 propria
1262 1273 1328 1344 sub
1351 1273 1440 1345 lelici
1462 1273 1569 1344 nostri
1592 1271 1753 1343 culminis
1774 1269 1977 1341 commitiva.

622 1391 746 1462 Datum
767 1392 803 1462 in
825 1394 1005 1467 obsidione
1021 1397 1198 1486 Faventie,
1217 1397 1296 1468 xxi
1310 1395 1515 1485 decembris,
1531 1395 1623 1466 Xllll
1638 1393 1837 1466 indictione.

565 1558 569 1567 ·
622 1515 697 1605 llgo
723 1517 874 1589 llovolus
898 1519 1050 1591 notarios
1079 1517 1172 1591 filius
1201 1519 1378 1613 quondam
1408 1519 1589 1612 Brugnoli,
1622 1528 1704 1606 etc,
1730 1519 1830 1610 jussu
1854 1515 1981 1588 domini

573 1639 735 1710 lllasnerii
752 1640 797 1711 de
814 1641 926 1733 Burgo
941 1643 1120 1735 potestatis
1133 1643 1335 1728 Cumarum,
1352 1653 1418 1714 etc.

779 1949 1780 1966 —NJQ--w——na

621 2235 852 2346 Fridericus,
873 2240 1136 2325 Romanorum
1158 2245 1380 2352 imperator,
1400 2242 1597 2326 universos
1621 2241 1796 2325 homines
1814 2239 1926 2322 vallis
1942 2237 1979 2318 in

568 2369 671 2452 Suitz
689 2372 756 2480 qui
775 2397 816 2454 sc
834 2373 1029 2482 adipsum
1051 2385 1310 2458 convertentes
1333 2383 1467 2483 sponte
1487 2375 1637 2482 imperii
1659 2373 1874 2457 dominium
1897 2371 1979 2454 elc-

567 2515 724 2613 gerunt,
745 2505 818 2587 sub
837 2531 906 2587 sua
924 2515 961 2588 et
979 2507 1126 2614 imperii
1143 2508 1373 2615 protectione
1390 2507 1538 2616 recipit.

647 2731 737 2812 (Edit.
753 2750 803 2811 ap.
819 2735 965 2806 Tscnnor,
982 2732 1116 2796 ebone.
1131 2733 1257 2810 Haloct„
1272 2741 1296 2796 t.
1313 2737 1339 2812 1,
1354 2752 1383 2812 p
1403 2743 1472 2796 tet.
1491 2733 1610 2794 Adsunt
1627 2734 1704 2794 allec
1723 2733 1916 2810 protectionis
1933 2732 1980 2792 lit·

684 2844 764 2899 terae
776 2842 886 2900 tenoris
896 2839 957 2900 iere
967 2840 1098 2917 eiusdem
1107 2841 1256 2917 provallis
1270 2840 1589 2910 Uranlucbomlnlbus,
1603 2855 1652 2915 ap.
1668 2839 1801 2908 Scirum,
1815 2835 1915 2898 cest.
1926 2853 1980 2897 ooo

687 2943 754 3019 liri,
772 2951 797 3004 t.
812 2947 842 3022 1,
856 2963 887 3022 p.
904 2954 979 3022 m,
1003 2952 1033 3006 et
1046 2963 1099 3022 pro
1117 2946 1286 3007 bomlnlbus
1299 2945 1600 3025 Subsylvanlensibuc
1622 2961 1671 3022 up.
1692 2945 1863 3025 Busnscun,
1882 2941 1977 3004 caet

682 3067 738 3111 oon
754 3048 944 3127 Uotenoold„
958 3059 982 3113 t.
998 3052 1024 3130 1,
1040 3069 1071 3129 p.
1087 3051 1174 3132 486.)

609 3248 822 3340 Fridericus,
845 3250 907 3322 Dei
929 3251 1038 3343 gratia
1059 3251 1290 3323 Romanorum
1312 3251 1498 3346 imperator
1514 3271 1650 3345 semper
1670 3257 1858 3343 augustus,
1880 3251 1978 3322 leru-

560 3373 667 3446 salem
689 3383 724 3445 et
740 3373 854 3445 Sicilie
869 3395 950 3462 rex,
972 3374 1145 3447 universis
1163 3374 1365 3448 hominibus
1389 3375 1489 3448 vallis
1509 3375 1545 3445 in
1566 3376 1677 3462 Suitz,
1699 3373 1863 3446 fidelibus
1888 3375 1975 3464 soie,

560 3495 705 3590 gratiam
733 3519 832 3570 suam
860 3507 895 3569 et
923 3498 1194 3571 omnebonum.
1230 3499 1349 3571 Litoris
1376 3509 1410 3570 et
1434 3497 1565 3570 nuntiis
1588 3508 1754 3592 exparte
1779 3505 1895 3569 veson
1923 3518 1978 3569 re·

560 3622 684 3715 ceptis,
707 3631 743 3694 et
757 3630 872 3694 vestra
889 3622 936 3694 ad
956 3643 1018 3694 nos
1041 3623 1266 3696 conversione
1290 3633 1325 3695 et
1350 3621 1536 3696 devotione
1553 3603 1730 3715 assumpta
1748 3622 1920 3714 expositis
1944 3630 1977 3692 et

559 3745 705 3836 cognitis
729 3767 791 3839 per
819 3745 983 3834 eosdem,
1011 3755 1123 3818 vestre
1148 3767 1234 3839 pure
1265 3745 1434 3817 voluntati
1461 3745 1583 3816 affectu
1619 3743 1800 3817 favorabili
1830 3765 1978 3817 concur·

558 3865 667 3938 rimus
684 3875 718 3938 ct
731 3865 894 3960 benigne,
910 3865 1128 3938 devotionem
1149 3875 1184 3938 et
1204 3864 1310 3940 iidem
1329 3875 1478 3938 vestram
1499 3865 1780 3938 commendantes
1801 3887 1872 3938 non
1896 3889 1976 3939 mo·

558 3989 674 4062 dicum
690 3989 735 4062 de
747 4011 789 4062 eo
803 3989 899 4084 quod
913 3991 1038 4080 uelum,
1055 4011 1159 4084 quem
1173 4011 1310 4085 semper
1324 3990 1370 4062 ad
1387 4011 1450 4062 nos
1463 3999 1499 4062 et
1516 3989 1699 4084 imperium
1716 3989 1899 4080 habuistis,
1914 4011 1976 4086 per

557 4114 716 4187 ellectum
739 4114 851 4208 operis
869 4112 1086 4200 ostendistis,
1103 4114 1169 4186 sub
1183 4115 1255 4187 alas
1269 4125 1403 4188 nostras
1416 4125 1451 4187 et
1468 4113 1602 4208 imperii
1617 4112 1724 4208 (sicut
1742 4113 1975 4207 tenebamini)

557 4235 800 4332 confugiendo,
818 4247 995 4331 tamquam
1008 4237 1165 4310 homines
1178 4238 1290 4326 liberi,
1306 4239 1367 4333 qui
1385 4239 1496 4311 solum
1509 4238 1555 4311 ad
1571 4259 1634 4310 nos
1647 4249 1681 4310 et
1700 4238 1884 4332 imperium
1903 4261 1973 4312 res·

556 4373 693 4456 pectum
715 4361 870 4434 debeatis
888 4361 1028 4436 habere.
1046 4364 1101 4434 lix
1117 4385 1189 4457 quo
1211 4363 1317 4457 igitur
1335 4372 1457 4458 sponte
1477 4376 1630 4436 nostrum
1651 4377 1686 4436 et
1705 4363 1840 4458 imperii
1858 4363 1973 4436 domi·

555 4487 652 4557 nium
678 4485 847 4580 elegistis,
879 4485 983 4559 fidem
1009 4497 1157 4560 vestram
1182 4487 1308 4582 patulis
1338 4486 1489 4560 brachiis
1517 4489 1769 4583 amplexamur,
1787 4488 1918 4559 favoris
1934 4497 1971 4558 et

555 4611 795 4683 benevolentis
812 4613 997 4706 puritatem
1015 4611 1138 4684 vestris
1156 4611 1298 4685 sinceris
1315 4609 1495 4684 affectibus
1516 4612 1743 4700 exbibemns;
1762 4611 1970 4706 recipientes

554 4757 618 4808 vos
634 4735 700 4807 sub
723 4745 873 4834 postram
889 4737 1072 4831 specialem
1089 4747 1125 4812 et
1145 4738 1279 4834 imperii
1299 4737 1562 4834 protectionem,
1581 4739 1628 4811 ita
1644 4737 1741 4833 quod
1762 4737 1856 4808 nullo
1878 4745 1967 4809 tem-
