4468 6010
524 637 583 700 796
918 651 922 660 ·
1023 639 1237 706 Fllllllllllcl
1262 643 1437 706 sacuam
1751 641 1833 718 [Aac.
1852 640 1939 703 iulo.

549 775 557 796 “·
571 771 706 845 Similes
721 773 876 846 Senatori
892 773 937 848 de
957 773 1081 876 Arabis
1098 778 1285 854 castellano
1300 781 1469 854 Messene.

571 895 706 968 Similes
718 896 901 971 Thomasio
920 897 965 972 de
983 900 1193 976 Brundusio.
1420 897 1423 906 ’

571 1018 707 1092 Similes
724 1020 888 1094 Sererino
905 1020 952 1095 de
964 1021 1209 1120 Calatapbimo.

570 1143 648 1216 xvi
662 1143 819 1236 ejusdem
837 1140 992 1245 [mensis]
1010 1147 1107 1244 apud
1120 1149 1238 1224 Ortum
1252 1149 1381 1223 similes
1398 1149 1568 1246 lioggerio
1583 1149 1629 1223 de
1640 1149 1816 1222 Calvellis.

571 1265 707 1338 Similes
723 1265 904 1340 Gnillelmo
920 1267 965 1341 de
982 1270 1172 1364 Sanginito.

571 1389 707 1462 Similes
721 1389 903 1464 Thomasio
915 1391 961 1466 de
972 1391 1071 1466 Aeto.

571 1513 705 1586 Similes
715 1514 883 1587 lliccardo
897 1515 942 1588 de
956 1517 1093 1591 Lauria.
1243 1612 1245 1614 ,

571 1639 707 1710 Similes
724 1637 880 1734 Philippo
898 1638 944 1713 de
957 1641 1126 1714 Zuncnlo.

571 1762 706 1834 Similes
721 1761 902 1836 Gnillelmo
917 1763 964 1837 de
976 1765 1101 1839 Sancto
1114 1763 1348 1863 Fraymnndo.
1449 1761 1451 1766 '

571 1885 705 1958 Similes
720 1885 853 1980 Angelo
871 1888 917 1961 de
930 1888 1056 1960 blarra.

571 2009 706 2083 Similes
723 2009 896 2084 llobberto
907 2011 1072 2084 Malerba.

571 2134 706 2207 Similes
722 2133 861 2206 Andree
876 2132 921 2208 de
943 2134 1054 2208 Cicala
1071 2137 1270 2232 capitaneo,
1287 2149 1354 2212 etc.

570 2257 705 2330 Similes
723 2257 924 2332 Alexandro
939 2257 1010 2332 lilio
1028 2260 1181 2334 chrici.

570 2383 705 2455 Similes
720 2381 886 2457 Rinoardo
900 2382 945 2457 de
958 2384 1114 2458 Polcaro.

571 2508 706 2581 Similes
722 2507 1068 2582 Criscio'llmallitano
1086 2509 1274 2583 camerario
1285 2508 1436 2606 Aprutii.

773 2807 905 2816 ..ο-η»...
912 2808 1498 2820 --.-.-.--ι---ι-----ι-.----,---
1506 2813 1538 2820 --
1545 2813 1652 2820 η--η
1658 2813 1670 2820 .-
1683 2811 1722 2822 ..-

347 3075 463 3175 iffi
575 3067 752 3150 Mandata
771 3067 821 3150 ad
838 3067 1006 3150 civitates
1029 3067 1241 3177 specialiter
1258 3069 1400 3153 ibidem
1421 3041 1637 3154 nominatas
1655 3077 1698 3152 ut
1713 3069 1811 3151 duos
1829 3091 1936 3149 nun-

522 3199 594 3282 tios
613 3200 764 3282 mittant
786 3199 837 3280 ad
860 3199 1095 3309 colloquium
1122 3202 1225 3311 apud
1247 3201 1433 3312 Foggiam
1459 3201 1499 3284 in
1517 3202 1692 3312 proximo
1714 3199 1810 3286 festo
1836 3199 1932 3284 Pal-

522 3331 674 3416 marum
693 3331 918 3444 generaliter
935 3332 1135 3415 indictum.

605 3558 731 3640 (licque.
744 3559 847 3639 imper.
862 3555 981 3622 dieder.
993 3559 1036 3638 11,
1050 3557 1102 3620 iol.
1119 3567 1157 3620 78
1171 3573 1272 3634 verso;
1285 3559 1318 3619 ln
1329 3558 1400 3621 edlt.
1416 3559 1553 3634 Curcum,
1568 3576 1599 3637 p.
1616 3559 1699 3638 ³61.)

570 3755 618 3822 lle
633 3751 804 3847 imperiali
824 3751 985 3860 modulo
1000 3757 1087 3846 [octo
1102 3775 1164 3847 per
1186 3755 1385 3846 capistrum
1404 3754 1542 3827 Petrum
1564 3752 1603 3824 de
1623 3754 1726 3825 Vinea
1742 3754 1875 3848 scripsit
1890 3753 1930 3824 G.

522 3877 761 3950 deducentia:
852 3907 874 3948 ,·
1138 3961 1140 3966 ¹

569 4000 782 4091 Fredericns‚
796 4009 880 4092 etc,
896 3998 1035 4092 bajulis,
1045 3998 1224 4092 judicibus
1239 4008 1275 4074 et
1285 3999 1450 4096 universo
1460 3998 1589 4094 populo
1605 3997 1779 4088 Panormi,
1795 4006 1861 4072 etc.
1879 3999 1935 4072 Ex

520 4123 804 4219 occupationibus
828 4123 952 4196 nostris
972 4121 1148 4195 modicum
1164 4123 1331 4218 temporis
1346 4122 1582 4196 subtractione
1604 4120 1769 4196 laudabili
1791 4121 1935 4196 subtra-

521 4249 659 4336 bentes,
679 4269 760 4322 ecoe
779 4247 875 4341 quod
900 4246 947 4320 ad
968 4245 1216 4320 hereditarium
1239 4267 1386 4342 regnum
1408 4255 1562 4319 nostrum
1586 4245 1702 4319 Sicilie
1728 4246 1824 4340 qnod
1847 4246 1935 4318 inter

521 4371 606 4445 alias
626 4371 786 4465 regiones
812 4369 941 4443 ditioni·
961 4379 1076 4442 nostre
1099 4370 1272 4462 subjectas
1294 4357 1533 4444 delectabilius
1551 4368 1651 4442 nobis
1673 4377 1709 4442 et
1729 4369 1933 4465 precipuum

520 4503 743 4591 reputamus,
763 4493 941 4588 gressibus
964 4492 1098 4566 lestinis
1118 4493 1316 4566 accedimns
1333 4501 1372 4565 nt
1388 4512 1537 4586 regnum
1553 4501 1588 4565 et
1600 4491 1791 4586 regnicolas
1805 4490 1934 4564 ilariter

520 4617 717 4692 videamus.
732 4615 818 4690 Cum
832 4615 937 4712 igitur
952 4616 1047 4712 apud
1062 4616 1205 4711 Fogiam
1223 4615 1310 4690 festo
1321 4615 1516 4688 Palmarum
1530 4614 1641 4712 primo
1657 4623 1803 4688 venturo
1818 4614 1934 4688 collo-

519 4743 643 4836 quium
659 4740 890 4815 indixerimns
910 4740 1070 4834 generale
1091 4739 1154 4812 nbi
1173 4739 1220 4814 de
1240 4736 1400 4814 fidelibus
1418 4739 1545 4814 nostris
1562 4738 1697 4834 aliquos
1716 4759 1762 4812 en
1786 4737 1933 4832 singulis
