4384 6004
278 667 378 725 lenter.
397 662 459 742 le]
721 659 920 724 HISTORIA
947 661 1245 728 nlrnouartca.
1621 669 1699 731 1099

279 798 373 871 tiene
403 797 510 875 tuitio.
532 795 616 870 fidei
641 819 712 892 qne
742 798 809 872 sub
841 798 926 870 tanti
954 799 1046 872 mole
1074 797 1285 872 discriminis
1312 799 1512 895 impeditur.
1544 803 1634 877 Sane
1660 816 1698 878 ut

278 920 478 1006 innocentia
499 930 616 994 nostm
639 920 844 1014 generaliter
868 931 984 1016 pateat
1010 931 1048 994 et
1069 921 1311 1016 longanimitas
1336 925 1499 1018 patientie
1523 935 1637 1000 nostre
1661 928 1698 1000 in

278 1045 437 1122 adversis
466 1043 664 1118 evidentius
693 1044 953 1139 comprobetur,
981 1045 1073 1118 circa
1099 1044 1338 1138 subjugandos
1362 1046 1464 1119 nobis
1495 1056 1529 1120 et
1555 1049 1699 1144 imperio

279 1178 396 1243 nostro
407 1167 553 1243 rebelles
569 1167 734 1262 Hesperie
753 1169 899 1263 populos
920 1167 1037 1242 effirsis
1058 1169 1184 1264 opimis
1208 1169 1316 1264 copiis
1337 1179 1372 1240 et
1392 1167 1547 1242 fidelium
1564 1171 1699 1246 viribus

279 1291 498 1386 congregatis
508 1290 672 1364 diutnma
685 1311 749 1362 nos
757 1312 882 1385 guerra
891 1289 1056 1383 detinuit;
1072 1292 1202 1386 quibus
1212 1313 1276 1386 pro
1288 1293 1408 1384 majori
1419 1302 1517 1387 parte
1528 1294 1695 1383 subactis,

279 1415 326 1489 ad
346 1414 536 1492 favendum
561 1423 596 1488 et
621 1413 847 1491 relevandum
870 1415 1035 1488 obscuras
1060 1435 1180 1488 eorum
1197 1415 1360 1509 reliquias
1381 1417 1527 1490 Romani
1551 1419 1698 1512 presulis

279 1539 406 1612 astutia
420 1561 459 1612 se
473 1539 656 1627 convertit,
672 1536 904 1612 disseminans
918 1537 1000 1610 hinc
1016 1537 1099 1614 inde
1112 1539 1215 1633 longe
1228 1539 1367 1632 lateque
1381 1540 1529 1612 zizanias
1545 1551 1619 1613 tum
1637 1564 1698 1637 per

280 1662 512 1736 calumniosas
523 1661 735 1753 objectiones
750 1661 979 1757 blasphemie,
993 1672 1066 1734 tum
1079 1683 1126 1734 ex
1141 1661 1290 1735 diversis
1302 1683 1447 1756 operum
1461 1666 1693 1754 nocumentis;

279 1785 433 1880 legatum
450 1807 530 1857 cum
553 1785 684 1858 vexillo
702 1805 767 1858 suo
785 1805 890 1880 super
906 1783 1056 1857 hostium
1074 1784 1275 1858 defensione
1290 1785 1501 1858 constituens
1523 1799 1591 1860 sta
1610 1787 1695 1860 fini-

279 1906 346 1980 bus
361 1907 460 2000 regni
474 1906 581 1978 nostri
600 1915 635 1977 et
656 1904 857 2000 decerpere
872 1904 1008 1999 imperii
1029 1925 1093 1999 per
1109 1905 1266 1978 civitates
1282 1915 1315 1977 et
1329 1906 1404 1978 loca
1421 1907 1554 2001 imperii
1573 1930 1642 2002 que
1659 1910 1695 1981 in

238 2073 241 2080 ι
278 2028 502 2102 hereditatem
526 2029 594 2100 sibi
613 2026 793 2101 vindicare
817 2027 999 2123 captabat,
1025 2048 1118 2099 nova
1143 2027 1245 2100 nobis
1264 2027 1397 2123 prelia,
1417 2049 1509 2102 nova
1534 2029 1695 2106 fidelibus

279 2153 404 2226 nusum
420 2153 550 2247 publici
567 2153 731 2225 transitus
747 2152 896 2226 inserens
912 2159 1132 2240 nocumenta,
1147 2151 1213 2224 nisi
1232 2151 1277 2223 ad
1291 2153 1541 2226 removendum
1559 2155 1605 2228 de
1620 2155 1696 2228 fini·

279 2275 345 2348 bus
364 2277 463 2370 regni
476 2276 582 2348 nostri
601 2275 699 2348 etde
720 2296 862 2370 corpore
881 2274 1014 2370 imperii
1037 2275 1192 2348 loturum
1213 2274 1308 2368 quod
1326 2275 1525 2350 minabatur
1547 2277 1695 2375 dispen-

278 2398 395 2488 dium,
412 2399 545 2472 felicem
564 2420 742 2474 accessum
756 2409 911 2472 nostrum
934 2397 979 2470 ad
997 2407 1112 2492 partes
1128 2398 1203 2470 illas
1222 2407 1300 2492 post
1314 2401 1451 2493 previsa
1471 2410 1506 2474 et
1526 2403 1695 2498 premissa

278 2523 410 2596 consilii
426 2523 532 2596 nostri
549 2522 701 2596 remedia
719 2521 865 2596 dextera
879 2521 1015 2594 Domini
1027 2523 1268 2612 convertissem
1285 2543 1355 2616 qus
1370 2523 1420 2596 sic
1439 2523 1514 2598 vias
1530 2535 1565 2598 et
1584 2528 1694 2600 semi-

277 2656 329 2720 tas
348 2655 483 2723 nostras
496 2646 630 2738 justitia
640 2647 760 2741 previa
772 2646 970 2742 preparavit
987 2655 1024 2717 ut
1032 2647 1111 2739 Jura
1123 2654 1238 2718 nostra
1250 2654 1284 2717 et
1296 2645 1430 2740 imperii
1444 2647 1545 2720 nobis
1562 2650 1693 2724 ibidem

277 2769 433 2864 quotidie
458 2771 699 2844 reformentur.
721 2770 881 2864 Dumque
904 2768 1005 2841 nobis
1028 2766 1303 2862 regredientibus
1328 2790 1389 2863 per
1416 2779 1531 2864 partes
1549 2771 1691 2863 Emilie,

277 2915 381 2989 snper
396 2891 579 2966 obsidione
597 2891 760 2966 Faventie
775 2891 923 2964 civitatis
939 2891 1011 2980 Deo
1024 2900 1059 2963 et
1073 2891 1176 2962 nobis
1193 2889 1429 2965 infidelissime
1448 2903 1565 2966 noster
1583 2895 1692 2968 victo·

277 3018 390 3088 riosns
416 3017 590 3089 exercitus
617 3013 844 3106 consedisset,
865 3024 901 3088 et
925 3013 974 3086 ibi
999 3013 1116 3088 felicia
1143 3023 1254 3086 castra
1282 3023 1398 3086 nostra
1422 3016 1609 3092 deliberata
1632 3039 1694 3113 per

278 3149 389 3212 estum
408 3150 443 3210 et
458 3138 607 3212 hiemem
623 3160 716 3212 mora
734 3137 937 3228 firmaverit,
953 3146 993 3208 ut
1008 3135 1139 3209 abinde
1155 3137 1221 3209 nisi
1237 3146 1337 3233 capta
1351 3138 1489 3212 civitate
1505 3141 1594 3234 ipsa,
1612 3163 1692 3212 cum

278 3261 427 3357 captioni
451 3262 496 3334 sit
516 3261 675 3357 proxima
700 3270 735 3333 et
757 3261 863 3356 digna
880 3260 1088 3356 promeritis
1108 3269 1299 3354 reportare,
1318 3261 1517 3333 nullatenus
1532 3261 1694 3336 recedere

277 3405 532 3480 proponamus,
554 3405 683 3458 novum
709 3384 857 3457 nocendi
880 3405 991 3477 genus
1018 3382 1152 3457 invenit
1177 3383 1236 3454 ille
1253 3384 1429 3456 Romanus
1449 3385 1605 3478 pontifex
1627 3386 1693 3458 sub

279 3509 472 3581 velamento
484 3509 621 3580 concilii
634 3509 781 3580 rebelles
791 3517 825 3580 et
836 3508 954 3580 hostes
971 3516 1106 3580 nostros
1120 3506 1278 3600 undique
1290 3507 1529 3598 convocando,
1542 3518 1580 3580 ut
1591 3509 1620 3580 si
1634 3530 1694 3581 eos

278 3641 454 3726 presentes
464 3631 593 3704 babere
610 3632 749 3726 poterit,
766 3631 803 3704 in
819 3630 1009 3702 rebellione
1027 3627 1206 3701 confirmet
1223 3640 1258 3701 et
1274 3630 1367 3702 viam
1379 3632 1553 3704 scandalis
1569 3643 1695 3704 reseret

277 3755 490 3850 ampliorem.
508 3755 619 3846 Cujus
637 3753 954 3840 adinventionem,
978 3753 1069 3824 sicut
1093 3753 1221 3846 injure
1244 3764 1363 3826 nostro
1388 3752 1614 3846 confidimus,
1639 3755 1695 3828 di-

276 3877 359 3949 vine
371 3877 504 3968 justitie
521 3899 644 3948 manus
661 3885 817 3949 occurret
838 3885 877 3946 ut
893 3877 929 3946 in
947 3876 1020 3948 suis
1043 3876 1224 3948 conatibus
1244 3875 1404 3948 elidatur.
1425 3877 1515 3961 Quia
1532 3878 1638 3970 igitur
1657 3878 1693 3948 in

277 4019 374 4071 sacra
392 3999 655 4094 congregatione
677 4008 791 4072 vestra
810 3999 1059 4094 presentialiter
1083 4019 1159 4071 esse
1184 4019 1253 4070 non
1276 4020 1480 4093 possumus,
1502 4011 1693 4093 presentem

277 4121 440 4216 paginam
457 4121 555 4194 velut
577 4121 735 4195 omnium
761 4123 916 4216 gerulam
941 4119 1175 4216 predictorum
1201 4120 1303 4195 vobis
1328 4122 1495 4194 duximus
1518 4122 1695 4195 destinan-

277 4243 377 4334 dam;
397 4265 468 4339 qne
486 4255 600 4318 tamen
617 4244 808 4318 absentiam
832 4253 983 4317 nostram
1009 4243 1168 4340 suppleat
1189 4253 1224 4318 ct
1242 4245 1392 4340 assignet
1414 4245 1616 4341 presentiam
1634 4267 1695 4340 per

277 4367 422 4460 aliatus,
440 4389 502 4462 per
518 4388 624 4462 quam
643 4377 692 4440 tot
708 4377 903 4440 sanctorum
922 4367 1074 4440 virorum
1090 4367 1197 4440 sacris
1220 4367 1401 4441 ordinibus
1421 4389 1484 4440 nos
1504 4377 1539 4440 et
1557 4389 1693 4440 sacrum

277 4490 464 4585 imperium
478 4489 775 4580 commendantes,
800 4491 1021 4584 exposcimus
1035 4501 1074 4562 nt
1087 4491 1182 4586 apud
1198 4511 1383 4584 regnorum
1397 4492 1551 4563 omnium
1568 4492 1696 4564 condi-

276 4623 384 4686 torem
400 4615 461 4708 qui
483 4616 676 4725 Romanum
705 4614 887 4710 imperinm
913 4613 960 4685 ad
984 4614 1252 4708 predicationem
1277 4613 1457 4706 Evangelii
1477 4617 1691 4710 preparavit,

276 4757 340 4808 nos
356 4737 392 4808 in
407 4759 449 4810 eo
464 4737 559 4832 quod
571 4737 779 4833 possibilitas
791 4745 907 4810 nostra
922 4759 990 4810 non
1000 4737 1132 4810 obtinet
1145 4736 1380 4832 multiplicatis
1392 4737 1695 4810 intercessionibus
