4384 6004
537 661 617 723 1128
1037 659 1249 720 relocaret
1274 658 1450 720 suctum
1578 741 1583 750 .
1755 661 1838 740 [Aust.
1856 661 1945 723 1241.

534 796 613 868 tatis
633 797 788 892 auspicia
814 795 1048 894 promittebat,
1073 794 1254 868 consilium
1278 795 1385 868 eundi
1411 795 1600 870 Bononiam
1624 807 1846 884 revocantes,
1868 819 1949 892 pro·

535 921 685 1016 pensiori
705 922 848 996 consilio
865 941 989 994 versus
1013 921 1155 994 Romam
1172 919 1327 994 victricia
1342 930 1453 995 cestra
1471 931 1588 996 nostra
1605 921 1862 993 convertimus:
1885 923 1948 995 ubi

534 1044 600 1116 sub
619 1045 760 1117 vexillis
776 1045 928 1140 potentia
944 1053 1061 1118 nostre
1085 1063 1149 1116 uos
1165 1043 1332 1116 acclamat
1346 1045 1481 1117 lortuna
1500 1043 1647 1134 felicior,
1662 1065 1725 1140 per
1740 1065 1848 1138 quam
1868 1045 1947 1117 reli·

533 1168 633 1262 quie,
653 1168 683 1240 si
704 1191 775 1262 que
791 1179 872 1240 sunt
896 1181 1090 1241 nostrorum
1114 1166 1312 1258 rebellium,
1338 1177 1612 1254 consternantur,
1632 1177 1667 1240 ct
1687 1168 1810 1263 capitis
1828 1167 1946 1240 hnmi-

532 1291 614 1363 liata
628 1292 790 1386 superbia
804 1291 954 1386 collapsa
966 1293 1002 1362 iu
1018 1312 1082 1363 suo
1094 1310 1237 1384 corpore
1250 1290 1429 1364 seditionis
1441 1292 1596 1364 membra
1608 1292 1797 1364 tabescant.
1809 1291 1949 1384 Adiecit

532 1416 635 1486 etiam
651 1436 775 1486 manus
793 1414 928 1487 Domini
946 1415 1037 1486 votis
1060 1413 1182 1486 nostris
1201 1423 1388 1507 augmenta
1405 1435 1649 1507 successuum,
1674 1425 1709 1487 et
1729 1415 1948 1488 continuavit

532 1537 578 1612 de
598 1538 673 1612 celo
691 1539 868 1611 victoriam
889 1549 1084 1611 nostrorum
1100 1537 1209 1609 titulis
1222 1537 1487 1633 triumphorum.
1505 1539 1593 1611 Nam
1611 1559 1692 1610 cum
1708 1548 1801 1611 certa
1817 1539 1876 1612 dle
1892 1537 1947 1635 (l)

532 1663 582 1735 illi
598 1663 782 1758 Papienses
795 1661 917 1735 fideles
935 1663 1054 1753 nostri,
1071 1685 1141 1734 una
1155 1685 1235 1734 cum
1255 1663 1393 1736 vicariis
1406 1665 1543 1737 illarum
1557 1665 1705 1760 partium
1719 1673 1754 1736 et
1768 1664 1846 1736 aliis
1860 1663 1947 1738 lide·

457 1863 462 1874 ,
531 1787 623 1860 libus
641 1787 784 1878 nostris,
802 1786 849 1860 ad
869 1785 1090 1860 coartandum
1112 1807 1174 1882 pcr
1197 1796 1325 1860 terram
1343 1789 1507 1879 ianuam,
1532 1809 1602 1882 que
1619 1789 1655 1858 in
1674 1787 1762 1860 mari
1779 1799 1947 1882 prostrata

532 1913 660 2002 luerat,
680 1909 862 2004 magnilica
884 1911 1145 2006 processissent,
1165 1909 1438 1984 Mediolanenses
1452 1911 1567 1986 hostes
1587 1911 1743 2006 imperii,
1764 1933 1829 1984 sno
1848 1923 1946 1984 motu

531 2035 729 2130 precipites,
751 2045 928 2130 sperantes
948 2036 1075 2127 majora
1094 2033 1220 2107 inferre
1236 2035 1463 2130 Papiensibns
1484 2046 1622 2131 propter
1641 2034 1834 2108 absentiam
1856 2055 1946 2107 auo-

531 2180 609 2230 rum
636 2159 783 2230 militum
807 2167 1032 2247 nocumenta,
1054 2179 1116 2254 par
1138 2179 1323 2230 commune
1344 2180 1424 2230 cum
1446 2158 1488 2230 G.
1508 2159 1553 2232 de
1575 2160 1814 2253 Montelcngo,
1840 2181 1945 2253 quem

530 2304 619 2377 papa
636 2282 778 2377 prefecit
790 2283 842 2354 eia
855 2282 1075 2377 capitaneum
1091 2291 1126 2354 et
1139 2283 1304 2376 legatum,
1324 2303 1403 2354 cum
1417 2283 1530 2374 bunis,
1551 2283 1706 2356 buccinis
1719 2293 1754 2355 ct
1768 2283 1863 2355 tubis
1878 2283 1945 2356 snb

530 2406 689 2478 infaustis
704 2427 823 2479 eorum
842 2406 981 2479 vexillis
995 2415 1030 2478 ct
1046 2405 1197 2478 clavium
1221 2405 1402 2495 exierunt3
1422 2416 1458 2478 et
1479 2427 1559 2477 cnm
1577 2405 1797 2501 Papiensium
1816 2405 1947 2478 linibus

530 2531 758 2640 vicinaasent,
775 2530 960 2624 Pupienacs
976 2528 1096 2603 fideles
1114 2529 1220 2602 nostri
1238 2549 1315 2600 cnm
1334 2527 1501 2602 militibus
1515 2551 1655 2621 eornm,
1675 2529 1737 2624 qui
1757 2528 1816 2601 die
1831 2529 1891 2602 illc
1909 2531 1946 2601 in

529 2677 606 2728 sero
624 2656 668 2728 ab
689 2655 844 2728 exercitu
870 2677 916 2728 ex
938 2655 1114 2749 inopinato
1134 2653 1325 2746 redierant,
1343 2655 1489 2727 Domino
1512 2654 1676 2743 iaciente,
1697 2673 1760 2748 pro
1776 2651 1947 2728 Mediola-

529 2780 687 2852 nensium
700 2778 861 2873 snperbia
876 2777 1097 2868 conterende,
1114 2778 1268 2873 ipsorum
1281 2777 1435 2851 adventu
1449 2779 1601 2870 cognito,
1617 2777 1762 2883 cumeis
1778 2777 1948 2850 audacter

528 2914 563 2976 et
576 2903 720 2976 virilitor
735 2911 983 2976 concurrerunt
1002 2928 1011 2972 ε
1032 2912 1067 2974 et
1082 2902 1148 2974 snb
1163 2902 1252 2975 lelici
1267 2912 1383 2975 nostro
1395 2904 1535 2975 nomine
1549 2902 1753 2993 militantes,
1769 2901 1866 2996 ipsos
1877 2923 1945 2996 po-

528 3036 638 3100 tenter
654 3026 827 3121 adgressi,
852 3025 1104 3120 triumphaliter
1126 3023 1349 3116 devicerunt,
1371 3025 1546 3121 capientes
1568 3026 1687 3116 tubas,
1715 3025 1881 3097 buccinas
1910 3036 1945 3098 et

527 3149 659 3223 vexilla
683 3151 836 3222 clavium
861 3171 902 3222 ac
929 3149 1096 3222 vexillum
1123 3149 1336 3240 communis,
1360 3171 1440 3222 cnm
1459 3149 1637 3222 oarocium
1663 3170 1733 3222 non
1759 3148 1937 3222 baberent.

526 3277 709 3347 Trecentos
723 3295 863 3367 qnoque
881 3283 916 3345 et
932 3273 1184 3367 quinquaginta
1202 3273 1328 3346 milites
1347 3273 1392 3347 de
1409 3274 1526 3346 electis
1545 3272 1852 3346 Mediolanensium
1867 3274 1942 3346 vic·

526 3409 579 3472 tos
595 3397 769 3492 Papiensis
785 3396 929 3470 cathena
942 3396 1104 3488 deduxit,
1120 3408 1234 3494 preter
1247 3398 1380 3471 occisos
1393 3419 1541 3492 quorum
1556 3398 1619 3469 vix
1632 3407 1764 3492 poterat
1778 3419 1944 3470 numerus

526 3521 690 3596 estimari.
713 3520 803 3592 Socii
821 3541 905 3592 vero
926 3521 1028 3612 legati
1051 3521 1142 3615 capti
1169 3523 1325 3609 luerunt,
1349 3518 1412 3593 sed
1438 3518 1483 3592 de
1504 3521 1616 3613 legato
1635 3521 1727 3614 ipso,
1746 3519 1776 3592 si
1793 3519 1944 3594 evadere

527 3644 638 3740 potuit
654 3645 709 3716 vel
726 3644 867 3716 inbelle
884 3645 1021 3735 occidit,
1037 3644 1121 3737 quia
1135 3645 1171 3716 in
1186 3645 1349 3716 missione
1362 3644 1573 3738 presentium
1590 3666 1659 3717 non
1675 3654 1807 3740 poterat
1823 3643 1942 3716 baberi

526 3766 709 3859 certitudo,
728 3767 814 3861 quid
830 3767 875 3840 de
892 3789 1039 3863 persona
1056 3768 1287 3857 successerit,
1307 3767 1518 3860 ignoramus.
1535 3767 1604 3840 Sed
1620 3766 1713 3840 istud
1727 3767 1816 3840 inter
1834 3765 1942 3839 dubia

526 3892 683 3966 nondum
701 3891 785 3963 certi
802 3890 942 3964 credere
959 3891 1136 3978 volumus,
1156 3891 1192 3962 in
1208 3911 1250 3963 eo
1267 3891 1329 3984 qui
1349 3901 1502 3964 nostrum
1522 3891 1558 3961 in
1576 3913 1640 3964 suo
1653 3891 1733 3983 jure
1746 3889 1860 3964 firmat
1875 3891 1939 3961 irn-

526 4016 661 4112 perium
683 4013 912 4100 confidentes,
934 4013 1030 4108 quod
1043 4015 1155 4087 tribus
1173 4015 1209 4086 in
1225 4015 1375 4108 fugitivo
1386 4035 1516 4110 equore
1530 4013 1639 4111 captis
1657 4013 1793 4107 legatis,
1816 4013 1941 4108 pariter

526 4149 561 4213 et
575 4140 710 4234 ligatis,
726 4141 841 4234 justus
858 4137 1025 4212 Dominus
1039 4147 1201 4233 quartum
1217 4139 1254 4210 in
1275 4149 1365 4212 terra
1386 4139 1539 4230 legatum
1559 4159 1629 4210 non
1650 4136 1843 4232 permiserit
1856 4157 1939 4208 cra·

526 4263 625 4336 sisse.
642 4264 717 4348 Que
732 4262 850 4335 omnia
867 4260 929 4332 tibi
940 4259 1178 4354 significamus
1192 4261 1239 4335 ad
1252 4261 1436 4356 gaudium,
1452 4271 1492 4334 nt
1502 4261 1592 4333 sicut
1603 4280 1642 4332 es
1654 4271 1850 4334 nostrorum
1862 4279 1941 4332 snc-

527 4407 688 4460 cessuum
700 4386 843 4476 avidus,
859 4386 1030 4480 particeps
1048 4385 1096 4456 sis
1114 4384 1291 4480 triumphi.

562 4673 601 4749 (ι’)
620 4677 692 4733 llaec
708 4689 800 4749 pugna
815 4673 958 4731 undecimo
971 4673 1015 4731 dic
1028 4674 1091 4732 maii
1105 4675 1133 4731 in
1146 4673 1268 4748 partibus
1278 4675 1441 4748 Pontislcngi
1456 4681 1485 4734 et
1500 4671 1691 4748 Campimortui
1710 4673 1855 4746 Papicmea
1871 4671 1941 4728 iuter

527 4785 556 4832 et
566 4774 780 4834 llediclauenaea
792 4771 893 4830 tradita
905 4770 965 4828 luit.
