<?xml version="1.0" encoding="UTF-8"?>
<!DOCTYPE html PUBLIC "-//W3C//DTD XHTML 1.0 Transitional//EN"
    "http://www.w3.org/TR/xhtml1/DTD/xhtml1-transitional.dtd">
<html xmlns="http://www.w3.org/1999/xhtml" xml:lang="en" lang="en">
 <head>
  <title>
</title>
<meta http-equiv="Content-Type" content="text/html;charset=utf-8" />
  <meta name='ocr-system' content='tesseract 3.04.00' />
  <meta name='ocr-capabilities' content='ocr_page ocr_carea ocr_par ocr_line ocrx_word'/>
</head>
<body>
  <div class='ocr_page' id='page_1' title='image "./historiadiploma01fredgoog_0419.png"; bbox 0 0 4384 6004; ppageno 0'>
   <div class='ocr_carea' id='block_1_1' title="bbox 228 631 1654 735">
    <p class='ocr_par' dir='ltr' id='par_1_1' title="bbox 228 631 1654 735">
     <span class='ocr_line' id='line_1_1' title="bbox 228 631 1654 735; baseline -0.011 -31"><span class='ocrx_word' id='word_1_1' title='bbox 228 645 329 704; x_wconf 68' lang='lat' dir='ltr'><strong>lanam.</strong></span> <span class='ocrx_word' id='word_1_2' title='bbox 348 643 409 720; x_wconf 62' lang='lat'><strong>14]</strong></span> <span class='ocrx_word' id='word_1_3' title='bbox 677 639 872 699; x_wconf 74' lang='lat' dir='ltr'>HISTORIA</span> <span class='ocrx_word' id='word_1_4' title='bbox 896 634 1189 698; x_wconf 77' lang='lat' dir='ltr'><strong>oratottaalca</strong></span> <span class='ocrx_word' id='word_1_5' title='bbox 1558 631 1654 735; x_wconf 85' lang='grc' dir='ltr'><strong>1053Ι</strong></span> 
     </span>
    </p>
   </div>
   <div class='ocr_carea' id='block_1_2' title="bbox 310 813 1634 1009">
    <p class='ocr_par' dir='ltr' id='par_1_2' title="bbox 310 813 1634 1009">
     <span class='ocr_line' id='line_1_2' title="bbox 310 813 1634 904; baseline -0.008 -18"><span class='ocrx_word' id='word_1_6' title='bbox 310 827 433 902; x_wconf 76' lang='lat' dir='ltr'><strong>(luadit.</strong></span> <span class='ocrx_word' id='word_1_7' title='bbox 457 841 496 886; x_wconf 83' lang='lat' dir='ltr'><strong>ex</strong></span> <span class='ocrx_word' id='word_1_8' title='bbox 518 823 637 904; x_wconf 77' lang='lat' dir='ltr'><strong>Grcpor.</strong></span> <span class='ocrx_word' id='word_1_9' title='bbox 657 823 703 884; x_wconf 82' lang='lat' dir='ltr'><strong>1x</strong></span> <span class='ocrx_word' id='word_1_10' title='bbox 715 823 841 904; x_wconf 72' lang='lat' dir='ltr'><strong>depost„</strong></span> <span class='ocrx_word' id='word_1_11' title='bbox 860 841 932 886; x_wconf 88' lang='lat' dir='ltr'><strong>ann.</strong></span> <span class='ocrx_word' id='word_1_12' title='bbox 952 825 1039 903; x_wconf 86' lang='lat' dir='ltr'><strong>xlv,</strong></span> <span class='ocrx_word' id='word_1_13' title='bbox 1055 827 1088 884; x_wconf 92' lang='lat' dir='ltr'><strong>ln</strong></span> <span class='ocrx_word' id='word_1_14' title='bbox 1109 818 1223 885; x_wconf 74' lang='lat' dir='ltr'><strong>autaut.</strong></span> <span class='ocrx_word' id='word_1_15' title='bbox 1243 821 1288 880; x_wconf 82' lang='lat' dir='ltr'><strong>La</strong></span> <span class='ocrx_word' id='word_1_16' title='bbox 1302 819 1389 879; x_wconf 76' lang='lat' dir='ltr'><strong>Porta</strong></span> <span class='ocrx_word' id='word_1_17' title='bbox 1407 815 1447 878; x_wconf 84' lang='lat' dir='ltr'><strong>da</strong></span> <span class='ocrx_word' id='word_1_18' title='bbox 1473 813 1569 891; x_wconf 68' lang='lat' dir='ltr'><strong>atad,</strong></span> <span class='ocrx_word' id='word_1_19' title='bbox 1585 833 1634 893; x_wconf 84' lang='lat' dir='ltr'><strong>up.</strong></span> 
     </span>
     <span class='ocr_line' id='line_1_3' title="bbox 350 929 841 1009; baseline -0.002 -17"><span class='ocrx_word' id='word_1_20' title='bbox 350 931 492 992; x_wconf 86' lang='lat' dir='ltr'><strong>Biblioth.</strong></span> <span class='ocrx_word' id='word_1_21' title='bbox 507 931 604 993; x_wconf 73' lang='lat' dir='ltr'><strong>(teser.</strong></span> <span class='ocrx_word' id='word_1_22' title='bbox 620 929 841 1009; x_wconf 84' lang='lat' dir='ltr'><strong>Parlslensem.)</strong></span> 
     </span>
    </p>
   </div>
   <div class='ocr_carea' id='block_1_3' title="bbox 231 1150 1699 4684">
    <p class='ocr_par' dir='ltr' id='par_1_3' title="bbox 231 1150 1653 4317">
     <span class='ocr_line' id='line_1_4' title="bbox 278 1150 1638 1249; baseline -0.007 -21"><span class='ocrx_word' id='word_1_23' title='bbox 278 1155 482 1249; x_wconf 77' lang='lat' dir='ltr'><strong>Gregorius,</strong></span> <span class='ocrx_word' id='word_1_24' title='bbox 499 1163 581 1245; x_wconf 72' lang='lat' dir='ltr'><strong>eto,</strong></span> <span class='ocrx_word' id='word_1_25' title='bbox 598 1155 638 1225; x_wconf 90' lang='lat' dir='ltr'><strong>G.</strong></span> <span class='ocrx_word' id='word_1_26' title='bbox 659 1152 705 1227; x_wconf 93' lang='lat' dir='ltr'><strong>de</strong></span> <span class='ocrx_word' id='word_1_27' title='bbox 717 1155 882 1228; x_wconf 79' lang='lat' dir='ltr'><strong>Romania</strong></span> <span class='ocrx_word' id='word_1_28' title='bbox 901 1154 1114 1226; x_wconf 87' lang='lat' dir='ltr'><strong>subdiacono</strong></span> <span class='ocrx_word' id='word_1_29' title='bbox 1133 1161 1168 1224; x_wconf 90' lang='lat' dir='ltr'><strong>et</strong></span> <span class='ocrx_word' id='word_1_30' title='bbox 1187 1150 1387 1245; x_wconf 82' lang='lat' dir='ltr'>cappellano</span> <span class='ocrx_word' id='word_1_31' title='bbox 1403 1157 1531 1238; x_wconf 89' lang='lat' dir='ltr'><strong>nostro,</strong></span> <span class='ocrx_word' id='word_1_32' title='bbox 1552 1169 1638 1242; x_wconf 90' lang='lat' dir='ltr'><strong>apu-</strong></span> 
     </span>
     <span class='ocr_line' id='line_1_5' title="bbox 231 1274 1639 1374; baseline -0.006 -24"><span class='ocrx_word' id='word_1_33' title='bbox 231 1278 352 1351; x_wconf 87' lang='lat' dir='ltr'><strong>stolioe</strong></span> <span class='ocrx_word' id='word_1_34' title='bbox 375 1278 469 1352; x_wconf 87' lang='lat' dir='ltr'><strong>sedis</strong></span> <span class='ocrx_word' id='word_1_35' title='bbox 491 1279 622 1371; x_wconf 78' lang='lat' dir='ltr'><strong>legato,</strong></span> <span class='ocrx_word' id='word_1_36' title='bbox 646 1289 712 1351; x_wconf 89' lang='lat' dir='ltr'><strong>etc.</strong></span> <span class='ocrx_word' id='word_1_37' title='bbox 736 1281 852 1374; x_wconf 81' lang='lat' dir='ltr'>Nuper</span> <span class='ocrx_word' id='word_1_38' title='bbox 879 1299 942 1374; x_wconf 91' lang='lat' dir='ltr'><strong>pro</strong></span> <span class='ocrx_word' id='word_1_39' title='bbox 961 1278 1107 1351; x_wconf 86' lang='lat' dir='ltr'><strong>diversis</strong></span> <span class='ocrx_word' id='word_1_40' title='bbox 1127 1287 1162 1349; x_wconf 90' lang='lat' dir='ltr'><strong>et</strong></span> <span class='ocrx_word' id='word_1_41' title='bbox 1183 1275 1304 1347; x_wconf 81' lang='lat' dir='ltr'>arduis</span> <span class='ocrx_word' id='word_1_42' title='bbox 1318 1274 1470 1345; x_wconf 84' lang='lat' dir='ltr'><strong>Ecclesia</strong></span> <span class='ocrx_word' id='word_1_43' title='bbox 1486 1275 1639 1345; x_wconf 82' lang='lat' dir='ltr'><strong>Romane</strong></span> 
     </span>
     <span class='ocr_line' id='line_1_6' title="bbox 233 1397 1641 1496; baseline -0.003 -24"><span class='ocrx_word' id='word_1_44' title='bbox 233 1402 399 1494; x_wconf 75' lang='lat' dir='ltr'><strong>negotiis,</strong></span> <span class='ocrx_word' id='word_1_45' title='bbox 419 1402 639 1474; x_wconf 86' lang='lat' dir='ltr'><strong>eeclesiarum</strong></span> <span class='ocrx_word' id='word_1_46' title='bbox 655 1403 820 1496; x_wconf 87' lang='lat' dir='ltr'><strong>prelatos,</strong></span> <span class='ocrx_word' id='word_1_47' title='bbox 839 1423 960 1494; x_wconf 80' lang='lat' dir='ltr'><strong>regum</strong></span> <span class='ocrx_word' id='word_1_48' title='bbox 978 1413 1012 1473; x_wconf 85' lang='lat' dir='ltr'><strong>et</strong></span> <span class='ocrx_word' id='word_1_49' title='bbox 1025 1400 1215 1494; x_wconf 85' lang='lat' dir='ltr'><strong>principum</strong></span> <span class='ocrx_word' id='word_1_50' title='bbox 1232 1398 1369 1468; x_wconf 91' lang='lat' dir='ltr'><strong>nuntios</strong></span> <span class='ocrx_word' id='word_1_51' title='bbox 1382 1397 1428 1468; x_wconf 90' lang='lat' dir='ltr'><strong>ad</strong></span> <span class='ocrx_word' id='word_1_52' title='bbox 1444 1399 1567 1467; x_wconf 83' lang='lat' dir='ltr'><strong>testum</strong></span> <span class='ocrx_word' id='word_1_53' title='bbox 1586 1417 1641 1468; x_wconf 91' lang='lat' dir='ltr'><strong>re·</strong></span> 
     </span>
     <span class='ocr_line' id='line_1_7' title="bbox 231 1517 1641 1620; baseline -0.004 -25"><span class='ocrx_word' id='word_1_54' title='bbox 231 1524 457 1596; x_wconf 81' lang='lat' dir='ltr'><strong>surrectionis</strong></span> <span class='ocrx_word' id='word_1_55' title='bbox 469 1517 640 1597; x_wconf 89' lang='lat' dir='ltr'><strong>dominice</strong></span> <span class='ocrx_word' id='word_1_56' title='bbox 655 1526 816 1620; x_wconf 91' lang='lat' dir='ltr'><strong>proximo</strong></span> <span class='ocrx_word' id='word_1_57' title='bbox 830 1537 1013 1596; x_wconf 90' lang='lat' dir='ltr'><strong>venturum</strong></span> <span class='ocrx_word' id='word_1_58' title='bbox 1029 1524 1196 1596; x_wconf 89' lang='lat' dir='ltr'><strong>duximus</strong></span> <span class='ocrx_word' id='word_1_59' title='bbox 1208 1521 1253 1592; x_wconf 87' lang='lat' dir='ltr'><strong>ad</strong></span> <span class='ocrx_word' id='word_1_60' title='bbox 1269 1531 1418 1593; x_wconf 91' lang='lat' dir='ltr'><strong>nostram</strong></span> <span class='ocrx_word' id='word_1_61' title='bbox 1434 1521 1641 1613; x_wconf 87' lang='lat' dir='ltr'><strong>presentiam</strong></span> 
     </span>
     <span class='ocr_line' id='line_1_8' title="bbox 232 1643 1642 1744; baseline -0.004 -26"><span class='ocrx_word' id='word_1_62' title='bbox 232 1647 468 1719; x_wconf 86' lang='lat' dir='ltr'><strong>advocandos.</strong></span> <span class='ocrx_word' id='word_1_63' title='bbox 489 1649 615 1720; x_wconf 90' lang='lat' dir='ltr'><strong>Verum</strong></span> <span class='ocrx_word' id='word_1_64' title='bbox 632 1651 715 1742; x_wconf 84' lang='lat' dir='ltr'><strong>quie</strong></span> <span class='ocrx_word' id='word_1_65' title='bbox 733 1651 822 1722; x_wconf 87' lang='lat' dir='ltr'><strong>siout</strong></span> <span class='ocrx_word' id='word_1_66' title='bbox 846 1671 909 1744; x_wconf 91' lang='lat' dir='ltr'><strong>pro</strong></span> <span class='ocrx_word' id='word_1_67' title='bbox 932 1659 1024 1721; x_wconf 85' lang='lat' dir='ltr'><strong>certo</strong></span> <span class='ocrx_word' id='word_1_68' title='bbox 1045 1647 1293 1733; x_wconf 83' lang='lat' dir='ltr'><strong>intelleximus,</strong></span> <span class='ocrx_word' id='word_1_69' title='bbox 1315 1644 1505 1714; x_wconf 80' lang='lat' dir='ltr'><strong>l&#39;riderious</strong></span> <span class='ocrx_word' id='word_1_70' title='bbox 1530 1643 1642 1714; x_wconf 91' lang='lat' dir='ltr'><strong>dictus</strong></span> 
     </span>
     <span class='ocr_line' id='line_1_9' title="bbox 233 1769 1644 1864; baseline -0.004 -24"><span class='ocrx_word' id='word_1_71' title='bbox 233 1773 434 1864; x_wconf 87' lang='lat' dir='ltr'><strong>imperator,</strong></span> <span class='ocrx_word' id='word_1_72' title='bbox 454 1770 674 1842; x_wconf 88' lang='lat' dir='ltr'><strong>adversarius</strong></span> <span class='ocrx_word' id='word_1_73' title='bbox 692 1771 752 1842; x_wconf 86' lang='lat' dir='ltr'><strong>Dei</strong></span> <span class='ocrx_word' id='word_1_74' title='bbox 769 1781 802 1842; x_wconf 91' lang='lat' dir='ltr'><strong>et</strong></span> <span class='ocrx_word' id='word_1_75' title='bbox 818 1771 986 1858; x_wconf 86' lang='lat' dir='ltr'><strong>Ecclesia,</strong></span> <span class='ocrx_word' id='word_1_76' title='bbox 1006 1771 1218 1842; x_wconf 84' lang='lat' dir='ltr'><strong>vocatiouem</strong></span> <span class='ocrx_word' id='word_1_77' title='bbox 1233 1769 1332 1839; x_wconf 90' lang='lat' dir='ltr'><strong>istam</strong></span> <span class='ocrx_word' id='word_1_78' title='bbox 1350 1778 1516 1860; x_wconf 89' lang='lat' dir='ltr'><strong>quantum</strong></span> <span class='ocrx_word' id='word_1_79' title='bbox 1533 1774 1644 1859; x_wconf 87' lang='lat' dir='ltr'><strong>potest</strong></span> 
     </span>
     <span class='ocr_line' id='line_1_10' title="bbox 232 1890 1645 1988; baseline -0.004 -25"><span class='ocrx_word' id='word_1_80' title='bbox 232 1894 355 1964; x_wconf 91' lang='lat' dir='ltr'><strong>nititur</strong></span> <span class='ocrx_word' id='word_1_81' title='bbox 371 1893 552 1988; x_wconf 87' lang='lat' dir='ltr'><strong>impedire,</strong></span> <span class='ocrx_word' id='word_1_82' title='bbox 567 1894 789 1988; x_wconf 86' lang='lat' dir='ltr'><strong>precipiendo</strong></span> <span class='ocrx_word' id='word_1_83' title='bbox 808 1894 1013 1965; x_wconf 87' lang='lat' dir='ltr'><strong>mandamus</strong></span> <span class='ocrx_word' id='word_1_84' title='bbox 1027 1905 1208 1986; x_wconf 89' lang='lat' dir='ltr'><strong>quatenus,</strong></span> <span class='ocrx_word' id='word_1_85' title='bbox 1224 1913 1303 1962; x_wconf 90' lang='lat' dir='ltr'><strong>oum</strong></span> <span class='ocrx_word' id='word_1_86' title='bbox 1320 1891 1413 1961; x_wconf 90' lang='lat' dir='ltr'><strong>nulla</strong></span> <span class='ocrx_word' id='word_1_87' title='bbox 1428 1890 1558 1960; x_wconf 85' lang='lat' dir='ltr'><strong>ratione</strong></span> <span class='ocrx_word' id='word_1_88' title='bbox 1571 1897 1645 1959; x_wconf 87' lang='lat' dir='ltr'><strong>tan-</strong></span> 
     </span>
     <span class='ocr_line' id='line_1_11' title="bbox 234 2011 1645 2110; baseline -0.003 -24"><span class='ocrx_word' id='word_1_89' title='bbox 234 2015 305 2086; x_wconf 85' lang='lat' dir='ltr'><strong>tarn</strong></span> <span class='ocrx_word' id='word_1_90' title='bbox 319 2017 563 2095; x_wconf 66' lang='lat' dir='ltr'><strong>,oonlnsiouem</strong></span> <span class='ocrx_word' id='word_1_91' title='bbox 575 2016 726 2088; x_wconf 82' lang='lat' dir='ltr'><strong>Ecclesie</strong></span> <span class='ocrx_word' id='word_1_92' title='bbox 741 2017 910 2088; x_wconf 88' lang='lat' dir='ltr'><strong>sustinere</strong></span> <span class='ocrx_word' id='word_1_93' title='bbox 927 2017 1119 2110; x_wconf 82' lang='lat' dir='ltr'><strong>possimne,</strong></span> <span class='ocrx_word' id='word_1_94' title='bbox 1139 2017 1228 2086; x_wconf 91' lang='lat' dir='ltr'><strong>siout</strong></span> <span class='ocrx_word' id='word_1_95' title='bbox 1244 2036 1359 2086; x_wconf 89' lang='lat' dir='ltr'><strong>caram</strong></span> <span class='ocrx_word' id='word_1_96' title='bbox 1377 2013 1485 2084; x_wconf 90' lang='lat' dir='ltr'><strong>habes</strong></span> <span class='ocrx_word' id='word_1_97' title='bbox 1500 2011 1645 2102; x_wconf 80' lang='lat' dir='ltr'><strong>gratiam</strong></span> 
     </span>
     <span class='ocr_line' id='line_1_12' title="bbox 234 2133 1647 2232; baseline -0.003 -24"><span class='ocrx_word' id='word_1_98' title='bbox 234 2139 423 2232; x_wconf 88' lang='lat' dir='ltr'><strong>apostolice</strong></span> <span class='ocrx_word' id='word_1_99' title='bbox 438 2139 531 2211; x_wconf 91' lang='lat' dir='ltr'><strong>sodis</strong></span> <span class='ocrx_word' id='word_1_100' title='bbox 545 2147 580 2210; x_wconf 88' lang='lat' dir='ltr'><strong>et</strong></span> <span class='ocrx_word' id='word_1_101' title='bbox 597 2149 769 2229; x_wconf 88' lang='lat' dir='ltr'><strong>nostram,</strong></span> <span class='ocrx_word' id='word_1_102' title='bbox 787 2161 867 2210; x_wconf 88' lang='lat' dir='ltr'><strong>oum</strong></span> <span class='ocrx_word' id='word_1_103' title='bbox 887 2139 993 2212; x_wconf 91' lang='lat' dir='ltr'><strong>nobili</strong></span> <span class='ocrx_word' id='word_1_104' title='bbox 1009 2140 1084 2210; x_wconf 91' lang='lat' dir='ltr'><strong>viru</strong></span> <span class='ocrx_word' id='word_1_105' title='bbox 1103 2147 1269 2232; x_wconf 86' lang='lat' dir='ltr'><strong>potestate</strong></span> <span class='ocrx_word' id='word_1_106' title='bbox 1282 2149 1317 2207; x_wconf 90' lang='lat' dir='ltr'><strong>et</strong></span> <span class='ocrx_word' id='word_1_107' title='bbox 1332 2135 1472 2208; x_wconf 89' lang='lat' dir='ltr'><strong>consilio</strong></span> <span class='ocrx_word' id='word_1_108' title='bbox 1486 2133 1647 2206; x_wconf 89' lang='lat' dir='ltr'><strong>Januensi</strong></span> 
     </span>
     <span class='ocr_line' id='line_1_13' title="bbox 235 2255 1648 2354; baseline -0.002 -23"><span class='ocrx_word' id='word_1_109' title='bbox 235 2261 332 2353; x_wconf 89' lang='lat' dir='ltr'><strong>quod</strong></span> <span class='ocrx_word' id='word_1_110' title='bbox 347 2271 481 2332; x_wconf 88' lang='lat' dir='ltr'><strong>tantum</strong></span> <span class='ocrx_word' id='word_1_111' title='bbox 496 2281 679 2334; x_wconf 89' lang='lat' dir='ltr'><strong>numerum</strong></span> <span class='ocrx_word' id='word_1_112' title='bbox 697 2263 872 2354; x_wconf 79' lang='lat' dir='ltr'><strong>galearum</strong></span> <span class='ocrx_word' id='word_1_113' title='bbox 891 2272 925 2332; x_wconf 90' lang='lat' dir='ltr'><strong>et</strong></span> <span class='ocrx_word' id='word_1_114' title='bbox 943 2261 1085 2331; x_wconf 90' lang='lat' dir='ltr'><strong>navium</strong></span> <span class='ocrx_word' id='word_1_115' title='bbox 1098 2261 1133 2330; x_wconf 93' lang='lat' dir='ltr'><strong>in</strong></span> <span class='ocrx_word' id='word_1_116' title='bbox 1146 2259 1273 2352; x_wconf 91' lang='lat' dir='ltr'><strong>quibus</strong></span> <span class='ocrx_word' id='word_1_117' title='bbox 1290 2260 1438 2352; x_wconf 90' lang='lat' dir='ltr'><strong>prelatos</strong></span> <span class='ocrx_word' id='word_1_118' title='bbox 1454 2268 1488 2328; x_wconf 92' lang='lat' dir='ltr'><strong>et</strong></span> <span class='ocrx_word' id='word_1_119' title='bbox 1503 2258 1587 2328; x_wconf 90' lang='lat' dir='ltr'><strong>alios</strong></span> <span class='ocrx_word' id='word_1_120' title='bbox 1601 2255 1648 2328; x_wconf 93' lang='lat' dir='ltr'><strong>ad</strong></span> 
     </span>
     <span class='ocr_line' id='line_1_14' title="bbox 237 2379 1649 2478; baseline -0.002 -25"><span class='ocrx_word' id='word_1_121' title='bbox 237 2385 352 2478; x_wconf 89' lang='lat' dir='ltr'><strong>ipsum</strong></span> <span class='ocrx_word' id='word_1_122' title='bbox 370 2386 555 2455; x_wconf 87' lang='lat' dir='ltr'><strong>concilium</strong></span> <span class='ocrx_word' id='word_1_123' title='bbox 575 2381 770 2476; x_wconf 80' lang='lat' dir='ltr'><strong>uenientes,</strong></span> <span class='ocrx_word' id='word_1_124' title='bbox 792 2407 912 2456; x_wconf 85' lang='lat' dir='ltr'><strong>secure</strong></span> <span class='ocrx_word' id='word_1_125' title='bbox 934 2383 979 2454; x_wconf 87' lang='lat' dir='ltr'><strong>ad</strong></span> <span class='ocrx_word' id='word_1_126' title='bbox 1001 2385 1118 2455; x_wconf 87' lang='lat' dir='ltr'><strong>sedem</strong></span> <span class='ocrx_word' id='word_1_127' title='bbox 1144 2381 1362 2475; x_wconf 90' lang='lat' dir='ltr'><strong>apostolicam</strong></span> <span class='ocrx_word' id='word_1_128' title='bbox 1388 2379 1593 2454; x_wconf 83' lang='lat' dir='ltr'><strong>deterendos</strong></span> <span class='ocrx_word' id='word_1_129' title='bbox 1615 2387 1649 2451; x_wconf 89' lang='lat' dir='ltr'><strong>et</strong></span> 
     </span>
     <span class='ocr_line' id='line_1_15' title="bbox 239 2503 1650 2600; baseline -0.002 -23"><span class='ocrx_word' id='word_1_130' title='bbox 239 2506 472 2592; x_wconf 87' lang='lat' dir='ltr'><strong>reducendos,</strong></span> <span class='ocrx_word' id='word_1_131' title='bbox 492 2508 528 2577; x_wconf 93' lang='lat' dir='ltr'><strong>in</strong></span> <span class='ocrx_word' id='word_1_132' title='bbox 544 2508 627 2579; x_wconf 89' lang='lat' dir='ltr'><strong>locis</strong></span> <span class='ocrx_word' id='word_1_133' title='bbox 645 2528 733 2600; x_wconf 90' lang='lat' dir='ltr'><strong>quos</strong></span> <span class='ocrx_word' id='word_1_134' title='bbox 749 2517 864 2579; x_wconf 89' lang='lat' dir='ltr'><strong>tecum</strong></span> <span class='ocrx_word' id='word_1_135' title='bbox 882 2519 915 2578; x_wconf 89' lang='lat' dir='ltr'><strong>et</strong></span> <span class='ocrx_word' id='word_1_136' title='bbox 933 2529 1012 2577; x_wconf 91' lang='lat' dir='ltr'><strong>cum</strong></span> <span class='ocrx_word' id='word_1_137' title='bbox 1035 2505 1133 2577; x_wconf 92' lang='lat' dir='ltr'><strong>dictis</strong></span> <span class='ocrx_word' id='word_1_138' title='bbox 1152 2513 1317 2599; x_wconf 75' lang='lat' dir='ltr'><strong>potestate</strong></span> <span class='ocrx_word' id='word_1_139' title='bbox 1334 2513 1368 2574; x_wconf 91' lang='lat' dir='ltr'><strong>et</strong></span> <span class='ocrx_word' id='word_1_140' title='bbox 1386 2505 1527 2575; x_wconf 92' lang='lat' dir='ltr'><strong>oonsilio</strong></span> <span class='ocrx_word' id='word_1_141' title='bbox 1545 2503 1650 2574; x_wconf 93' lang='lat' dir='ltr'><strong>dileo·</strong></span> 
     </span>
     <span class='ocr_line' id='line_1_16' title="bbox 239 2625 1651 2722; baseline -0.001 -25"><span class='ocrx_word' id='word_1_142' title='bbox 239 2637 295 2699; x_wconf 89' lang='lat' dir='ltr'><strong>tus</strong></span> <span class='ocrx_word' id='word_1_143' title='bbox 312 2625 405 2698; x_wconf 90' lang='lat' dir='ltr'><strong>lilius</strong></span> <span class='ocrx_word' id='word_1_144' title='bbox 407 2680 482 2698; x_wconf 90' lang='grc'><strong>.....</strong></span> <span class='ocrx_word' id='word_1_145' title='bbox 502 2630 605 2700; x_wconf 83' lang='lat' dir='ltr'><strong>frater</strong></span> <span class='ocrx_word' id='word_1_146' title='bbox 626 2629 858 2701; x_wconf 77' lang='lat' dir='ltr'><strong>cisterciensis</strong></span> <span class='ocrx_word' id='word_1_147' title='bbox 880 2629 1013 2700; x_wconf 91' lang='lat' dir='ltr'><strong>ordinis</strong></span> <span class='ocrx_word' id='word_1_148' title='bbox 1033 2631 1120 2699; x_wconf 86' lang='lat' dir='ltr'><strong>lator</strong></span> <span class='ocrx_word' id='word_1_149' title='bbox 1137 2627 1367 2722; x_wconf 90' lang='lat' dir='ltr'><strong>presentium,</strong></span> <span class='ocrx_word' id='word_1_150' title='bbox 1392 2646 1496 2718; x_wconf 90' lang='lat' dir='ltr'><strong>quem</strong></span> <span class='ocrx_word' id='word_1_151' title='bbox 1515 2625 1562 2696; x_wconf 92' lang='lat' dir='ltr'><strong>ob</strong></span> <span class='ocrx_word' id='word_1_152' title='bbox 1585 2625 1651 2697; x_wconf 93' lang='lat' dir='ltr'><strong>hoc</strong></span> 
     </span>
     <span class='ocr_line' id='line_1_17' title="bbox 238 2748 1651 2846; baseline -0.002 -25"><span class='ocrx_word' id='word_1_153' title='bbox 238 2751 513 2843; x_wconf 83' lang='lat' dir='ltr'><strong>transmittimus,</strong></span> <span class='ocrx_word' id='word_1_154' title='bbox 530 2761 670 2842; x_wconf 89' lang='lat' dir='ltr'><strong>statuet,</strong></span> <span class='ocrx_word' id='word_1_155' title='bbox 687 2753 819 2846; x_wconf 88' lang='lat' dir='ltr'><strong>possint</strong></span> <span class='ocrx_word' id='word_1_156' title='bbox 835 2753 1000 2845; x_wconf 86' lang='lat' dir='ltr'><strong>recipere,</strong></span> <span class='ocrx_word' id='word_1_157' title='bbox 1016 2759 1208 2844; x_wconf 90' lang='lat' dir='ltr'><strong>preparent,</strong></span> <span class='ocrx_word' id='word_1_158' title='bbox 1228 2769 1360 2830; x_wconf 88' lang='lat' dir='ltr'><strong>necnon</strong></span> <span class='ocrx_word' id='word_1_159' title='bbox 1377 2748 1422 2820; x_wconf 91' lang='lat' dir='ltr'><strong>de</strong></span> <span class='ocrx_word' id='word_1_160' title='bbox 1438 2758 1530 2820; x_wconf 87' lang='lat' dir='ltr'><strong>certo</strong></span> <span class='ocrx_word' id='word_1_161' title='bbox 1546 2749 1651 2819; x_wconf 90' lang='lat' dir='ltr'><strong>naulo</strong></span> 
     </span>
     <span class='ocr_line' id='line_1_18' title="bbox 240 2871 1652 2966; baseline -0.001 -23"><span class='ocrx_word' id='word_1_162' title='bbox 240 2894 301 2966; x_wconf 93' lang='lat' dir='ltr'><strong>pro</strong></span> <span class='ocrx_word' id='word_1_163' title='bbox 321 2874 467 2966; x_wconf 82' lang='lat' dir='ltr'><strong>singulis</strong></span> <span class='ocrx_word' id='word_1_164' title='bbox 485 2875 643 2966; x_wconf 78' lang='lat' dir='ltr'><strong>galeis-et</strong></span> <span class='ocrx_word' id='word_1_165' title='bbox 657 2873 807 2948; x_wconf 83' lang='lat' dir='ltr'><strong>navibus</strong></span> <span class='ocrx_word' id='word_1_166' title='bbox 830 2875 881 2946; x_wconf 89' lang='lat' dir='ltr'><strong>sio</strong></span> <span class='ocrx_word' id='word_1_167' title='bbox 902 2884 1030 2962; x_wconf 85' lang='lat' dir='ltr'><strong>caute,</strong></span> <span class='ocrx_word' id='word_1_168' title='bbox 1044 2874 1094 2945; x_wconf 90' lang='lat' dir='ltr'><strong>sic</strong></span> <span class='ocrx_word' id='word_1_169' title='bbox 1115 2883 1245 2945; x_wconf 91' lang='lat' dir='ltr'><strong>secrato</strong></span> <span class='ocrx_word' id='word_1_170' title='bbox 1261 2871 1356 2966; x_wconf 91' lang='lat' dir='ltr'><strong>quod</strong></span> <span class='ocrx_word' id='word_1_171' title='bbox 1374 2871 1410 2944; x_wconf 92' lang='lat' dir='ltr'><strong>id</strong></span> <span class='ocrx_word' id='word_1_172' title='bbox 1432 2893 1652 2965; x_wconf 88' lang='lat' dir='ltr'><strong>nequaquam</strong></span> 
     </span>
     <span class='ocr_line' id='line_1_19' title="bbox 240 2993 1652 3090; baseline -0.003 -24"><span class='ocrx_word' id='word_1_173' title='bbox 240 3005 426 3090; x_wconf 86' lang='lat' dir='ltr'><strong>antequam</strong></span> <span class='ocrx_word' id='word_1_174' title='bbox 451 2994 549 3069; x_wconf 84' lang='lat' dir='ltr'><strong>firma</strong></span> <span class='ocrx_word' id='word_1_175' title='bbox 574 2997 643 3070; x_wconf 90' lang='lat' dir='ltr'><strong>sint</strong></span> <span class='ocrx_word' id='word_1_176' title='bbox 664 2995 779 3070; x_wconf 90' lang='lat' dir='ltr'><strong>omnia</strong></span> <span class='ocrx_word' id='word_1_177' title='bbox 797 2993 838 3070; x_wconf 78' lang='lat' dir='ltr'><strong>&#39;et</strong></span> <span class='ocrx_word' id='word_1_178' title='bbox 862 2993 1015 3069; x_wconf 76' lang='lat' dir='ltr'><strong>firmiterl</strong></span> <span class='ocrx_word' id='word_1_179' title='bbox 1029 2997 1205 3086; x_wconf 89' lang='lat' dir='ltr'><strong>roborata,</strong></span> <span class='ocrx_word' id='word_1_180' title='bbox 1232 2993 1383 3066; x_wconf 89' lang='lat' dir='ltr'><strong>addicti</strong></span> <span class='ocrx_word' id='word_1_181' title='bbox 1408 2994 1568 3066; x_wconf 91' lang='lat' dir='ltr'><strong>Friderici</strong></span> <span class='ocrx_word' id='word_1_182' title='bbox 1596 2994 1652 3066; x_wconf 86' lang='lat' dir='ltr'><strong>vel</strong></span> 
     </span>
     <span class='ocr_line' id='line_1_20' title="bbox 240 3115 1653 3215; baseline -0.001 -27"><span class='ocrx_word' id='word_1_183' title='bbox 240 3138 383 3189; x_wconf 88' lang='lat' dir='ltr'><strong>suorum</strong></span> <span class='ocrx_word' id='word_1_184' title='bbox 400 3120 572 3191; x_wconf 86' lang='lat' dir='ltr'><strong>lautorum</strong></span> <span class='ocrx_word' id='word_1_185' title='bbox 595 3122 751 3193; x_wconf 90' lang='lat' dir='ltr'><strong>notitiam</strong></span> <span class='ocrx_word' id='word_1_186' title='bbox 770 3121 948 3215; x_wconf 87' lang='lat' dir='ltr'><strong>pervenire</strong></span> <span class='ocrx_word' id='word_1_187' title='bbox 968 3121 1100 3208; x_wconf 87' lang='lat' dir='ltr'><strong>valeat,</strong></span> <span class='ocrx_word' id='word_1_188' title='bbox 1122 3118 1283 3189; x_wconf 89' lang='lat' dir='ltr'><strong>ordinare</strong></span> <span class='ocrx_word' id='word_1_189' title='bbox 1305 3137 1483 3210; x_wconf 80' lang='lat' dir='ltr'><strong>procures3</strong></span> <span class='ocrx_word' id='word_1_190' title='bbox 1505 3117 1550 3186; x_wconf 90' lang='lat' dir='ltr'><strong>ab</strong></span> <span class='ocrx_word' id='word_1_191' title='bbox 1567 3115 1653 3210; x_wconf 90' lang='lat' dir='ltr'><strong>ipsis</strong></span> 
     </span>
     <span class='ocr_line' id='line_1_21' title="bbox 240 3237 1653 3316; baseline -0.002 -4"><span class='ocrx_word' id='word_1_192' title='bbox 240 3241 669 3316; x_wconf 87' lang='lat' dir='ltr'><strong>Januensibusoautiones</strong></span> <span class='ocrx_word' id='word_1_193' title='bbox 689 3244 738 3315; x_wconf 91' lang='lat' dir='ltr'><strong>sio</strong></span> <span class='ocrx_word' id='word_1_194' title='bbox 752 3244 959 3315; x_wconf 88' lang='lat' dir='ltr'><strong>sufficientes</strong></span> <span class='ocrx_word' id='word_1_195' title='bbox 982 3253 1097 3312; x_wconf 91' lang='lat' dir='ltr'><strong>nostro</strong></span> <span class='ocrx_word' id='word_1_196' title='bbox 1121 3250 1156 3311; x_wconf 91' lang='lat' dir='ltr'><strong>et</strong></span> <span class='ocrx_word' id='word_1_197' title='bbox 1173 3239 1324 3310; x_wconf 86' lang='lat' dir='ltr'><strong>Ecolesie</strong></span> <span class='ocrx_word' id='word_1_198' title='bbox 1348 3237 1497 3310; x_wconf 85' lang='lat' dir='ltr'><strong>Romane</strong></span> <span class='ocrx_word' id='word_1_199' title='bbox 1514 3239 1653 3310; x_wconf 91' lang='lat' dir='ltr'><strong>nomine</strong></span> 
     </span>
     <span class='ocr_line' id='line_1_22' title="bbox 240 3361 1652 3460; baseline -0.002 -26"><span class='ocrx_word' id='word_1_200' title='bbox 240 3374 440 3458; x_wconf 86' lang='lat' dir='ltr'><strong>recepturus</strong></span> <span class='ocrx_word' id='word_1_201' title='bbox 455 3365 550 3458; x_wconf 82' lang='lat' dir='ltr'><strong>quod</strong></span> <span class='ocrx_word' id='word_1_202' title='bbox 568 3365 672 3460; x_wconf 88' lang='lat' dir='ltr'><strong>super</strong></span> <span class='ocrx_word' id='word_1_203' title='bbox 689 3366 757 3438; x_wconf 90' lang='lat' dir='ltr'><strong>hoc</strong></span> <span class='ocrx_word' id='word_1_204' title='bbox 775 3365 962 3437; x_wconf 85' lang='lat' dir='ltr'><strong>intentione</strong></span> <span class='ocrx_word' id='word_1_205' title='bbox 982 3385 1044 3435; x_wconf 90' lang='lat' dir='ltr'><strong>sua</strong></span> <span class='ocrx_word' id='word_1_206' title='bbox 1061 3363 1156 3434; x_wconf 91' lang='lat' dir='ltr'><strong>nullo</strong></span> <span class='ocrx_word' id='word_1_207' title='bbox 1173 3361 1275 3434; x_wconf 91' lang='lat' dir='ltr'><strong>modo</strong></span> <span class='ocrx_word' id='word_1_208' title='bbox 1293 3362 1446 3434; x_wconf 80' lang='lat' dir='ltr'><strong>frustrari</strong></span> <span class='ocrx_word' id='word_1_209' title='bbox 1465 3361 1572 3456; x_wconf 88' lang='lat' dir='ltr'><strong>possit</strong></span> <span class='ocrx_word' id='word_1_210' title='bbox 1587 3361 1652 3432; x_wconf 82' lang='lat' dir='ltr'><strong>Eo·</strong></span> 
     </span>
     <span class='ocr_line' id='line_1_23' title="bbox 242 3484 1648 3582; baseline -0.001 -24"><span class='ocrx_word' id='word_1_211' title='bbox 242 3487 346 3558; x_wconf 89' lang='lat' dir='ltr'><strong>clesia</strong></span> <span class='ocrx_word' id='word_1_212' title='bbox 373 3498 407 3558; x_wconf 89' lang='lat' dir='ltr'><strong>et</strong></span> <span class='ocrx_word' id='word_1_213' title='bbox 432 3486 649 3581; x_wconf 86' lang='lat' dir='ltr'><strong>prudentiam</strong></span> <span class='ocrx_word' id='word_1_214' title='bbox 671 3499 765 3559; x_wconf 89' lang='lat' dir='ltr'><strong>tuam</strong></span> <span class='ocrx_word' id='word_1_215' title='bbox 793 3489 965 3582; x_wconf 89' lang='lat' dir='ltr'><strong>possimus</strong></span> <span class='ocrx_word' id='word_1_216' title='bbox 990 3486 1119 3558; x_wconf 85' lang='lat' dir='ltr'><strong>exinde</strong></span> <span class='ocrx_word' id='word_1_217' title='bbox 1141 3484 1371 3578; x_wconf 86' lang='lat' dir='ltr'><strong>multipliciter</strong></span> <span class='ocrx_word' id='word_1_218' title='bbox 1396 3485 1648 3557; x_wconf 85' lang='lat' dir='ltr'><strong>commendare.</strong></span> 
     </span>
     <span class='ocr_line' id='line_1_24' title="bbox 240 3606 1653 3696; baseline -0.004 -15"><span class='ocrx_word' id='word_1_219' title='bbox 240 3608 413 3681; x_wconf 90' lang='lat' dir='ltr'><strong>Nosenim</strong></span> <span class='ocrx_word' id='word_1_220' title='bbox 426 3608 541 3682; x_wconf 91' lang='lat' dir='ltr'><strong>eidem</strong></span> <span class='ocrx_word' id='word_1_221' title='bbox 553 3610 649 3680; x_wconf 82' lang='lat' dir='ltr'><strong>¹fratri</strong></span> <span class='ocrx_word' id='word_1_222' title='bbox 669 3609 853 3683; x_wconf 89' lang='lat' dir='ltr'><strong>ordinandi</strong></span> <span class='ocrx_word' id='word_1_223' title='bbox 873 3610 918 3682; x_wconf 89' lang='lat' dir='ltr'><strong>de</strong></span> <span class='ocrx_word' id='word_1_224' title='bbox 936 3609 1075 3681; x_wconf 88' lang='lat' dir='ltr'><strong>oonsilio</strong></span> <span class='ocrx_word' id='word_1_225' title='bbox 1094 3617 1170 3696; x_wconf 89' lang='lat' dir='ltr'><strong>tuo,</strong></span> <span class='ocrx_word' id='word_1_226' title='bbox 1191 3606 1399 3679; x_wconf 89' lang='lat' dir='ltr'><strong>venerabilis</strong></span> <span class='ocrx_word' id='word_1_227' title='bbox 1417 3607 1529 3677; x_wconf 81' lang='lat' dir='ltr'><strong>fratris</strong></span> <span class='ocrx_word' id='word_1_228' title='bbox 1546 3606 1653 3677; x_wconf 89' lang='lat' dir='ltr'><strong>nostri</strong></span> 
     </span>
     <span class='ocr_line' id='line_1_25' title="bbox 242 3728 1651 3826; baseline -0.003 -24"><span class='ocrx_word' id='word_1_229' title='bbox 242 3729 490 3825; x_wconf 83' lang='lat' dir='ltr'><strong>archiepiscopi</strong></span> <span class='ocrx_word' id='word_1_230' title='bbox 508 3741 543 3802; x_wconf 87' lang='lat' dir='ltr'><strong>et</strong></span> <span class='ocrx_word' id='word_1_231' title='bbox 559 3732 754 3824; x_wconf 86' lang='lat' dir='ltr'><strong>aliquorum</strong></span> <span class='ocrx_word' id='word_1_232' title='bbox 773 3733 982 3826; x_wconf 88' lang='lat' dir='ltr'><strong>prudentum</strong></span> <span class='ocrx_word' id='word_1_233' title='bbox 1005 3732 1224 3825; x_wconf 86' lang='lat' dir='ltr'><strong>prelatorum,</strong></span> <span class='ocrx_word' id='word_1_234' title='bbox 1241 3730 1383 3799; x_wconf 87' lang='lat' dir='ltr'><strong>fratrum</strong></span> <span class='ocrx_word' id='word_1_235' title='bbox 1399 3728 1651 3822; x_wconf 85' lang='lat' dir='ltr'><strong>predicatorum</strong></span> 
     </span>
     <span class='ocr_line' id='line_1_26' title="bbox 243 3851 1652 3947; baseline -0.003 -23"><span class='ocrx_word' id='word_1_236' title='bbox 243 3863 277 3925; x_wconf 85' lang='lat' dir='ltr'><strong>et</strong></span> <span class='ocrx_word' id='word_1_237' title='bbox 288 3853 463 3926; x_wconf 89' lang='lat' dir='ltr'><strong>minorum</strong></span> <span class='ocrx_word' id='word_1_238' title='bbox 478 3856 702 3926; x_wconf 73' lang='lat' dir='ltr'><strong>tennensium</strong></span> <span class='ocrx_word' id='word_1_239' title='bbox 722 3876 765 3926; x_wconf 91' lang='lat' dir='ltr'><strong>ao</strong></span> <span class='ocrx_word' id='word_1_240' title='bbox 782 3857 927 3926; x_wconf 89' lang='lat' dir='ltr'><strong>aliorum</strong></span> <span class='ocrx_word' id='word_1_241' title='bbox 943 3875 1031 3947; x_wconf 91' lang='lat' dir='ltr'><strong>quos</strong></span> <span class='ocrx_word' id='word_1_242' title='bbox 1050 3853 1180 3924; x_wconf 88' lang='lat' dir='ltr'><strong>videris</strong></span> <span class='ocrx_word' id='word_1_243' title='bbox 1198 3851 1377 3944; x_wconf 89' lang='lat' dir='ltr'><strong>expedire,</strong></span> <span class='ocrx_word' id='word_1_244' title='bbox 1400 3872 1507 3944; x_wconf 89' lang='lat' dir='ltr'><strong>super</strong></span> <span class='ocrx_word' id='word_1_245' title='bbox 1522 3853 1652 3924; x_wconf 88' lang='lat' dir='ltr'><strong>securi·</strong></span> 
     </span>
     <span class='ocr_line' id='line_1_27' title="bbox 243 3974 1652 4068; baseline -0.002 -21"><span class='ocrx_word' id='word_1_246' title='bbox 243 3986 313 4048; x_wconf 88' lang='lat' dir='ltr'><strong>tato</strong></span> <span class='ocrx_word' id='word_1_247' title='bbox 337 3977 431 4048; x_wconf 90' lang='lat' dir='ltr'><strong>nauli</strong></span> <span class='ocrx_word' id='word_1_248' title='bbox 457 3986 491 4050; x_wconf 86' lang='lat' dir='ltr'><strong>ot</strong></span> <span class='ocrx_word' id='word_1_249' title='bbox 513 3977 589 4048; x_wconf 91' lang='lat' dir='ltr'><strong>aliis</strong></span> <span class='ocrx_word' id='word_1_250' title='bbox 613 3977 773 4049; x_wconf 89' lang='lat' dir='ltr'><strong>omnihus</strong></span> <span class='ocrx_word' id='word_1_251' title='bbox 801 3977 1001 4048; x_wconf 88' lang='lat' dir='ltr'><strong>necessariis</strong></span> <span class='ocrx_word' id='word_1_252' title='bbox 1024 3974 1264 4068; x_wconf 78' lang='lat' dir='ltr'><strong>exequendis,</strong></span> <span class='ocrx_word' id='word_1_253' title='bbox 1286 3974 1652 4066; x_wconf 83' lang='lat' dir='ltr'><strong>plenamcontulimus</strong></span> 
     </span>
     <span class='ocr_line' id='line_1_28' title="bbox 244 4094 1652 4194; baseline -0.004 -23"><span class='ocrx_word' id='word_1_254' title='bbox 244 4108 461 4192; x_wconf 70' lang='lat' dir='ltr'><strong>potestatem</strong></span> <span class='ocrx_word' id='word_1_255' title='bbox 482 4100 541 4172; x_wconf 90' lang='lat' dir='ltr'><strong>oui</strong></span> <span class='ocrx_word' id='word_1_256' title='bbox 558 4122 599 4172; x_wconf 86' lang='lat' dir='ltr'><strong>aa</strong></span> <span class='ocrx_word' id='word_1_257' title='bbox 617 4122 687 4194; x_wconf 90' lang='lat' dir='ltr'><strong>quo</strong></span> <span class='ocrx_word' id='word_1_258' title='bbox 705 4101 767 4172; x_wconf 92' lang='lat' dir='ltr'><strong>tibi</strong></span> <span class='ocrx_word' id='word_1_259' title='bbox 789 4122 836 4172; x_wconf 87' lang='lat' dir='ltr'><strong>ex</strong></span> <span class='ocrx_word' id='word_1_260' title='bbox 856 4109 952 4194; x_wconf 90' lang='lat' dir='ltr'><strong>parte</strong></span> <span class='ocrx_word' id='word_1_261' title='bbox 970 4109 1087 4170; x_wconf 87' lang='lat' dir='ltr'><strong>nostra</strong></span> <span class='ocrx_word' id='word_1_262' title='bbox 1109 4097 1238 4170; x_wconf 86' lang='lat' dir='ltr'><strong>dixerit</strong></span> <span class='ocrx_word' id='word_1_263' title='bbox 1253 4094 1392 4167; x_wconf 89' lang='lat' dir='ltr'><strong>credere</strong></span> <span class='ocrx_word' id='word_1_264' title='bbox 1413 4105 1448 4166; x_wconf 91' lang='lat' dir='ltr'><strong>et</strong></span> <span class='ocrx_word' id='word_1_265' title='bbox 1471 4095 1652 4168; x_wconf 81' lang='lat' dir='ltr'><strong>efficaciter</strong></span> 
     </span>
     <span class='ocr_line' id='line_1_29' title="bbox 244 4221 1049 4317; baseline -0.001 -23"><span class='ocrx_word' id='word_1_266' title='bbox 244 4221 433 4317; x_wconf 83' lang='lat' dir='ltr'><strong>adimplere</strong></span> <span class='ocrx_word' id='word_1_267' title='bbox 445 4243 620 4316; x_wconf 87' lang='lat' dir='ltr'><strong>procures.</strong></span> <span class='ocrx_word' id='word_1_268' title='bbox 1043 4241 1049 4282; x_wconf 74' lang='grc' dir='ltr'><strong>ι</strong></span> 
     </span>
    </p>

    <p class='ocr_par' dir='ltr' id='par_1_4' title="bbox 247 4341 1699 4684">
     <span class='ocr_line' id='line_1_30' title="bbox 294 4341 1514 4437; baseline -0.002 -24"><span class='ocrx_word' id='word_1_269' title='bbox 294 4345 419 4414; x_wconf 87' lang='lat' dir='ltr'><strong>Datum</strong></span> <span class='ocrx_word' id='word_1_270' title='bbox 432 4344 609 4432; x_wconf 84' lang='lat' dir='ltr'><strong>laterani,</strong></span> <span class='ocrx_word' id='word_1_271' title='bbox 626 4344 671 4415; x_wconf 98' lang='lat' dir='ltr'><strong>lll</strong></span> <span class='ocrx_word' id='word_1_272' title='bbox 684 4344 764 4417; x_wconf 91' lang='lat' dir='ltr'><strong>idus</strong></span> <span class='ocrx_word' id='word_1_273' title='bbox 778 4343 943 4435; x_wconf 84' lang='lat' dir='ltr'><strong>octobris,</strong></span> <span class='ocrx_word' id='word_1_274' title='bbox 963 4342 1181 4437; x_wconf 87' lang='lat' dir='ltr'><strong>pontificatus</strong></span> <span class='ocrx_word' id='word_1_275' title='bbox 1196 4341 1303 4414; x_wconf 89' lang='lat' dir='ltr'><strong>nostri</strong></span> <span class='ocrx_word' id='word_1_276' title='bbox 1321 4361 1412 4413; x_wconf 90' lang='lat' dir='ltr'><strong>anno</strong></span> <span class='ocrx_word' id='word_1_277' title='bbox 1424 4341 1514 4413; x_wconf 88' lang='lat' dir='ltr'><strong>XIV.</strong></span> 
     </span>
     <span class='ocr_line' id='line_1_31' title="bbox 293 4464 1699 4562; baseline 0.001 -26"><span class='ocrx_word' id='word_1_278' title='bbox 293 4467 333 4537; x_wconf 95' lang='lat' dir='ltr'><strong>ln</strong></span> <span class='ocrx_word' id='word_1_279' title='bbox 346 4465 508 4537; x_wconf 90' lang='lat' dir='ltr'><strong>eumdem</strong></span> <span class='ocrx_word' id='word_1_280' title='bbox 523 4465 664 4539; x_wconf 89' lang='lat' dir='ltr'><strong>modurn</strong></span> <span class='ocrx_word' id='word_1_281' title='bbox 679 4467 845 4562; x_wconf 85' lang='lat' dir='ltr'><strong>seriptum</strong></span> <span class='ocrx_word' id='word_1_282' title='bbox 861 4476 925 4556; x_wconf 90' lang='lat' dir='ltr'><strong>est,</strong></span> <span class='ocrx_word' id='word_1_283' title='bbox 944 4466 1082 4537; x_wconf 87' lang='lat' dir='ltr'><strong>mutatis</strong></span> <span class='ocrx_word' id='word_1_284' title='bbox 1098 4464 1286 4556; x_wconf 85' lang='lat' dir='ltr'><strong>mutandis,</strong></span> <span class='ocrx_word' id='word_1_285' title='bbox 1301 4466 1458 4559; x_wconf 88' lang='lat' dir='ltr'><strong>potestati</strong></span> <span class='ocrx_word' id='word_1_286' title='bbox 1474 4467 1655 4557; x_wconf 80' lang='lat' dir='ltr'><strong>laonensi,</strong></span> <span class='ocrx_word' id='word_1_287' title='bbox 1697 4495 1699 4500; x_wconf 63' lang='grc'>’</span> 
     </span>
     <span class='ocr_line' id='line_1_32' title="bbox 247 4588 1652 4684; baseline 0.001 -24"><span class='ocrx_word' id='word_1_288' title='bbox 247 4588 419 4683; x_wconf 88' lang='lat' dir='ltr'><strong>simulque</strong></span> <span class='ocrx_word' id='word_1_289' title='bbox 438 4588 636 4662; x_wconf 86' lang='lat' dir='ltr'><strong>mandatum</strong></span> <span class='ocrx_word' id='word_1_290' title='bbox 653 4599 704 4661; x_wconf 89' lang='lat' dir='ltr'><strong>est</strong></span> <span class='ocrx_word' id='word_1_291' title='bbox 720 4590 883 4684; x_wconf 86' lang='lat' dir='ltr'><strong>episeopo</strong></span> <span class='ocrx_word' id='word_1_292' title='bbox 901 4590 1097 4660; x_wconf 89' lang='lat' dir='ltr'><strong>Penestrino</strong></span> <span class='ocrx_word' id='word_1_293' title='bbox 1114 4598 1149 4660; x_wconf 85' lang='lat' dir='ltr'><strong>et</strong></span> <span class='ocrx_word' id='word_1_294' title='bbox 1166 4588 1333 4660; x_wconf 87' lang='lat' dir='ltr'><strong>cardinali</strong></span> <span class='ocrx_word' id='word_1_295' title='bbox 1349 4589 1458 4660; x_wconf 88' lang='lat' dir='ltr'><strong>sancti</strong></span> <span class='ocrx_word' id='word_1_296' title='bbox 1473 4589 1600 4662; x_wconf 89' lang='lat' dir='ltr'><strong>Nioolai</strong></span> <span class='ocrx_word' id='word_1_297' title='bbox 1615 4591 1652 4662; x_wconf 95' lang='lat' dir='ltr'><strong>in</strong></span> 
     </span>
    </p>
   </div>
   <div class='ocr_carea' id='block_1_4' title="bbox 247 4699 1684 4896">
    <p class='ocr_par' dir='ltr' id='par_1_5' title="bbox 247 4699 1684 4896">
     <span class='ocr_line' id='line_1_33' title="bbox 247 4699 1684 4808; baseline 0.003 -26"><span class='ocrx_word' id='word_1_298' title='bbox 247 4731 385 4784; x_wconf 86' lang='lat' dir='ltr'><strong>carcere</strong></span> <span class='ocrx_word' id='word_1_299' title='bbox 400 4711 568 4806; x_wconf 87' lang='lat' dir='ltr'><strong>Tulliano,</strong></span> <span class='ocrx_word' id='word_1_300' title='bbox 589 4712 908 4808; x_wconf 87' lang='lat' dir='ltr'><strong>apostolicaesedis</strong></span> <span class='ocrx_word' id='word_1_301' title='bbox 929 4712 1064 4806; x_wconf 81' lang='lat' dir='ltr'><strong>legatis,</strong></span> <span class='ocrx_word' id='word_1_302' title='bbox 1082 4721 1123 4782; x_wconf 91' lang='lat' dir='ltr'><strong>ut</strong></span> <span class='ocrx_word' id='word_1_303' title='bbox 1139 4711 1185 4784; x_wconf 88' lang='lat' dir='ltr'><strong>ad</strong></span> <span class='ocrx_word' id='word_1_304' title='bbox 1203 4711 1384 4784; x_wconf 88' lang='lat' dir='ltr'><strong>concilium</strong></span> <span class='ocrx_word' id='word_1_305' title='bbox 1404 4711 1543 4783; x_wconf 88' lang='lat' dir='ltr'><strong>veniant</strong></span> <span class='ocrx_word' id='word_1_306' title='bbox 1558 4712 1652 4786; x_wconf 89' lang='lat' dir='ltr'><strong>etde</strong></span> <span class='ocrx_word' id='word_1_307' title='bbox 1682 4699 1684 4737; x_wconf 76' lang='lat'><em>³</em></span> 
     </span>
     <span class='ocr_line' id='line_1_34' title="bbox 323 4833 1491 4896; baseline 0.005 -8"><span class='ocrx_word' id='word_1_308' title='bbox 323 4833 363 4896; x_wconf 87' lang='lat' dir='ltr'><strong>V.</strong></span> <span class='ocrx_word' id='word_1_309' title='bbox 385 4844 480 4890; x_wconf 66' lang='lat' dir='ltr'><strong>rma.</strong></span> <span class='ocrx_word' id='word_1_310' title='bbox 1435 4841 1491 4894; x_wconf 79' lang='lat'><strong>188</strong></span> 
     </span>
    </p>
   </div>
   <div class='ocr_carea' id='block_1_5' title="bbox 0 0 2222 6004">
    <p class='ocr_par' dir='ltr' id='par_1_6' title="bbox 0 0 2222 6004">
     <span class='ocr_line' id='line_1_35' title="bbox 0 0 2222 6004; baseline 0 0"><span class='ocrx_word' id='word_1_311' title='bbox 0 0 2222 6004; x_wconf 95' lang='lat' dir='ltr'><strong> </strong></span> 
     </span>
    </p>
   </div>
  </div>
 </body>
</html>
