4648 6056
825 703 953 764 INDEX
976 699 1331 765 autumationum,
1711 699 1789 764 1275

381 911 490 989 1238

370 1047 504 1164 inimart.
553 1035 702 1099 Laterani.
754 1031 996 1096 -Friderlcum
1019 1033 1221 1095 liomanorum
1244 1033 1450 1108 imperatorem
1473 1035 1627 1092 monetet
1650 1039 1736 1112 rogat
1757 1035 1794 1094 ut

794 1133 1005 1210 mucaagnatis
1027 1132 1080 1209 qul
1107 1132 1140 1190 ln
1168 1127 1334 1190 subsidium
1361 1127 1591 1205 periclitantium
1617 1115 1793 1192 Latinorum

793 1234 898 1289 wcontra
919 1227 1047 1289 Graecos
1069 1226 1273 1288 schismabcos
1294 1230 1325 1286 et
1347 1223 1509 1313 haeredem
1531 1240 1563 1285 se
1583 1226 1790 1302 minxerunt,

795 1326 942 1387 anxlbnm
957 1331 987 1386 et
1000 1325 1132 1386 favorem
1146 1322 1309 1402 impendat.
1735 1331 1791 1384 iao

698 1465 706 1483 .
763 1453 795 1468 -
815 1421 921 1483 Denuo
938 1421 1120 1482 Fridericnm
1138 1419 1337 1482 Romanorum
1354 1420 1562 1496 imperatorem
1579 1426 1726 1480 monetet
1744 1436 1793 1480 ro·

796 1526 848 1598 gat
870 1525 905 1581 ut
927 1519 1138 1597 crucesignatis
1161 1523 1224 1578 tam
1246 1533 1300 1594 pro
1322 1514 1456 1578 subsidio
1480 1515 1793 1594 eomununopotiunt

796 1617 913 1694 imperii
930 1633 1021 1695 ιιιιιιιιι
1038 1631 1092 1694 pro
1108 1614 1170 1676 dde
1185 1614 1332 1676 catholiea
1344 1611 1530 1675 detendenda
1547 1613 1702 1690 seductis,
1718 1613 1793 1675 libe·

796 1727 864 1778 rnm
877 1718 1035 1778 munaum
1050 1732 1101 1793 per
1116 1722 1226 1776 terram
1239 1717 1303 1793 ejus
1316 1713 1471 1793 indulgere
1483 1729 1545 1774 non
1560 1711 1691 1774 diilerat.
1735 1720 1791 1774 itti

372 1817 410 1873 33
423 1810 509 1888 april.
557 1809 706 1872 marani
759 1845 799 1858 -
819 1813 973 1874 ddelaslae
989 1813 1128 1874 dominae
1147 1815 1322 1874 turritanae
1335 1812 1505 1874 mandatnt
1520 1815 1588 1888 post
1604 1809 1720 1871 obitum
1736 1811 1795 1870 virt

799 1912 946 1987 ejuscum
960 1911 1053 1971 altero
1063 1906 1513 1987 maritoprodlllsprocreendls
1523 1907 1689 1969 contrabat.
1717 1915 1791 1968 iiii

373 2011 411 2066 ia
428 2005 509 2066 mab.
559 1989 710 2069 latereni.
759 2008 993 2069 -Prenestino
1006 2007 1143 2084 episcopo
1155 2005 1334 2085 legationem
1347 2008 1379 2068 in
1393 2004 1528 2084 partibus
1541 2003 1751 2083 Alblgensibus
1764 2008 1796 2064 et

387 2170 501 2248 ¹259
799 2104 954 2165 Tolosanis
967 2104 1164 2167 exercendam
1177 2105 1346 2166 committit.
1457 2108 1460 2113 ’
1597 2111 1668 2176 rto,
1683 2107 1747 2163 not.
1765 2110 1793 2163 t.
1823 2181 1826 2189 1

374 2277 512 2380 [aff-art.
555 2291 715 2376 Laterani]
760 2327 800 2342 ···
820 2296 1004 2358 Friderlcum
1030 2297 1234 2360 Romanorum
1262 2299 1468 2374 imperatorem
1491 2296 1530 2359 ob
1550 2313 1655 2359 cauam
1684 2296 1797 2358 ibidem

800 2396 935 2456 seriatim
958 2411 1114 2473 expressas
1136 2398 1426 2456 excommunicatum
1448 2394 1622 2473 denuntiat,
1642 2399 1672 2455 et
1694 2411 1797 2458 omnes

801 2492 854 2568 qui
866 2492 895 2551 ei
905 2495 1075 2568 juramento
1087 2490 1238 2552 fidelitatis
1256 2497 1406 2566 tenentur,
1428 2491 1466 2552 ab
1483 2491 1687 2554 observatione
1707 2493 1797 2571 buius

564 2607 567 2615 ·
801 2589 978 2648 sacramenti
991 2588 1142 2648 absolutos
1155 2589 1293 2649 decernit
1738 2597 1796 2651 286

376 2691 511 2749 tamari.
561 2681 711 2745 Laterani.
760 2717 801 2730 -
821 2682 1049 2762 archiepiscopo
1062 2683 1224 2746 Mediolani
1238 2688 1346 2762 eteius
1363 2682 1560 2762 sniiraganels
1577 2683 1700 2746 mandat
1714 2691 1748 2745 nt
1764 2687 1797 2746 ln

800 2780 987 2842 Frlderionm
999 2782 1112 2842 dictum
1124 2783 1332 2860 imperatorem
1353 2783 1666 2843 excommunicationis
1679 2789 1710 2844 et
1723 2799 1796 2844 ana-

801 2877 941 2941 thematis
958 2881 1137 2941 senentiam
1150 2879 1276 2958 singuiis
1290 2879 1395 2942 diebus
1408 2879 1565 2941 dominicis
1577 2887 1608 2940 et
1620 2880 1734 2942 festivis
1747 2896 1797 2942 ao-

802 2975 939 3038 lemniter
949 2975 1094 3054 publicari
1106 2983 1274 3054 procurent
1738 2987 1796 3040 aaa

388 3077 502 3155 tapril.
563 3071 711 3134 Laterani.
762 3100 804 3120 -
816 3073 1798 3154 Universispraelatlsmandatntmntentiamexcommnnlcationis,

803 3169 1002 3231 anathematis
1010 3169 1197 3231 etintendictl
1205 3177 1307 3231 eontm
1316 3170 1499 3231 Fridericum
1509 3169 1624 3231 dictum
1637 3167 1798 3248 imperato-

804 3282 868 3328 rem
880 3267 1027 3344 prolatam
1040 3269 1072 3328 in
1087 3267 1224 3329 omnibns
1240 3267 1312 3328 locis
1324 3267 1499 3328 denuntiare
1512 3273 1678 3344 procurent
1739 3277 1799 3330 iao

390 3373 407 3426 t
415 3367 505 3446 junii.
564 3361 712 3424 marani.
765 3395 805 3410 -
824 3363 995 3425 Albericum
1008 3364 1045 3425 de
1057 3365 1194 3426 Romano
1207 3365 1395 3426 commendat
1408 3365 1488 3444 quod
1500 3371 1602 3427 conba
1614 3367 1800 3428 Frlderlcum

805 3463 1095 3522 excommunicatum
1119 3461 1268 3522 Ecclesiae
1292 3459 1473 3534 adbaeserit,
1497 3461 1689 3540 hortabrrqua
1711 3468 1746 3524 ut
1767 3465 1800 3524 ln

805 3561 955 3638 proposito
968 3576 1023 3620 sno
1035 3557 1158 3620 tirmiter
1170 3565 1347 3636 perseveret.
1741 3567 1798 3622 ait

305 3705 306 3709 ,
380 3667 415 3720 ti
426 3659 516 3737 jumi.
566 3649 715 3712 laterani.
766 3687 807 3702 -
826 3655 1053 3731 archiepiscopo
1066 3653 1271 3716 cantuariensi
1292 3661 1323 3715 et
1337 3655 1475 3718 omnibus
1488 3657 1662 3736 generaliter
1683 3657 1801 3734 praela·

806 3754 845 3812 tis
863 3751 928 3812 luae
946 3751 1066 3829 scribit,
1081 3753 1244 3831 encyclicae
1257 3768 1349 3829 quam
1368 3753 1401 3812 ln
1419 3769 1451 3814 se
1465 3755 1624 3830 imperator
1636 3753 1803 3816 Frlderlcns

807 3849 973 3927 propalavit
986 3851 1117 3911 senabm
1132 3855 1162 3910 et
1177 3850 1216 3911 ad
1228 3850 1358 3927 capitula
1372 3849 1562 3927 respondens,
1578 3851 1802 3930 calumniasque

808 3961 884 4026 qnae
898 3945 1007 4007 ibidem
1024 3949 1080 4008 istc
1093 3949 1241 4026 congessit
1255 3949 1288 4008 ln
1301 3947 1503 4010 adversarium
1517 3953 1680 4026 retorquet.
1745 3955 1802 4010 ati

380 4036 520 4122 [angon]
543 4076 754 4104 ·······
768 4077 809 4090 -
828 4044 1028 4105 Bononienses
1049 4044 1224 4106 exhortatur
1246 4050 1281 4105 nt
1302 4061 1372 4106 cum
1387 4041 1500 4107 Paulus
1522 4045 1728 4108 Traversarius
1748 4063 1803 4124 po-

808 4146 905 4202 tenter
920 4143 1114 4202 insurrexerit
1133 4143 1276 4203 advarsns
1293 4143 1429 4204 nationes
1444 4159 1521 4222 qnae
1534 4143 1701 4220 disperdere
1719 4149 1804 4204 sata-

810 4239 919 4319 gebant
936 4239 1079 4316 populum
1100 4239 1352 4312 lombardorum,
1371 4239 1468 4302 eidem
1491 4240 1531 4302 ad
1553 4239 1804 4302 manutenendam

809 4337 962 4396 mutuum
977 4335 1136 4396 Ravennae
1149 4335 1314 4396 subsidium
1328 4336 1514 4414 impendant.
1746 4345 1802 4396 ata

382 4437 421 4491 it
444 4434 518 4508 sept.
563 4427 728 4508 Anagniae.
769 4461 810 4476 -
829 4429 906 4491 Ituci
924 4430 1105 4492 Venetorum
1121 4432 1266 4508 promittit
1280 4429 1420 4492 Barolum
1439 4437 1469 4492 et
1488 4429 1602 4511 Salpias
1621 4447 1689 4493 cnm
1708 4433 1806 4508 perti-

809 4529 918 4589 nentiis
930 4533 961 4589 et
975 4527 1097 4589 liberam
1115 4529 1229 4590 cunam
1244 4533 1275 4589 ct
1286 4528 1522 4606 indedictlonem
1537 4530 1613 4589 inter
1626 4529 1757 4591 Venetos
1776 4534 1806 4590 et

810 4623 981 4685 mediatem
999 4624 1129 4688 Venetos
1151 4624 1281 4686 babcndi
1303 4625 1440 4688 musuleo
1462 4627 1495 4687 ln
1514 4642 1604 4706 regno
1626 4623 1756 4702 Siclliae,
1780 4628 1806 4688 sl

810 4721 916 4783 Veneti
934 4719 1045 4783 lamini
1066 4721 1178 4784 amilio
1195 4721 1344 4784 Ecclesia
1359 4723 1509 4786 liomanue
1531 4725 1565 4784 ln
1587 4722 1693 4784 eodem
1716 4737 1807 4800 mgna

812 4819 1024 4898 recuperando.
1608 4828 1679 4895 aar,
1693 4826 1757 4880 not.
1776 4829 1805 4881 ι.
