4358 5996
227 655 329 716 unes.
347 653 409 740 rc]
681 657 881 722 nrsronrn
905 657 1199 722 nrrnounrrcn
1581 653 1645 718 oro

231 789 347 880 curie,
371 787 457 862 dum
480 790 517 861 in
540 789 665 864 eodem
688 801 807 867 noetro
831 795 973 870 servitio
993 802 1105 881 esset,
1125 792 1209 867 dure
1230 789 1383 865 deberet.
1408 789 1536 862 Verum
1561 787 1645 883 quin

230 912 326 986 idem
351 911 619 1009 Stephanusnb
639 914 848 1010 ipsc'officio
873 927 926 992 est
951 927 1086 992 amotus
1110 925 1146 990 et
1170 913 1324 1011 predicta
1344 912 1462 986 omniu
1483 913 1644 984 volumus

233 1032 368 1107 dictum
377 1035 599 1110 Gnillelmnm
612 1038 778 1134 recipcre,
788 1047 953 1114 utncstru
962 1041 1045 1116 inde
1054 1062 1117 1136 pro
1127 1037 1289 1136 predictis
1300 1036 1440 1110 servitiu
1450 1043 1645 1130 exequatur

233 1163 273 1227 nt
284 1155 420 1230 dictum
433 1166 485 1231 cst
497 1167 531 1232 et
549 1156 665 1259 [sicut]
679 1162 725 1234 ab
743 1161 865 1235 codem
880 1163 1052 1258 Stephano
1060 1166 1162 1258 juxte
1176 1159 1377 1234 mandatum
1390 1167 1544 1232 nostrum
1556 1157 1645 1230 reci·

234 1301 317 1376 pere
329 1282 525 1374 consucvit,
537 1305 559 1356 u
570 1292 604 1357 te
616 1283 743 1358 hubent
753 1294 788 1358 et
798 1287 961 1382 recipict;
978 1285 1130 1360 fidelitati
1144 1296 1202 1359 tue
1211 1281 1432 1382 precipiendo
1441 1281 1645 1354 mandamus

233 1413 407 1500 quotenus
422 1404 469 1479 ud
492 1407 749 1502 requisitionem
772 1409 856 1483 dicti
879 1411 919 1484 G.
944 1411 1128 1506 pecuniam
1144 1430 1206 1506 pro
1224 1405 1345 1481 solidis
1364 1407 1643 1499 castellanorum,

234 1549 461 1624 personarum
475 1539 679 1604 statutarum
694 1532 730 1604 in
748 1535 905 1607 custodie
918 1533 1073 1629 ipsorum
1089 1543 1291 1622 castrorum,
1307 1532 1484 1622 victualia,
1506 1531 1642 1622 vinum,

235 1653 502 1748 companagium
518 1662 553 1726 et
568 1655 722 1748 quelibet
736 1657 930 1732 necessario
948 1656 1274 1754 promonitionibus
1291 1664 1478 1728 castrorum
1493 1654 1646 1748 ipsorum

232 1776 337 1868 juxte
355 1777 598 1852 continentium
621 1787 824 1854 statutorum
848 1803 918 1876 qne
933 1783 1106 1854 castellani
1125 1781 1190 1876 ipsi
1209 1778 1359 1869 hebent,
1376 1797 1508 1850 necnon
1534 1785 1569 1850 et
1585 1798 1647 1872 pru

237 1902 403 1997 expensis
419 1901 510 1989 suis,
532 1903 636 1975 trium
661 1905 883 1978 scuteriorum
904 1914 939 1978 ct
962 1914 1110 1998 quatuor
1131 1924 1300 1998 equorum
1317 1922 1458 1974 suorum
1474 1904 1576 1994 juxte
1591 1923 1647 1976 us·

239 2025 345 2097 nisam
364 2013 479 2115 ouu‘ess
499 2025 611 2098 donec
627 2027 662 2098 in
682 2027 805 2100 eodem
832 2039 947 2100 nostro
963 2024 1104 2100 servitio
1127 2025 1244 2114 iuuerit,
1266 2023 1394 2097 debeas
1418 2023 1583 2096 exhibere
1603 2025 1649 2097 de

240 2147 387 2240 pecunie
403 2148 499 2220 curie
517 2158 631 2222 nostre
644 2170 714 2243 que
736 2159 788 2222 est
806 2169 868 2245 per
883 2157 1116 2238 nannetum,
1135 2157 1170 2222 et
1181 2147 1329 2242 recipies
1344 2145 1388 2218 dc
1402 2147 1564 2218 omnibus
1580 2169 1650 2241 que

241 2269 309 2340 sibi
328 2268 468 2342 dederis
485 2269 686 2366 apodixem.

288 2393 414 2464 Datum
430 2392 528 2482 Orte,
549 2394 734 2484 111madii,
755 2395 833 2466 xnl
844 2394 1052 2468 indictionis.

288 2514 374 2586 ltem
403 2515 568 2610 scriptum
590 2527 643 2590 cst
670 2517 823 2613 predicto
848 2516 1031 2590 Guilieimo
1059 2527 1099 2590 ut
1123 2517 1239 2590 omniu
1260 2516 1414 2611 predicta
1438 2515 1580 2612 recipiet
1605 2515 1651 2588 ub

242 2636 366 2711 eudem
382 2637 550 2712 Riccurdo
566 2637 611 2713 dc
626 2640 770 2714 Pulouro
783 2649 817 2714 ct
835 2639 918 2714 indc
934 2641 1036 2714 societ
1054 2641 1193 2714 servitiu
1208 2649 1384 2736 prenotato
1396 2639 1462 2734 (t).

296 3207 518 3294 Mandatum
537 3213 587 3294 ed
604 3211 823 3321 Philippum
850 3212 898 3294 de
925 3207 1096 3293 Zunculo
1119 3219 1157 3292 et
1171 3205 1397 3291 Riccsnium
1414 3207 1462 3290 de
1484 3205 1653 3290 Bisnccie

245 3341 350 3448 quod
368 3365 430 3424 res
445 3351 483 3426 ct
500 3352 621 3426 terres
644 3344 840 3454 quondam
859 3341 1051 3428 Gnillelmi
1071 3342 1120 3424 de
1142 3339 1378 3428 Monteviridi
1400 3365 1424 3423 n
1447 3339 1654 3424 castellano

244 3469 390 3555 bieifine
406 3475 666 3583 procurandos
684 3474 891 3585 assignent.

327 3669 454 3754 (aqut.
469 3673 573 3754 bopo.
588 3672 709 3738 bream
724 3675 767 3754 11,
785 3675 839 3737 fot.
855 3684 910 3738 ror
925 3689 1026 3750 verm
1040 3675 1072 3736 tn
1085 3672 1153 3734 odit
1169 3672 1307 3750 cucun,
1321 3688 1353 3749 p.
1368 3669 1452 3750 tto.)

297 3841 347 3912 Dc
358 3843 526 3938 imperiali
545 3845 704 3916 mooduto
723 3849 809 3938 sacto
827 3867 889 3938 per
906 3845 1103 3939 mopistrum
1120 3843 1317 3940 Roppcrium
1331 3843 1372 3914 dc
1390 3842 1655 3914 Petroniuminn

251 3964 379 4058 scripsit
400 3963 443 4039 G.
460 3967 500 4038 dc
514 3967 671 4040 Cutentia
685 3992 698 4037 :

296 4087 510 4179 Frcdcricns‚
525 4097 607 4176 oto,
621 4089 780 4185 Philippo
795 4088 840 4162 de
852 4091 1008 4163 Zunculo
1023 4099 1057 4164 et
1072 4087 1237 4162 Ricccrdo
1249 4087 1295 4162 de
1307 4085 1471 4180 bisaccio,
1490 4097 1556 4160 etc.
1569 4087 1655 4160 Cum

250 4209 397 4282 velimus
415 4231 534 4285 omnes
551 4221 659 4286 terres
673 4222 707 4285 et
726 4235 782 4286 res
799 4235 869 4308 que
886 4214 1025 4288 fuerunt
1041 4213 1218 4308 qnondam
1232 4213 1403 4287 Gnillelmi
1421 4211 1466 4284 de
1484 4213 1653 4284 Montevi·

251 4329 316 4402 ridi
330 4355 394 4427 pro
409 4343 504 4430 parte
520 4333 590 4408 filie
606 4357 670 4408 suc
686 4355 756 4431 que
775 4346 828 4410 est
844 4337 880 4409 in
896 4357 1031 4410 camere
1053 4337 1279 4434 imperatricis
1294 4335 1472 4408 karissime
1490 4335 1656 4408 consortis

252 4463 383 4548 neure,
405 4477 466 4552 per
481 4459 689 4532 Lucosinum
712 4460 933 4533 castellanum
953 4458 1065 4534 Melfie
1080 4458 1217 4532 fidelem
1233 4467 1385 4532 nostrum
1401 4457 1576 4552 procurari
1594 4456 1658 4530 de·

289 4743 327 4818 (⁴)
344 4743 385 4803 Cf·
400 4759 494 4820 murt,
508 4763 539 4823 p·
550 4751 613 4822 790,
627 4750 830 4810 mandatumst!
843 4751 1013 4811 Guillcimnm
1027 4751 1061 4809 dc
1073 4750 1229 4822 laurentio,
1242 4749 1337 4808 ultimo
1350 4748 1488 4808 icbmurii.

333 4845 370 4908 V.
391 4861 480 4908 rmn
1441 4857 1500 4911 120
