4468 6010
278 673 375 732 butor.
392 669 455 748 ta]
724 665 921 728 HISTORIA
946 663 1238 726 utatoltsrtcs.
1289 685 1293 694 ·
1629 666 1689 728 'tes

321 805 400 876 xvt
416 801 571 896 ejusdem
592 765 751 891 [mensis]
764 800 859 895 apud
873 801 990 872 Ortam
1007 799 1059 894 (l)
1073 801 1202 882 similes
1215 801 1334 890 [misse
1350 795 1446 896 sunt]
1462 799 1630 876 Landullo
1645 801 1690 875 de

280 929 406 1001 Franco
418 926 606 1019 justitiario
621 937 709 998 terre
726 925 817 998 Bari.

324 1051 461 1124 Similes
472 1049 654 1122 Thomasio
668 1047 740 1121 lilio
756 1047 926 1122 Osmundi
942 1048 1128 1142 justitiario
1141 1049 1331 1122 Basilicata.

324 1175 460 1248 Similes
471 1175 512 1246 ll.
529 1172 575 1248 de
590 1171 807 1268 ldontenigro
823 1173 1010 1266 justitiario
1025 1175 1128 1246 Terre
1143 1174 1296 1246 Laboris.

326 1300 461 1372 Similes
478 1301 518 1370 T.
539 1297 585 1372 de
598 1298 814 1388 ldontenigro
828 1298 1013 1390 justitiario
1031 1299 1257 1394 Principatus.

326 1419 462 1496 Similes
476 1424 517 1495 ll.
537 1421 583 1494 de
595 1421 847 1495 lllonteiusculu
856 1423 1042 1516 justitiario
1055 1423 1258 1518 Capitinate.

327 1549 462 1622 Similes
476 1545 679 1620 Boamuudo
697 1547 852 1620 Pisciono
864 1547 1050 1640 justitiario
1064 1545 1211 1644 Aprutii.

483 1852 1480 1864 ——ssmm

331 2161 509 2247 Mandata
536 2161 587 2243 ad
617 2159 841 2270 praecipuos
870 2158 1050 2242 officiales
1080 2157 1222 2242 ibidem
1261 2159 1479 2244 nominatos
1511 2169 1555 2243 ut
1590 2159 1694 2268 apud
1755 2143 1870 2243 diiii:

290 2293 465 2407 Foggiam
484 2294 535 2376 ad
551 2292 785 2404 colloquium
805 2291 982 2402 generale
1000 2318 1041 2374 ec
1060 2303 1313 2402 praesentent.

362 2507 488 2590 (aaut.
505 2510 607 2589 imper.
624 2507 742 2570 Fradcr.
757 2507 796 2582 11,
809 2508 861 2569 iol.
876 2516 914 2570 ts
927 2513 1025 2580 κοῖος
1043 2508 1075 2568 ln
1088 2507 1160 2570 edrt.
1175 2505 1311 2582 Curcum,
1325 2525 1355 2586 p
1372 2508 1456 2588 tut.)

332 2699 379 2769 Dc
404 2697 577 2791 imperiali
599 2696 754 2768 mondum
774 2699 864 2789 [octo
883 2719 944 2790 por
966 2697 1161 2789 magistrum
1186 2697 1226 2766 P.
1255 2695 1294 2767 dc
1324 2697 1423 2768 Viaco
1441 2699 1574 2792 sempsit
1593 2701 1631 2772 G.
1656 2703 1696 2774 dc

292 2821 468 2892 ducatu:

332 2945 550 3036 Fredericus,
566 2953 650 3033 etc,
664 2943 815 3016 Obberto
830 2940 1092 3014 Fallamonacho
1110 2951 1240 3015 secreto
1252 2942 1425 3036 Panormi,
1440 2952 1508 3016 etc.
1521 2945 1575 3017 llx
1587 2969 1696 3020 occu-

290 3069 480 3166 pationibus
498 3069 624 3142 nostris
639 3065 815 3140 modicum
834 3065 996 3162 temporis
1007 3065 1238 3138 subtractione
1256 3065 1423 3140 laudabili
1439 3069 1694 3162 subtrahentes,

290 3215 365 3268 acce
386 3191 483 3290 quud
506 3191 552 3265 ad
569 3191 814 3264 bereditarium
835 3211 980 3284 regnum
1003 3197 1158 3260 nostrum
1176 3187 1289 3262 Sicilie
1307 3191 1403 3286 qnod
1421 3193 1511 3266 inter
1530 3195 1615 3268 alias
1637 3217 1697 3268 re-

288 3317 405 3410 giones
417 3315 539 3389 ditioni
552 3326 666 3389 nostre
677 3315 848 3406 subjectas
858 3311 1095 3385 delectabilius
1109 3311 1208 3384 nobis
1220 3323 1252 3386 et
1264 3315 1467 3412 precipuum
1480 3329 1694 3413 reputamus,

287 3441 463 3534 gressibus
481 3439 612 3514 lestinis
632 3439 828 3512 accedimus
853 3446 892 3510 ut
917 3459 1063 3532 regnum
1084 3447 1118 3509 et
1136 3438 1326 3531 regnicolas
1351 3441 1478 3514 ilariter
1498 3443 1694 3518 videamus.

287 3567 370 3640 Cum
390 3567 496 3661 igitur
517 3564 613 3662 apud
637 3565 777 3657 Fogiaro
802 3565 838 3638 in
862 3565 948 3636 festo
964 3564 1158 3637 Palmarum
1183 3563 1296 3658 primo
1317 3573 1465 3640 venturo
1489 3569 1696 3664 colloquium

289 3691 521 3764 indixerimus
539 3690 719 3784 generale,
748 3687 903 3762 fidelitati
926 3697 984 3759 tue
1006 3685 1225 3783 precipiendo
1247 3688 1453 3762 mandamus
1470 3701 1640 3785 quatenus
1662 3694 1697 3765 in

289 3816 434 3888 termino
452 3813 648 3910 supradicto
662 3815 755 3887 omni
769 3821 909 3885 morast
920 3811 1084 3885 dilatione
1096 3811 1307 3886 cessantibus
1319 3823 1433 3886 nostro
1450 3823 1482 3887 te
1499 3818 1697 3912 conspectui

281 3929 516 4036 representes,
528 3947 567 4010 ut
578 3937 793 4010 serenitatem
804 3937 922 4010 vultus
932 3935 1038 4008 nostri
1051 3936 1214 4032 respicias
1226 3947 1262 4042 ct
1276 3945 1426 4011 nostram
1441 3941 1564 4014 audias
1574 3944 1699 4016 volun·

290 4073 406 4136 talem.

336 4177 463 4258 Datum
474 4183 635 4277 viterbii,
652 4185 667 4256 l
684 4183 815 4274 martii,
827 4185 913 4257 ¹Xlll
931 4183 1143 4257 indictionis.

339 4311 474 4382 Similes
489 4310 624 4405 Angelo
636 4309 795 4382 Frisario.

340 4433 477 4506 Similes
487 4433 535 4505 ll.
553 4433 598 4507 de
613 4435 818 4508 Plancatone
832 4442 963 4505 secreto
979 4431 1146 4504 Messana.

776 4608 1305 4616 ——-.-----.---—---—-.-...

331 4697 366 4770 (t)
385 4696 492 4754 Sdlicet
506 4661 590 4766 Orto,
607 4695 686 4754 hudle
702 4697 764 4754 orta
777 4695 805 4752 ln
828 4697 948 4753 Romano
967 4695 1052 4754 Statu.
1069 4695 1220 4752 Notandum
1234 4702 1276 4753 est
1294 4699 1382 4756 omnia
1397 4703 1522 4762 mandate
1534 4719 1568 4763 ex
1582 4707 1632 4766 boc
1645 4658 1701 4768 loco

288 4792 375 4854 mitta
385 4793 463 4866 dirigi
474 4793 510 4851 ad
520 4793 647 4853 officiales
660 4811 710 4853 seu
720 4795 844 4854 civitatee
858 4793 956 4850 minori
968 4791 1106 4850 intervallo
1118 4809 1134 4848 a
1148 4791 1246 4865 leggia
1258 4794 1397 4854 distantes.
