4358 5996
197 694 304 758 inanior.
321 689 381 774 la]
658 687 858 750 HISTORIA
881 687 1176 754 ntsnomastctt.
1410 747 1411 752 ,
1555 696 1614 760 971

199 829 314 904 neniis.
332 839 368 903 et
385 826 598 916 iaioonibns,
620 824 733 898 doneo
757 825 794 897 in
810 826 912 899 Malta
928 833 1006 920 post
1030 845 1183 897 mensem
1199 824 1307 898 madii
1330 848 1462 901 moram
1478 831 1620 904 iecerint

199 966 238 1028 et
253 975 368 1049 usqne
383 953 576 1026 Messanam
596 947 796 1040 redeundo,
817 968 991 1044 expensas
1004 947 1133 1022 debeas
1146 948 1329 1041 exhibere,
1351 949 1496 1026 daturne
1518 955 1568 1028 eis
1583 957 1618 1029 in

199 1077 316 1150 reditu
330 1097 453 1150 eonem
466 1074 652 1148 vassallum
669 1081 865 1168 oompetens
881 1094 952 1166 qno
972 1094 1012 1145 se
1028 1073 1206 1146 conterant
1223 1095 1337 1170 nequa
1359 1077 1569 1172 Messanam,
1585 1090 1620 1153 et

200 1199 463 1296 significaturus
483 1219 546 1294 per
565 1199 699 1274 licteras
721 1205 799 1270 tuas
817 1195 972 1292 predicto
993 1204 1124 1272 secreto
1148 1195 1242 1272 fideli
1267 1207 1386 1272 nostro
1408 1221 1470 1296 pro
1490 1211 1619 1297 quanto

201 1333 358 1420 tempore
373 1323 568 1397 falconariis
577 1321 675 1418 ipsis,
691 1327 872 1418 postquam
886 1343 908 1394 a
923 1329 956 1394 te
972 1319 1192 1414 deoesserint,
1210 1343 1385 1417 expensae
1398 1323 1543 1398 duxeris
1555 1348 1619 1400 an·

200 1447 387 1522 bibendas.
405 1447 579 1522 Prediotae
591 1455 708 1518 autem
728 1467 900 1541 expensas
916 1444 1048 1518 eisdem
1061 1445 1229 1519 exhibeas
1243 1446 1290 1519 ed
1307 1449 1469 1542 generale
1481 1450 1620 1545 pondus

197 1572 303 1662 juxta
320 1571 463 1645 assisam
483 1551 594 1664 curie,
612 1570 702 1642 sient
714 1569 841 1642 dantur
855 1569 890 1640 in
907 1568 1003 1641 ouria
1023 1577 1137 1642 nostra
1152 1571 1314 1642 omnibns
1333 1571 1411 1645 aliis
1428 1571 1474 1646 do
1490 1575 1619 1648 familia

202 1704 341 1787 nostra,
360 1716 448 1790 quas
461 1717 524 1790 pro
543 1705 593 1768 tot
614 1693 769 1790 personis
791 1701 828 1768 et
846 1692 945 1788 equis
965 1691 1133 1766 exhibeas
1156 1714 1219 1789 pro
1233 1703 1318 1787 quot
1334 1695 1448 1770 dietus
1468 1707 1620 1772 secretus

202 1818 337 1892 eisdem
357 1819 512 1911 dederit,
532 1819 726 1893 secundnm
740 1839 926 1890 nnmerum
939 1838 1045 1912 quem
1066 1818 1098 1891 ei
1116 1839 1178 1913 per
1193 1827 1326 1893 nostras
1344 1819 1482 1894 lictores
1498 1822 1619 1896 decla-

204 1965 335 2016 ramus.

254 2068 380 2138 Datum
394 2063 446 2164 [ut
461 2062 594 2162 supro}

252 2189 309 2261 De
320 2191 479 2262 mndata
491 2187 663 2284 imperiali
677 2191 768 2281 forto
782 2207 843 2282 prr
855 2189 1056 2281 mopistrum
1069 2185 1239 2262 Aboram
1254 2191 1388 2284 scripsit
1405 2191 1514 2266 dietas
1526 2193 1568 2266 G.
1582 2194 1621 2264 de

205 2312 389 2385 Cassantt'a:

254 2435 473 2527 Frederieus‚
488 2446 572 2526 ete,
591 2445 722 2510 secreto
740 2437 776 2510 in
790 2437 920 2526 Sicilia,
937 2446 1004 2510 etc.
1023 2436 1191 2511 Fidelitnti
1212 2447 1271 2510 tne
1285 2438 1511 2533 precipiendo
1524 2461 1622 2513 man·

206 2560 332 2634 danim
354 2568 527 2654 quatenns
551 2558 732 2633 Gnillelmo
748 2560 885 2634 Rnffino
906 2582 969 2656 pm
986 2581 1041 2651 se,
1068 2560 1207 2634 duobus
1231 2560 1430 2633 hominibus
1454 2571 1489 2634 et
1511 2562 1622 2636 tribns

204 2707 227 2758 e
249 2685 305 2756 uis
318 2692 353 2757 et
366 2684 546 2756 Gnillelmo
561 2683 607 2756 de
619 2684 794 2756 bisiniano
807 2705 869 2779 pro
885 2705 936 2774 ee,
953 2705 1023 2757 nno
1034 2683 1175 2757 bomine
1187 2693 1223 2757 et
1237 2683 1374 2758 dnobus
1389 2685 1500 2778 aquis,
1520 2687 1622 2759 falco·

206 2808 312 2882 neniis
330 2806 492 2880 fidelibus
511 2807 653 2899 nostris,
676 2828 848 2901 expensas
865 2828 929 2904 pro
949 2827 1067 2880 mense
1080 2808 1229 2900 januarii
1245 2817 1280 2880 et
1302 2806 1486 2880 medietate
1508 2810 1621 2882 martii

206 2931 319 3027 primo
333 2931 568 3026 preteritorum
584 2931 714 3025 quibus
728 2932 869 3004 suerunt
884 2931 921 3006 in
936 2931 1034 3003 ouria
1049 2941 1164 3005 nostra
1178 2940 1276 3004 extra
1291 2930 1341 3026 (a)
1357 2953 1504 3026 regnum
1520 2953 1583 3006 neo
1598 2955 1620 3005 a

206 3055 303 3128 curia
315 3063 432 3127 nostra
450 3063 655 3150 receperunt
673 3075 860 3149 expensas,
875 3055 978 3147 juxta
994 3055 1137 3128 assisam
1149 3076 1219 3149 qne
1231 3055 1333 3128 datur
1350 3055 1417 3130 illis
1432 3054 1478 3129 da
1492 3056 1621 3129 iamiiia

206 3189 326 3251 nostra
346 3186 446 3251 extra
469 3199 635 3272 regnum,
658 3177 819 3251 videlieet
841 3177 888 3250 ad
913 3177 1079 3250 rationem
1103 3177 1149 3250 de
1173 3177 1284 3250 tribue
1308 3179 1436 3252 tarenis
1459 3179 1535 3252 anri
1557 3201 1620 3275 pro

206 3300 348 3373 bomine
358 3310 393 3374 st
403 3321 495 3395 equo
510 3321 572 3396 par
586 3299 678 3373 diem
690 3300 736 3374 ad
751 3300 888 3396 pondus
901 3301 1008 3390 onrie,
1025 3310 1059 3374 et
1071 3321 1134 3396 pro
1145 3299 1212 3374 alia
1227 3300 1413 3376 medietate
1424 3303 1536 3377 martii
1550 3324 1620 3397 qua

209 3429 350 3501 inerunt
363 3425 545 3498 nobiseum
560 3424 597 3496 in
610 3446 730 3519 regno,
746 3427 1024 3520 expansasjnxta
1038 3425 1180 3498 assisam
1196 3425 1290 3500 cone
1304 3435 1418 3500 nostre
1434 3450 1504 3522 qne
1518 3428 1619 3502 datur

209 3550 277 3622 iilis
291 3548 337 3622 de
353 3549 483 3622 familia
498 3557 613 3622 nostra
633 3550 668 3621 in
685 3569 814 3642 regno,
836 3548 964 3624 debeas
978 3549 1157 3623 exhibere.
1513 3555 1518 3566 ’

257 3674 382 3746 Datum
395 3669 447 3770 [ut
461 3668 595 3769 supro}

415 3967 1410 3983 *nam-mmm..-

265 4201 440 4287 Mandata
458 4204 508 4287 ad
529 4205 753 4316 justitiarios
772 4209 918 4319 Aprutii
941 4219 979 4294 et
1000 4209 1244 4321 Capitanatae
1266 4215 1370 4325 quod
1387 4215 1618 4326 quibusdam
1689 4218 1781 4318 ibi?

210 4331 354 4417 ibidem
371 4337 578 4421 nominatis
601 4339 806 4450 injungant
823 4351 867 4424 ut
884 4367 925 4426 se
942 4343 1138 4428 conferant
1159 4346 1209 4428 ad
1227 4346 1420 4432 Simonem
1442 4350 1617 4435 comitem

211 4465 439 4550 Tbeatinum
456 4495 545 4552 oum
571 4495 616 4553 eo
633 4483 864 4558 moraturos.

293 4645 419 4728 (Rapui.
433 4647 535 4728 imper.
553 4647 674 4713 mene.
688 4652 728 4730 11,
743 4651 796 4715 iol.
813 4660 945 4728 everso3
960 4656 992 4716 in
1006 4655 1076 4718 edii.
1091 4655 1229 4734 Cassam,
1243 4675 1275 4737 p.
1291 4660 1375 4740 24⁰.)

254 4791 294 4875 (a)
316 4797 353 4858 In
366 4799 508 4877 impresso
521 4771 613 4875 intro,
626 4801 714 4865 male.
