4564 6038
535 696 613 758 mcc
1031 675 1244 764 rnrnnnrcl
1269 701 1445 764 struunt
1472 745 1476 752 .
1753 702 1834 782 [nn.
1853 703 1942 765 terr.

530 829 749 923 regnantium
775 840 990 926 ceterorum,
1018 836 1081 932 qui
1110 837 1202 910 bona
1231 835 1439 910 hereditaria
1461 833 1654 908 commodis
1676 837 1883 930 specialibus
1908 853 1947 909 et

530 955 674 1048 privatis
696 955 907 1050 attribuunt,
935 981 998 1054 pro
1023 959 1200 1055 republica
1225 971 1260 1032 et
1284 967 1471 1054 augmento
1496 958 1650 1054 imperii,
1678 970 1748 1032 mm
1775 961 1811 1032 in
1839 961 1946 1033 rebus

529 1089 641 1172 quam
659 1079 695 1150 in
721 1080 853 1153 divitiis
875 1093 909 1154 et
933 1083 1089 1178 personis
1113 1083 1361 1156 incessabiliter
1380 1092 1613 1179 exponentes;
1636 1083 1683 1156 ita
1706 1083 1802 1177 qnod
1822 1093 1946 1157 autore

529 1203 693 1294 Domino,
710 1205 811 1296 cujus
831 1207 952 1301 previa
973 1207 1119 1280 dextera
1141 1207 1285 1280 feliciter
1310 1207 1346 1279 in
1368 1207 1530 1280 omnibus
1553 1204 1823 1302 triumphamus,
1839 1207 1887 1280 ad
1903 1207 1944 1280 id

528 1327 662 1400 labores
687 1329 795 1401 nostri
817 1331 978 1402 transacti
1000 1329 1161 1426 temporis
1183 1339 1417 1426 pervenerunt
1443 1340 1483 1402 nt
1503 1329 1649 1404 devictis
1679 1331 1750 1402 lere
1772 1329 1809 1400 in
1831 1339 1943 1402 totum

522 1449 685 1524 hostibus
701 1460 737 1524 et
760 1451 903 1546 imperio
922 1465 1038 1526 nostro
1054 1454 1225 1546 subactis,
1247 1452 1350 1527 valde
1364 1451 1494 1527 modici
1511 1453 1675 1549 temporis
1689 1461 1794 1526 restat
1808 1453 1907 1526 labor
1929 1477 1939 1522 a

526 1575 563 1647 in
586 1596 657 1669 qno
681 1597 860 1670 speramus
888 1576 934 1649 ad
956 1577 1198 1671 perlectionem
1227 1587 1388 1651 votorum
1418 1578 1654 1649 communium
1679 1585 1714 1648 et
1737 1597 1940 1672 prosperum

526 1699 631 1772 totius
653 1699 766 1794 operis
781 1699 877 1772 ltalio
896 1701 1183 1796 complementum
1209 1700 1459 1796 triumphaliter
1483 1721 1546 1796 pro
1566 1709 1683 1772 nostro
1706 1709 1740 1772 et
1763 1698 1941 1772 communi

526 1823 656 1897 honore
674 1823 865 1918 principum
886 1825 1023 1920 penitus
1037 1825 1229 1920 pervenire.
1247 1825 1337 1912 Qnia
1349 1846 1434 1898 vero
1448 1823 1583 1921 pridem
1601 1823 1730 1897 auditis
1741 1825 1941 1898 rumoribus

525 1943 779 2044 [cognovimns]
794 1946 890 2040 quod
902 1947 1057 2020 nationes
1073 1948 1252 2021 barbarico
1262 1950 1480 2022 Tartarorum
1492 1969 1638 2042 regnum
1651 1947 1801 2038 Ungarie
1814 1949 1940 2022 subitis

524 2069 746 2164 aggressibus
759 2070 978 2162 invasissent,
993 2069 1234 2164 cogitavimus,
1252 2073 1412 2168 proximo
1423 2069 1568 2145 ardente
1577 2072 1720 2166 pariete,
1738 2071 1844 2144 rebus
1857 2093 1940 2145 nos·

524 2193 585 2268 tris
599 2193 789 2266 consultius
803 2193 1074 2268 succurrendum
1096 2220 1104 2264 ι
1124 2194 1170 2267 ad
1191 2195 1256 2268 hec
1272 2203 1431 2290 prompte
1452 2194 1610 2290 exposita
1628 2195 1827 2284 voluntate,
1842 2195 1940 2267 velut

522 2316 603 2412 qui,
622 2327 695 2388 tum
710 2318 848 2413 proprio
866 2317 1035 2390 suadente
1054 2319 1218 2412 negocio,
1240 2329 1313 2390 tum
1333 2319 1438 2392 totius
1459 2317 1716 2390 christianitatis
1729 2317 1886 2390 subsidio
1903 2329 1939 2391 et

523 2433 668 2513 tuitione
690 2440 857 2514 catholice
874 2440 955 2516 fidei
971 2442 1182 2536 requirente,
1202 2441 1367 2536 adquam
1384 2441 1548 2514 tuendam
1572 2462 1618 2514 ex
1637 2441 1820 2514 commissa
1836 2441 1939 2515 nobis

521 2562 707 2656 imperialis
720 2563 823 2637 officii
843 2564 1097 2660 dispensatione
1116 2573 1285 2657 tenemur,
1303 2563 1471 2637 debemus
1483 2565 1629 2638 inimicis
1649 2562 1730 2637 fidei
1748 2565 1936 2638 christiane

521 2685 603 2758 totis
620 2686 754 2760 viribus
772 2687 927 2760 obviare.
950 2687 1018 2761 Sed
1036 2709 1172 2760 summa
1187 2689 1372 2762 necessitas
1389 2689 1582 2762 necessarie
1596 2709 1737 2760 causam
1760 2687 1936 2761 dilationis

520 2809 681 2902 induxit,
699 2821 738 2884 ut
760 2833 832 2886 rem
846 2821 916 2884 tam
932 2810 1078 2884 arduam
1097 2812 1250 2906 imperii,
1268 2832 1331 2884 nos
1346 2811 1581 2907 principaliter
1594 2821 1627 2884 ot
1642 2811 1835 2906 specialiter
1852 2833 1936 2884 oon·

519 2933 726 3028 tingentem,
745 2935 875 3008 bellicis
895 2945 945 3009 tot
964 2957 1137 3008 armorum
1159 2935 1337 3008 laboribus
1365 2935 1402 3007 in
1426 2933 1627 3008 effosionem
1640 2935 1833 3008 Germanici
1854 2957 1934 3008 san-

459 3047 462 3054 ’
518 3058 634 3151 guinis
649 3059 874 3154 acquisitam,
891 3069 926 3132 ot
944 3058 991 3132 ad
1009 3059 1111 3132 finem
1129 3059 1328 3154 proximum
1348 3059 1527 3132 Germanis
1550 3059 1692 3131 ensibus
1709 3061 1781 3152 jam
1802 3058 1933 3131 deduc·

518 3191 609 3270 tam,
637 3203 707 3256 non
740 3183 945 3256 deberemus
970 3183 1150 3255 obmittere
1183 3191 1322 3277 propter
1347 3181 1585 3254 brevissimam
1611 3203 1744 3255 moram
1770 3183 1933 3277 temporis

518 3305 749 3400 imperfectam
766 3331 774 3374 ι
791 3315 830 3378 ut
845 3306 940 3400 quod
952 3317 1043 3379 esset
1059 3305 1211 3378 deterius
1222 3317 1257 3379 et
1269 3306 1369 3379 facile
1381 3305 1608 3398 contingeret,
1628 3305 1753 3378 Italicis
1769 3305 1932 3399 gentihus

517 3426 554 3498 in
568 3427 725 3500 absentia
739 3427 960 3502 dominorum
976 3449 1119 3503 suorum
1140 3430 1316 3502 utentibus
1330 3451 1428 3502 more
1443 3449 1520 3520 suo,
1536 3439 1654 3502 tentos
1667 3429 1766 3502 labor
1777 3439 1812 3503 et
1823 3428 1933 3502 effuso

518 3550 638 3622 divitie
649 3573 712 3647 pro
726 3571 863 3625 recessu
881 3563 998 3626 nostro
1016 3553 1053 3624 in
1069 3553 1203 3626 irritum
1222 3553 1433 3644 reciderent,
1456 3561 1491 3624 et
1508 3551 1664 3626 recidiva
1677 3553 1829 3648 negocii,
1850 3573 1931 3646 gra·

519 3673 613 3746 viora
630 3675 730 3748 nobis
746 3685 781 3748 et
798 3675 944 3774 imperio
960 3677 1079 3748 iterata
1094 3677 1247 3772 pericula
1263 3685 1491 3750 remanerent.
1511 3675 1621 3750 Aliud
1636 3677 1738 3748 etiam
1756 3697 1884 3770 urgens
1897 3687 1931 3749 et

516 3795 662 3868 evidens
679 3796 963 3893 impedimentum
983 3799 1150 3891 occurrit,
1175 3799 1270 3893 quod
1295 3808 1468 3872 crescente
1492 3800 1581 3872 inter
1598 3820 1662 3872 nos
1681 3809 1716 3872 et
1738 3800 1929 3872 Romanurn

516 3917 710 4014 pontificem
729 3921 774 3993 ab
791 3923 871 3994 olim
895 3933 970 3996 orto
994 3920 1160 4014 dissidio,
1180 3923 1396 4019 experientia
1418 3922 1571 4019 preteriti
1593 3923 1757 4019 temporis
1777 3923 1932 4026 suggerit

515 4050 699 4114 venturum
719 4051 920 4131 tremorem,
941 4054 982 4117 ut
998 4045 1115 4138 justus
1136 4043 1258 4133 timor,
1277 4045 1338 4141 qui
1358 4045 1483 4120 cadero
1499 4047 1614 4120 valcat
1636 4045 1673 4117 in
1697 4054 1927 4135 comtantem,

514 4175 606 4238 recte
620 4177 758 4240 moveat
775 4179 924 4242 mentem
941 4177 1115 4242 nostram:
1133 4191 1178 4242 ne
1193 4169 1293 4242 nobis
1308 4169 1530 4244 venientibus
1543 4169 1590 4244 ad
1604 4169 1838 4242 confusionem
1852 4169 1931 4242 hos·

514 4287 600 4360 tium
618 4290 862 4382 barbarorum,
884 4291 1059 4365 familiaris
1075 4303 1110 4366 et
1132 4293 1344 4367 domesticus
1361 4293 1488 4385 hostis,
1512 4293 1611 4366 volnt
1634 4291 1810 4386 quondum
1828 4291 1929 4366 nobis

515 4421 627 4507 partes
646 4415 885 4487 ultramarinas
899 4414 1107 4488 adeuntibus
1121 4438 1184 4513 pro
1199 4419 1340 4491 servitio
1355 4419 1436 4490 lesu
1455 4416 1592 4506 Christi,
1612 4415 1772 4489 animatis
1784 4415 1928 4510 quihus·

513 4535 594 4608 dam
623 4536 809 4611 rebellibus
837 4539 980 4632 nostris,
1012 4539 1153 4612 marinis
1184 4539 1415 4636 predonibus,
1445 4541 1507 4636 qui
1535 4539 1681 4612 libenter
1709 4539 1927 4613 occasionem

512 4657 668 4732 absentie
692 4670 807 4735 nostre
829 4651 1027 4760 captarent,
1055 4661 1235 4736 invaderet
1258 4685 1404 4758 regnum
1433 4674 1614 4753 nostrum,
1642 4683 1722 4734 cnm
1751 4661 1927 4734 familiaris

512 4783 619 4877 pestis
632 4784 676 4856 sit
690 4785 800 4860 levior
810 4785 857 4860 ad
868 4785 1079 4860 nocendum.
1092 4787 1233 4884 Propter
1245 4789 1341 4883 quod
1355 4788 1401 4863 de
1413 4799 1447 4862 to
1460 4809 1502 4861 ao
1514 4785 1560 4862 de
1575 4785 1697 4861 ceteris
1712 4784 1928 4882 principibus
