4564 6038
309 666 407 726 imm.
425 661 485 746 la]
753 663 949 725 HISTORIA
974 663 1264 725 btrtottlttht.
1638 665 1717 728 1189

390 807 527 883 (Edtdcr.
549 807 757 887 Smommm,
775 805 871 872 Aba.
893 807 1027 890 diplom„
1047 817 1071 871 t.
1091 812 1122 885 1,
1141 827 1172 888 p.
1189 819 1258 872 tat.
1273 844 1314 854 —
1329 809 1436 890 Haeo,
1455 810 1601 890 Monam„
1622 817 1646 872 t.
1668 811 1715 886 11,

430 931 463 992 p.
479 912 563 993 294.)

359 1099 534 1174 conradus
553 1099 628 1174 divi
650 1100 789 1195 augusti
807 1099 1019 1195 imperatoris
1032 1099 1196 1172 Friderioi
1212 1099 1319 1184 lilius,
1341 1102 1402 1173 Dei
1419 1103 1528 1196 gratia
1544 1102 1580 1172 in
1598 1122 1715 1195 regem

312 1223 539 1296 Romanorum
554 1224 695 1314 electus,
710 1243 846 1317 semper
861 1232 1029 1317 angustus
1046 1233 1080 1296 et
1093 1223 1193 1296 heres
1208 1225 1305 1318 regni
1320 1225 1577 1297 ierosolimitani
1587 1278 1597 1316 ,
1609 1247 1716 1300 vene·

311 1346 410 1418 rabili
430 1345 545 1418 abbati
563 1356 598 1419 et
611 1346 794 1419 conventui
812 1343 858 1418 de
871 1345 965 1418 Paris
981 1345 1213 1418 Cisterciensis
1231 1346 1363 1419 ordinis
1377 1345 1538 1420 fidelibus
1549 1349 1620 1421 suis
1638 1371 1716 1444 gra·

311 1469 394 1541 tiam
410 1489 509 1541 snam
527 1479 562 1541 et
579 1468 842 1542 omnebonum.
860 1468 1085 1540 Donationem
1109 1468 1285 1562 quondam
1307 1469 1347 1539 Ε.
1364 1467 1409 1541 de
1428 1469 1717 1546 Amelrioheswilr

311 1592 411 1665 vobis
432 1602 467 1665 et
485 1592 691 1665 monasterio
704 1602 820 1665 vestro
840 1592 984 1683 laeam,
1005 1591 1168 1683 quoniam
1184 1591 1275 1663 idem
1290 1593 1332 1663 Ε.
1352 1601 1507 1687 tempore
1522 1577 1717 1670 donationis

311 1714 467 1807 ejusdem
481 1736 502 1786 a
517 1715 765 1811 proscriptione
779 1736 884 1809 quam
897 1724 977 1787 ante
995 1714 1184 1786 incurrerat
1200 1714 1373 1788 mediante
1384 1716 1516 1807 justitia
1534 1719 1644 1791 luerat
1656 1720 1717 1792 ab·

313 1837 461 1926 solutus,
482 1841 572 1911 siout
593 1839 629 1910 in
651 1837 772 1911 litteris
793 1836 969 1932 quondam
987 1835 1030 1908 Α.
1059 1837 1105 1912 da
1128 1839 1313 1911 Rossewac
1326 1839 1506 1930 justiciarii
1531 1842 1717 1936 imperialis

313 1961 409 2034 curia
425 1963 617 2034 continetur
629 1971 665 2034 et
679 1962 804 2034 nobilis
816 1962 870 2033 vir
885 1960 1019 2034 Ulricus
1032 1982 1148 2034 comes
1159 1960 1204 2034 de
1220 1961 1349 2034 Firrata
1365 1964 1465 2056 cujus
1486 1965 1718 2042 ministerialis

313 2082 407 2158 idem
424 2084 466 2156 Ε.
482 2086 654 2174 extiterat,
672 2085 831 2159 eamdem
846 2083 1065 2158 donationem
1084 2085 1327 2158 rationabiliter
1338 2087 1554 2182 approbavit,
1572 2091 1663 2163 sicut
1680 2093 1725 2164 in

313 2207 539 2281 instrumento
555 2205 637 2280 inde
648 2209 800 2281 conlecto
815 2207 970 2280 vidimus
987 2208 1121 2304 plenius
1132 2209 1310 2300 contineri,
1323 2211 1482 2285 eamdem
1498 2211 1718 2290 donationem

315 2331 515 2405 auctoritate
531 2331 628 2424 regia
642 2329 901 2422 confirmamus;
919 2330 1123 2404 mandantes
1137 2343 1172 2405 et
1196 2351 1258 2427 per
1278 2332 1456 2406 obtentum
1478 2338 1587 2428 gratie
1603 2350 1719 2415 nostra

315 2453 457 2528 firmiter
475 2455 669 2528 inhibentes
693 2475 738 2527 ne
761 2455 840 2547 quis
861 2454 905 2525 sit
924 2455 986 2548 qni
1004 2475 1067 2527 vos
1085 2455 1121 2525 in
1145 2456 1221 2549 ipsa
1242 2455 1426 2529 donatione
1441 2457 1523 2530 dicti
1541 2462 1718 2553 quondam

315 2577 357 2650 Ε.
389 2589 506 2651 eontm
528 2578 697 2672 presentis
720 2575 986 2650 confirmationis
1013 2587 1127 2651 nostre
1149 2579 1311 2672 paginam
1338 2579 1529 2675 impedire,
1554 2583 1720 2678 impetere

318 2702 372 2774 vel
388 2701 566 2774 molestare
580 2709 767 2794 presumat.
787 2699 845 2774 Ad
860 2699 967 2792 hujus
982 2699 1099 2795 itaque
1113 2700 1379 2774 confirmationis
1393 2712 1507 2776 nostre
1520 2709 1720 2781 memoriam

316 2834 351 2900 et
368 2825 473 2898 robur
495 2825 725 2919 inposterum
746 2823 953 2913 valiturum,
970 2844 1113 2918 presens
1135 2825 1300 2919 scriptum
1321 2823 1394 2897 lieri
1414 2835 1449 2898 et
1471 2826 1584 2920 sigillo
1603 2839 1721 2906 nostro

312 2949 478 3040 jussimus
489 2945 707 3020 communiri.

364 3073 488 3145 Datum
503 3070 711 3162 Hagnowie,
732 3089 824 3142 anno
841 3067 1014 3142 dominice
1031 3067 1273 3142 incarnationis
1292 3069 1471 3143 millesimo
1486 3069 1721 3148 ducentesimo

317 3194 490 3289 trigesimo
503 3213 613 3284 nono,
627 3213 746 3266 mense
762 3192 941 3282 februarii,
958 3191 1092 3264 decima
1108 3190 1205 3294 tertia
1222 3190 1418 3264 indictione.

371 3802 588 3907 Comedus,
615 3801 655 3880 in
682 3801 941 3883 Romanorum
975 3795 1290 3907 regemelectus,
1319 3805 1483 3906 quatuor
1518 3799 1721 3880 sententias

315 3933 529 4042 principum
546 3929 764 4042 promulgat
781 3941 818 4013 et
835 3929 1004 4037 roborat,
1024 3954 1121 4038 quas
1138 3953 1267 4012 coram
1286 3953 1326 4009 se
1343 3929 1472 4036 Egeno
1489 3927 1721 4011 brixinensis

316 4065 457 4148 electus
482 4063 677 4148 obtinuit:
702 4067 739 4146 l.
761 4062 867 4172 quod
893 4070 980 4170 post
1007 4072 1180 4169 suscepta
1202 4060 1345 4169 regalia
1370 4060 1545 4144 universa
1566 4062 1721 4169 episco-

314 4206 427 4304 patus
462 4194 586 4278 officia
620 4195 740 4304 possit
776 4192 968 4298 conferre,
1008 4191 1170 4299 exeeptis
1215 4202 1379 4300 quatuor
1422 4191 1719 4300 principalibus3

315 4331 356 4408 Ε.
387 4327 493 4438 quod
518 4325 854 4410 excommunicatis
884 4325 1033 4432 possint
1059 4323 1173 4405 feuda
1199 4323 1398 4432 denegari3
1418 4325 1457 4404 t.
1479 4323 1583 4433 quod
1605 4323 1720 4434 oppi-

318 4461 560 4571 gnerationes
579 4470 617 4543 et
639 4458 885 4542 alienationes
908 4455 1097 4541 bonorum
1117 4457 1167 4537 ad
1189 4455 1391 4538 utilitatem
1409 4455 1587 4540 ecclesiae
1604 4458 1724 4568 possit

318 4617 510 4697 reuocar03
543 4594 584 4673 d.
619 4591 723 4702 quod
750 4589 1019 4698 perdurantem
1045 4585 1086 4669 in
1111 4587 1499 4672 excommunicatione
1524 4590 1722 4699 proscrip-

321 4722 434 4808 tionis
449 4722 579 4831 gladio
596 4721 716 4833 possit
732 4719 858 4806 ferire.

397 4855 437 4921 V.
457 4870 545 4918 rma
1511 4862 1568 4917 tto
