4358 5996
531 630 593 696 990
1034 625 1249 690 vhtoantcl
1270 625 1445 690 sttcttrtnl
1752 624 1835 710 [has.
1853 625 1941 688 tato.

532 765 703 840 iacienda.
731 761 817 834 Aliis
837 760 930 834 enim
951 761 1164 857 principibus
1187 785 1328 836 securus
1352 783 1422 837 non
1443 769 1538 856 patet
1558 781 1718 834 accessus
1740 761 1868 835 advos
1884 763 1943 835 vel

410 915 418 930 ·
531 889 579 963 ad
593 889 708 983 ipsum
722 886 788 959 hoe
803 893 956 980 tempore
971 885 1158 975 veniendi,
1176 887 1253 960 etsi
1271 885 1412 960 tandem
1425 885 1533 980 aliqui
1548 905 1668 958 eornm
1682 905 1803 958 saenre
1815 885 1862 958 ad
1879 907 1943 958 vos

531 1021 672 1109 possent
682 1009 846 1084 accedere
853 1010 910 1082 vel
921 1008 968 1083 ad
981 1009 1112 1104 ipsam,
1122 1010 1219 1084 alteri
1233 1011 1382 1105 partium
1398 1011 1483 1082 torte
1494 1007 1680 1082 redderent
1692 1029 1731 1082 se
1743 1019 1939 1104 suspectos;

531 1145 566 1210 et
593 1133 673 1208 idco
699 1133 870 1206 mediator
894 1141 928 1206 et
953 1132 1183 1209 internuntius
1208 1133 1320 1227 magis
1347 1131 1626 1227 nonunquam
1654 1131 1749 1204 idem
1777 1130 1942 1225 magister

531 1259 657 1334 domus
672 1257 959 1334 Theutonicorum
975 1275 1044 1334 ooo
1064 1257 1177 1350 potuit
1192 1277 1286 1334 nunc
1303 1256 1437 1330 hahcri.
1510 1287 1513 1299 ·

582 1495 870 1570 Reverentissimo
889 1493 1030 1567 domino
1046 1515 1110 1566 sno
1123 1503 1158 1568 et
1171 1495 1260 1589 patri
1274 1495 1311 1568 in
1325 1494 1457 1568 Christo
1472 1493 1652 1570 karissimo
1669 1493 1710 1566 G.
1727 1503 1942 1568 sacrosancte

532 1620 683 1696 Romane
699 1620 848 1693 llcclesie
867 1636 1003 1692 summo
1021 1616 1195 1712 pontifici,
1213 1615 1255 1692 Α.
1272 1617 1333 1689 Dei
1351 1617 1461 1710 gratia
1479 1617 1556 1690 dux
1574 1616 1723 1690 Saxonis
1739 1637 1821 1690 com
1839 1615 1941 1688 ohse-

531 1747 614 1842 quio
624 1743 716 1818 fideli
731 1743 904 1816 orationes
915 1752 949 1814 et
960 1740 1217 1836 pedomoscula
1227 1741 1418 1815 beatorum.
1430 1741 1516 1814 Cum
1529 1762 1576 1814 ex
1591 1740 1764 1814 discordia
1775 1740 1941 1833 quainter

530 1891 595 1943 vos
610 1891 657 1942 ex
675 1889 745 1940 una
761 1876 796 1939 et
813 1865 992 1939 dominum
1009 1864 1248 1958 imperatorem
1266 1886 1311 1950 ea
1332 1875 1427 1958 parte
1442 1865 1549 1938 altera
1565 1867 1714 1938 vertitur,
1724 1872 1761 1936 ot
1777 1863 1937 1945 habetor,

531 2002 600 2068 tota
623 1993 668 2064 sit
690 1989 917 2062 christianitas
934 1988 1151 2082 perturbata,
1172 1989 1343 2060 sanctitati
1363 1996 1475 2062 vestre
1496 1987 1730 2082 supplicamus
1748 1985 1936 2073 humiliter,

529 2123 626 2210 pater
644 2123 778 2202 sancte,
797 2111 962 2206 quatinus
984 2109 1208 2200 consideratis
1226 2111 1365 2198 casibus
1383 2111 1553 2185 universis
1574 2111 1636 2204 qui
1653 2131 1699 2182 ex
1716 2109 1776 2183 tali
1796 2119 1940 2204 pomum

529 2237 703 2310 discordia
722 2235 926 2330 provenire,
948 2255 1027 2306 cnm
1047 2234 1123 2328 ipso
1144 2233 1285 2307 domino
1304 2235 1509 2328 imperatore
1527 2245 1603 2306 tum
1621 2255 1684 2329 pro
1699 2233 1840 2306 nornine
1856 2234 1939 2306 lesu

529 2360 664 2450 Christi,
680 2368 753 2432 tum
767 2378 830 2452 pro
844 2357 951 2430 nostri
964 2357 1120 2450 obsequii
1133 2357 1343 2445 interventu,
1356 2359 1521 2432 accedere
1532 2358 1722 2451 dignemini
1739 2357 1786 2432 ad
1802 2377 1940 2430 concor·

528 2484 587 2558 die
612 2483 795 2572 unionem,
822 2491 856 2554 ct
885 2482 1023 2554 iratrem
1043 2479 1239 2554 Conradum
1260 2481 1438 2576 qnondam
1460 2483 1692 2573 lantgravium
1714 2479 1939 2554 mediatorem

527 2607 696 2680 intervos
714 2604 865 2678 existere
882 2601 1106 2698 permittatis,
1124 2603 1190 2678 hoc
1210 2605 1374 2699 precipue
1393 2604 1610 2680 considerato
1626 2603 1723 2699 quod
1739 2603 1815 2678 sine
1834 2623 1939 2698 regno

527 2741 562 2804 et
578 2728 768 2804 sacerdotio
784 2727 963 2822 prevalere
980 2746 1051 2800 non
1069 2735 1181 2821 potest
1197 2727 1318 2823 religio
1334 2727 1532 2804 christiana.

575 2972 778 3050 Reverendo
790 2971 931 3046 domino
944 2993 986 3046 ac
999 2971 1088 3067 patri
1100 2993 1164 3047 suo
1178 2973 1218 3046 G.
1234 2983 1351 3048 sancte
1365 2975 1518 3048 Romane
1528 2973 1623 3050 sedis
1635 2974 1789 3066 antistiti,
1801 2977 1834 3048 l.
1848 2983 1882 3048 et
1894 2974 1936 3046 0.

530 3099 589 3173 llei
612 3099 722 3193 gratia
747 3096 961 3170 marchiones
986 3105 1021 3170 et
1046 3097 1168 3170 tratres
1189 3097 1234 3172 de
1255 3097 1499 3174 Brandehorch
1525 3099 1677 3174 dehitam
1707 3121 1787 3172 com
1814 3095 1939 3172 devoto

527 3222 670 3297 servitio
690 3220 919 3296 reverentiam
942 3219 978 3290 in
1001 3216 1141 3292 domino
1160 3221 1241 3294 lesu
1264 3222 1409 3296 Christo.
1435 3222 1523 3298 Com
1545 3245 1594 3298 ex
1616 3223 1831 3298 dissensione
1851 3223 1940 3296 inter

529 3345 758 3420 reverentiam
774 3353 924 3418 vestram
942 3351 1105 3438 exparte
1123 3365 1194 3416 una
1210 3353 1245 3418 et
1263 3345 1444 3420 dominum
1462 3357 1617 3421 nostrum
1636 3347 1877 3442 imperatorem
1893 3365 1940 3418 ex

529 3470 635 3542 altera
653 3467 829 3559 suscitata,
850 3465 990 3540 diaholo
1007 3466 1250 3561 persuadente,
1266 3479 1361 3544 tanta
1372 3472 1445 3563 Jam
1461 3491 1523 3566 per
1540 3479 1646 3545 totam
1658 3469 1939 3542 christianitatem

528 3591 618 3666 malo
635 3590 834 3664 emerserint
851 3588 947 3684 qnod
963 3591 1072 3682 major
1088 3600 1140 3664 est
1154 3591 1257 3666 timor
1272 3603 1307 3666 et
1323 3594 1483 3668 anxietas
1505 3593 1551 3668 de
1570 3594 1710 3684 laturis,
1732 3592 1799 3666 nisi
1817 3591 1939 3665 divim

528 3714 708 3810 dispositio
733 3734 796 3809 per
819 3713 983 3808 angelum
999 3713 1094 3808 pacis
1118 3726 1152 3788 et
1173 3717 1308 3790 consilii
1331 3717 1523 3792 remedium
1548 3717 1707 3808 inducat,
1734 3715 1938 3790 excellentie

530 3847 644 3914 vestre
669 3835 888 3911 devotissime
910 3835 1079 3910 duximus
1103 3839 1371 3935 supplicandum
1394 3842 1557 3936 quatiam
1580 3852 1654 3914 tnm
1675 3861 1739 3936 pro
1756 3841 1843 3930 Deo,
1864 3848 1938 3912 tum

528 3985 592 4062 pro
615 3961 818 4034 necessitate
840 3961 944 4034 totins
968 3962 1086 4056 populi
1111 3961 1286 4036 christiani
1311 3965 1412 4057 cnjus
1436 3966 1531 4038 salus
1556 3965 1594 4037 in
1618 3973 1732 4038 vestra
1751 3971 1787 4036 et
1806 3961 1938 4034 domini

528 4084 743 4182 imperatoris
766 4081 950 4156 concordia
973 4091 1008 4154 et
1030 4084 1275 4178 tranquillitate
1296 4086 1437 4160 videtur
1458 4088 1664 4178 consistere,
1688 4083 1879 4158 concedere
1898 4103 1939 4156 ac

527 4209 703 4284 licentiore
720 4206 845 4280 curetis
860 4215 900 4278 nt
916 4207 1020 4278 irater
1036 4206 1073 4280 C.
1094 4205 1303 4282 honorehilis
1321 4210 1486 4306 magister
1499 4209 1677 4306 hospitalis
1691 4209 1816 4280 Sancte
1833 4204 1938 4278 llario

529 4331 654 4410 domus
668 4329 957 4404 Theutonicorum
971 4329 1007 4400 in
1023 4331 1211 4406 Jerusalem
1229 4333 1382 4408 lahorem
1396 4341 1432 4408 et
1446 4331 1712 4408 solicitudinem
1729 4338 1844 4404 sumat
1862 4337 1936 4402 tan·

530 4476 635 4551 qnam
654 4451 884 4526 internuntios
900 4461 935 4523 et
951 4448 1174 4528 fidelissimus
1193 4455 1374 4549 mediator,
1395 4465 1601 4532 tractaturus
1618 4455 1705 4528 inter
1723 4471 1786 4524 vos
1806 4459 1841 4524 et
1861 4467 1935 4545 pre-

529 4577 661 4668 dictum
688 4574 868 4648 dominum
899 4574 1140 4672 imperatorem
1164 4578 1210 4652 de
1237 4580 1484 4676 compositione
1512 4579 1735 4654 amicabiliter
1763 4572 1932 4650 iacienda.

529 4703 626 4778 Alius
648 4702 741 4776 enim
762 4700 920 4798 princeps
939 4711 1009 4775 mm
1032 4711 1171 4800 propter
1193 4703 1426 4780 difficultatem
1450 4715 1485 4780 et
1504 4706 1641 4780 viarum
1659 4701 1812 4799 pericula
1835 4719 1937 4794 quam
