4524 6012
557 711 617 774 'trs
1060 713 1274 779 rulosntct
1297 711 1471 777 sscuuut
1776 709 1856 790 [Ans.
1874 709 1960 772 tato.

555 847 604 920 ita
621 855 751 922 statuas
772 859 807 922 et
832 870 996 944 procures
1015 851 1113 947 qnod
1138 851 1189 924 sal
1214 849 1258 924 de
1278 848 1441 947 predictis
1464 845 1618 942 partibus
1643 845 1680 916 in
1699 844 1959 938 justiciariatnm

554 971 668 1066 ipsum
684 973 879 1048 nullatenus
901 977 1072 1051 deteratur
1091 976 1128 1049 in
1149 984 1265 1049 nostre
1284 975 1380 1048 curie
1398 973 1562 1048 lesionem
1584 979 1620 1044 et
1641 979 1679 1044 ut
1697 969 1961 1045 sollicitudiuem

554 1104 665 1186 tuam,
686 1105 753 1168 etc.

601 1219 726 1292 Datum
745 1215 796 1316 [ut
807 1221 941 1314 supra}

603 1671 825 1757 Mandatum
848 1674 898 1755 ad
915 1674 1167 1758 camerarium
1192 1675 1340 1784 Aprutii
1358 1676 1406 1758 de
1423 1671 1598 1782 expensis
1614 1668 1752 1754 dandis
1773 1692 1843 1778 pro
1860 1689 1959 1774 equo
1992 1625 1994 1632 ‚

549 1805 697 1912 auriae,
722 1807 771 1888 de
808 1805 1106 1918 bajulationibus
1135 1817 1349 1892 castrorum
1376 1804 1675 1914 ¹recolligendis,
1700 1803 1750 1886 de
1782 1798 1958 1884 fidelibus

548 1937 769 2022 hominibus
788 1939 997 2022 statuendis
1015 1966 1085 2049 pro
1103 1940 1183 2024 sale
1199 1940 1327 2024 curiae
1344 1939 1385 2022 in
1402 1937 1568 2022 Piscsria
1584 1934 1795 2020 vendendo.

628 2135 757 2218 (degeat.
776 2138 881 2218 imper.
894 2135 1014 2201 Μίαν.
1029 2139 1074 2212 11,
1086 2138 1139 2201 tol.
1157 2149 1196 2201 ot
1207 2157 1308 2216 varso;
1323 2142 1356 2202 ln
1372 2139 1443 2201 adit.
1459 2137 1596 2218 Curcum,
1609 2155 1641 2215 p.
1658 2134 1742 2213 sto.)

596 2307 768 2380 lleeodem
784 2307 943 2380 mndata
960 2310 1095 2404 scripsit
1111 2310 1199 2382 otios
1215 2307 1373 2409 [litteras]
1385 2313 1427 2384 P.
1444 2309 1484 2381 da
1496 2309 1642 2406 chuui
1779 2297 1781 2302 ’

593 2430 812 2522 Fundaniana,
836 2440 917 2522 eta,
939 2432 1066 2506 Criscio
1085 2431 1308 2516 Amalfitana,
1327 2445 1394 2506 etc.
1413 2435 1518 2506 Solita
1533 2431 1745 2525 benignitate
1762 2428 1955 2522 recepimus

545 2553 680 2627 tinterna
702 2576 791 2649 quas
816 2555 939 2627 misisti
966 2565 1001 2628 et
1028 2556 1181 2650 ipsarum
1205 2558 1449 2630 continentiam
1471 2577 1536 2628 nec
1560 2576 1629 2627 non
1655 2563 1691 2628 et
1711 2553 1860 2648 capitula
1885 2573 1954 2647 qne

544 2675 665 2749 misisti
683 2677 883 2750 audivimus
899 2688 934 2751 et
951 2678 1186 2752 intelleximus
1202 2679 1395 2774 diligenter.
1416 2678 1472 2752 Ad
1486 2679 1582 2773 qnod
1600 2678 1661 2750 tihi
1682 2677 1794 2750 taliter
1812 2695 1954 2770 reapon-

543 2799 667 2872 demus
682 2799 887 2874 mandantes
909 2801 1065 2875 fidelitati
1091 2815 1152 2875 tue
1175 2811 1347 2896 quatenus
1364 2824 1428 2899 pro
1443 2824 1534 2897 equo
1558 2802 1654 2875 curia
1679 2809 1795 2874 nostre
1819 2800 1880 2894 qui
1901 2807 1954 2872 cst

541 2923 638 3019 apud
656 2925 819 2997 Sanctum
839 2925 1044 2998 Flavianum
1063 2934 1099 2999 ct
1117 2948 1180 3022 pro
1196 2928 1273 3019 ejus
1294 2927 1456 3010 sontitero
1481 2927 1545 3000 des
1568 2945 1739 3020 expensas
1760 2922 1953 2997 secundum

540 3047 636 3141 quod
650 3049 813 3142 peratiae
831 3049 1116 3123 nostraslicteras
1134 3050 1197 3122 tibi
1217 3050 1400 3124 recolimus
1422 3050 1628 3142 injunxisse.
1650 3049 1762 3143 Super
1783 3067 1825 3120 eo
1842 3046 1952 3141 siqui·

541 3169 621 3243 dem
634 3171 730 3264 qnod
745 3172 912 3266 scripsisti
928 3171 973 3245 de
988 3174 1142 3246 aastrisa
1160 3181 1279 3246 nostra
1292 3175 1470 3265 maJastate
1487 3172 1672 3264 concessis,
1686 3191 1834 3266 quornm
1848 3171 1952 3262 baiu-

539 3293 683 3368 lationes
710 3294 852 3367 uendite
873 3295 1026 3386 lucrant,
1058 3317 1122 3392 pro
1150 3297 1280 3390 quibus
1307 3297 1414 3370 nichil
1435 3297 1598 3370 Silvaster
1628 3294 1673 3368 de
1695 3295 1819 3368 Sancm
1845 3293 1951 3366 Panto

539 3417 697 3490 collector
722 3417 759 3490 iu
787 3417 942 3514 partibus
969 3419 1053 3514 ipsis
1080 3417 1192 3492 tidelis
1216 3429 1331 3493 noster
1358 3421 1489 3516 recepit
1516 3440 1537 3493 a
1562 3419 1687 3511 bajulis
1714 3419 1843 3513 quibus
1869 3417 1950 3490 date

537 3541 679 3614 luerunt
693 3538 743 3636 (a)
757 3551 963 3615 conventam
978 3549 1095 3616 nostre
1106 3542 1203 3616 curie
1215 3543 1459 3637 quantitatem,
1477 3541 1683 3616 mandamus
1696 3541 1760 3614 tibi
1777 3548 1949 3636 quatenus

537 3662 679 3736 nomina
696 3673 885 3736 castrorum
907 3665 1060 3760 ipsorum
1082 3673 1259 3740 eteorum
1282 3667 1410 3761 quibos
1432 3687 1595 3740 concessa
1615 3675 1696 3739 sunt
1718 3673 1753 3738 et
1769 3685 1840 3759 quo
1858 3672 1948 3737 mm-

537 3809 622 3883 pora
643 3809 707 3860 nos
722 3809 764 3860 ea
779 3789 1049 3864 concesserimus
1066 3800 1102 3864 et
1121 3791 1297 3866 residuam
1320 3791 1429 3865 debiti
1446 3791 1673 3887 quantitatem
1691 3788 1851 3862 distincte
1872 3788 1947 3862 cul·

536 3911 621 3982 mini
637 3919 754 3984 nostro
772 3912 921 4003 scribas,
940 3925 975 3987 et
992 3936 1059 3988 nos
1081 3916 1144 3988 tibi
1161 3917 1391 3990 rescribamus
1410 3925 1527 3989 nostre
1543 3913 1798 4010 beneplacitum
1817 3913 1947 3986 volun-

536 4035 626 4108 tatis.
646 4035 758 4130 Super
780 4057 823 4108 eo
847 4036 944 4130 quod
967 4039 1089 4111 misisti
1106 4039 1151 4112 de
1168 4040 1323 4114 Iohanne
1346 4038 1391 4113 de
1410 4041 1556 4112 Bellorte
1582 4036 1723 4110 mmato
1744 4045 1779 4110 et
1795 4035 1946 4110 Berardo

536 4157 582 4230 de
594 4158 754 4230 mozano
769 4157 815 4230 de
832 4158 982 4232 Piscaria
1003 4161 1065 4255 qui
1084 4161 1154 4233 sint
1168 4163 1269 4236 utiles
1284 4171 1320 4234 et
1336 4161 1455 4235 fideles
1471 4181 1535 4257 pro
1549 4157 1734 4234 vendendo
1756 4156 1830 4232 sale
1849 4157 1945 4230 curio

534 4289 649 4354 nostre
665 4279 701 4350 in
720 4279 887 4369 Piscaria,
905 4282 1111 4356 mandamus
1129 4282 1192 4356 tibi
1210 4295 1383 4379 quatenus
1402 4281 1440 4356 id
1461 4283 1545 4357 inde
1562 4282 1668 4356 iacias
1689 4280 1785 4376 quod
1808 4278 1944 4352 utilitati

534 4403 630 4476 curis
645 4412 760 4478 nostre
776 4407 982 4498 cognoveris
992 4407 1116 4479 melius
1129 4408 1309 4504 expedire.
1323 4410 1434 4503 Super
1447 4407 1524 4480 aliis
1538 4404 1697 4501 capitulis
1709 4423 1780 4500 qua
1793 4401 1839 4478 de
1852 4423 1943 4475 novo

534 4526 677 4618 misisti,
697 4527 758 4598 tibi
774 4549 836 4623 par
850 4529 935 4602 alias
946 4537 1080 4603 nostras
1095 4531 1233 4604 licteras
1250 4531 1403 4628 plenarie
1416 4528 1654 4626 respondetur.

581 4649 707 4722 Datum
721 4651 875 4744 Fuligni,
894 4653 938 4726 IV
957 4641 1137 4745 februarii,
1158 4655 1234 4728 Xlll
1250 4654 1460 4729 indictionis.

574 4793 615 4874 (c)
635 4795 724 4858 usna
736 4795 779 4856 tbt
792 4795 914 4874 sltquld.
