4524 6012
540 708 601 770 656
1040 717 1253 779 intonaret
1280 717 1452 778 sucultul
1763 715 1844 793 [Anu.
1861 713 1946 775 1240.

540 840 725 936 dispendio
741 843 869 919 debeas
884 849 1057 941 quietare,
1079 860 1114 924 et
1129 853 1158 925 si
1180 855 1268 924 torta
1286 861 1326 922 ut
1341 849 1534 945 predictum
1548 856 1618 938 est,
1639 847 1756 941 aliquo
1771 847 1950 920 accidente

541 987 642 1058 casu,
672 969 767 1062 quod
791 973 931 1045 omnino
947 975 1128 1069 nolumus,
1149 978 1254 1048 immo
1275 977 1337 1047 tibi
1362 971 1505 1046 firmiter
1528 972 1746 1062 inhibemus,
1773 970 1948 1065 predictus

539 1090 721 1164 solutionis
748 1095 914 1168 terminus
937 1101 1176 1192 pertransiret,
1199 1099 1326 1174 deinde
1353 1099 1389 1169 in
1413 1108 1514 1170 antea
1538 1093 1707 1190 quamdiu
1726 1094 1802 1189 ipsa
1825 1094 1948 1166 solutio

540 1211 746 1306 differretur,
764 1217 810 1288 de
831 1219 977 1313 singulis
1000 1232 1140 1294 centum
1163 1223 1297 1311 unciis,
1318 1221 1364 1294 da
1387 1230 1456 1294 tota
1474 1219 1666 1313 quantitate
1689 1216 1860 1312 predicta,
1880 1227 1948 1288 tres

540 1338 661 1410 uncias
677 1341 754 1411 auri
774 1341 820 1414 ad
835 1346 994 1436 generale
1007 1346 1145 1442 pondus
1163 1369 1224 1442 per
1246 1367 1398 1418 mensem
1421 1354 1457 1416 tu
1477 1343 1528 1416 eis
1542 1363 1605 1437 pro
1626 1340 1787 1436 dampnis
1808 1350 1843 1411 et
1860 1339 1947 1410 inte-

538 1480 631 1532 resse
660 1463 796 1536 solvere
828 1463 975 1558 debeas,
1010 1467 1214 1562 provisurus
1239 1477 1372 1539 actente
1400 1479 1436 1538 st
1469 1463 1613 1536 sollicita
1643 1471 1824 1534 curaturus
1852 1459 1947 1553 quod

391 1639 393 1644 -
537 1583 692 1678 predicto
710 1589 858 1660 termino
878 1591 1077 1684 quietantur
1094 1613 1139 1664 ne
1152 1613 1214 1688 par
1226 1613 1357 1666 moram
1373 1592 1484 1683 majus
1502 1587 1598 1660 curia
1617 1593 1734 1658 nostra
1757 1584 1945 1676 dampnum

537 1709 699 1780 incurrat.
722 1710 840 1782 Soluta
861 1733 945 1786 vero
962 1715 1153 1807 quantitate
1170 1712 1323 1808 predicta
1345 1722 1498 1808 patentes
1521 1711 1656 1782 licteras
1680 1729 1769 1802 quas
1794 1707 1845 1778 eis
1865 1702 1947 1776 inde

537 1830 683 1903 fecimus
703 1834 850 1928 recipias
871 1837 917 1908 ab
942 1837 1092 1926 eisdem,
1115 1846 1150 1910 et
1171 1836 1414 1910 nichilominus
1441 1834 1538 1907 aliud
1560 1834 1725 1928 scriptum
1752 1837 1948 1924 competens

538 1951 642 2026 facias
660 1955 887 2030 desolatione
905 1960 997 2054 ipsa,
1018 1959 1065 2034 ad
1081 1962 1176 2034 coria
1191 1970 1307 2034 nostre
1323 1959 1505 2032 cautelam.

585 2079 711 2149 Datum
734 2077 786 2177 [nt
801 2079 931 2179 supra].

585 2201 720 2275 Similes
744 2203 879 2276 clausas
897 2213 931 2278 et
955 2215 1091 2301 apertas
1113 2208 1248 2303 scripsit
1266 2207 1419 2301 Angelus
1436 2205 1482 2278 de
1503 2205 1619 2298 Capua
1640 2201 1757 2285 eidem,
1777 2201 1944 2290 Obbarto,

536 2345 599 2418 pro
610 2326 785 2420 Stephano
802 2329 965 2426 Philippi,
984 2331 1158 2427 Stephano
1173 2342 1298 2427 nepote
1312 2333 1405 2422 ejus,
1424 2328 1557 2420 Angelo
1574 2327 1707 2412 Rufini,
1727 2324 1865 2397 Nicolao
1876 2325 1948 2396 Do-

536 2447 659 2540 nadei‚
682 2460 716 2522 et
734 2451 915 2526 Thomasio
933 2455 1102 2546 Scrifiuii,
1122 2457 1368 2531 mercatoribus
1383 2453 1559 2542 llomanis,
1584 2451 1646 2545 qui
1666 2471 1728 2544 pro
1743 2449 1856 2519 unciis
1873 2447 1946 2518 auri

537 2571 720 2646 CXXXllll
740 2573 781 2667 Ψ,
806 2577 852 2649 ad
877 2580 1039 2670 generale
1060 2580 1218 2676 pondus,
1243 2581 1372 2655 debent
1393 2577 1522 2650 babere
1547 2575 1668 2646 uncias
1692 2571 1895 2643 CLXXVllll
1914 2579 1948 2640 et

536 2707 672 2770 tarenos
690 2699 734 2768 X.

586 2822 722 2894 Similes
748 2833 884 2918 apertas
911 2833 946 2896 et
976 2825 1113 2898 clausas
1142 2827 1276 2922 scripsit
1299 2827 1340 2898 G.
1367 2824 1413 2898 de
1437 2825 1546 2897 Tocoo
1573 2821 1685 2894 sidem
1707 2819 1857 2891 Obberto
1885 2837 1948 2911 pro

537 2943 636 3016 Petro
655 2944 745 3016 Bono
768 2955 803 3016 et
825 2946 924 3018 Petro
950 2959 1075 3042 nepote
1101 2949 1195 3040 ejus,
1224 2948 1471 3021 mercatoribus
1495 2944 1677 3034 Romanis,
1703 2941 1764 3034 qui
1791 2960 1853 3033 pro
1877 2959 1948 3008 un-

537 3068 600 3138 ciis
616 3067 704 3138 CXll
722 3076 757 3140 et
774 3070 901 3142 tarenis
918 3071 951 3141 X
968 3071 1096 3143 debent
1108 3073 1260 3167 recipere
1274 3073 1393 3144 uncias
1410 3071 1510 3159 CXL,
1527 3083 1663 3141 tarenos
1675 3066 1737 3138 llll
1755 3062 1809 3160 Ἀ.

586 3191 721 3262 Similes
754 3201 890 3286 apertas
919 3202 954 3265 et
982 3195 1117 3266 clausas
1148 3196 1284 3290 scripsit
1313 3194 1426 3268 cidem
1439 3193 1603 3286 'Angelus
1630 3190 1676 3264 de
1703 3190 1845 3284 Capua,
1884 3207 1946 3280 pro

540 3313 669 3386 Iacobo
684 3312 729 3385 da
747 3313 820 3404 Illa,
838 3317 1016 3389 leonardo
1031 3317 1077 3390 do
1095 3317 1242 3390 Cbcncio
1261 3328 1296 3391 et
1309 3318 1473 3390 Nicholao
1492 3315 1686 3389 Markisano
1702 3310 1947 3384 mercatoribus

537 3434 719 3525 Romanis,
738 3436 799 3529 qui
818 3459 880 3531 pro
896 3439 1008 3512 unciis
1024 3441 1099 3512 auri
1116 3441 1301 3533 CCXCllll,
1318 3440 1447 3513 debant
1464 3439 1616 3531 recipere
1635 3436 1755 3507 uncias
1770 3432 1944 3505 CCCXCll.

608 3555 615 3656 Ι
636 3559 771 3632 Similes
800 3570 934 3655 apertas
954 3574 989 3636 at
1011 3565 1145 3637 clausas
1166 3563 1280 3639 eidem
1301 3565 1427 3636 Oberto
1448 3561 1583 3656 scripsit
1599 3559 1753 3652 Angelus
1769 3556 1814 3630 de
1830 3557 1948 3651 Capua

538 3682 813 3775 pro'Hugclino,
833 3684 1011 3758 leonardo
1024 3686 1076 3759 ‘de
1096 3687 1262 3777 Chenzio,
1281 3687 1422 3760 Nicolao
1443 3685 1488 3758 de
1512 3682 1668 3772 Andrea,
1693 3689 1727 3752 at
1745 3680 1887 3752 Nicolao
1903 3678 1948 3752 do

538 3806 644 3892 Baro,
670 3806 831 3879 Romanis
856 3810 1117 3900 mercatoribus,
1143 3813 1204 3905 qui
1233 3833 1295 3906 pro
1318 3810 1430 3883 unciis
1449 3807 1627 3882 OCCXLlll
1646 3805 1775 3878 debent
1796 3803 1948 3898 recipere

540 3929 662 3999 uncias
675 3930 751 4000 auri
769 3929 954 4004 CCCCLVll
971 3942 1005 4005 et
1021 3943 1156 4006 tarenos
1171 3935 1216 4006 X.

590 4051 726 4123 Similes
749 4063 884 4148 apertas
910 4064 945 4126 et
966 4057 1099 4130 clausas
1128 4056 1241 4130 eidem
1261 4058 1397 4154 scripsit
1413 4057 1505 4131 idem
1523 4075 1586 4152 pro
1599 4052 1782 4126 laurentio
1798 4049 1843 4122 de
1859 4049 1946 4120 Pan·

539 4173 653 4266 dullo,
672 4175 792 4249 chtio
810 4176 974 4272 Stephani
992 4179 1037 4252 de
1060 4181 1236 4277 Philippo,
1258 4182 1440 4254 Laurentio
1459 4181 1504 4252 de
1525 4178 1631 4268 Gilio,
1655 4189 1690 4251 at
1711 4171 1944 4267 ledelgardm

538 4300 786 4374 mercatoribus
811 4301 991 4394 Romanis,
1015 4305 1076 4397 qui
1102 4327 1165 4400 pro
1197 4306 1309 4379 unciis
1335 4305 1479 4380 DCLXX
1502 4303 1630 4376 debent
1651 4300 1802 4393 recipere
1828 4295 1949 4368 uncias

537 4418 746 4492 DCCCXClll
760 4430 796 4494 et
813 4431 948 4496 tarenos
963 4426 1008 4497 X.

589 4543 725 4615 Similes
756 4555 891 4639 apertas
922 4557 957 4621 at
981 4549 1117 4622 clausas
1147 4550 1261 4624 eidem
1289 4551 1424 4647 scripsit
1452 4549 1546 4625 idam
1574 4569 1637 4644 pro
1666 4549 1764 4621 Petro
1795 4545 1947 4617 Romano

540 4665 702 4741 lobannis
722 4670 906 4763 Bernardi,
927 4683 1114 4748 mercatore
1127 4677 1292 4765 llomano,
1312 4676 1374 4774 qui
1392 4697 1455 4771 pro
1474 4673 1586 4748 unciis
1600 4671 1717 4746 Cllllll
1732 4669 1836 4743 debet
1853 4665 1948 4740 reci-

539 4811 620 4886 pere
638 4793 759 4866 uncias
777 4795 884 4870 CLVI.
1796 4787 1818 4830 '⁷'
