4564 6038
292 701 471 783 10000011]
743 699 938 760 HISTORIA
964 697 1255 760 OlPLOMllTlCrT.
1620 697 1699 758 1153

292 837 532 930 accingantur,
560 833 742 906 nobiscnm
759 833 904 905 viriliter
927 843 962 905 et
984 831 1131 926 provide
1156 829 1352 902 dimicaturi
1383 839 1559 901 utcontra
1583 829 1697 904 hostes

292 961 472 1034 Germanic
489 958 652 1032 terminos
662 958 735 1049 jam
753 956 890 1050 ingredi
915 964 1143 1051 proponentes
1169 955 1265 1026 velut
1279 953 1541 1026 christianorum
1555 957 1696 1047 januam

291 1085 425 1156 viribus
438 1083 648 1177 aggregatis,
661 1081 806 1154 victoria
819 1080 866 1153 ad
880 1079 1020 1152 laudem
1034 1079 1168 1152 domini
1182 1078 1396 1151 exercituum
1410 1079 1524 1150 valeat
1534 1079 1692 1152 obtineri.

290 1209 360 1282 Nec
376 1209 509 1302 placeat
524 1205 624 1278 vobis
638 1205 703 1276 ista
717 1203 784 1276 sub
800 1203 1072 1276 dissimulatione
1088 1202 1292 1296 pertransire
1305 1203 1362 1274 vel
1376 1201 1538 1274 dilatione
1553 1224 1698 1298 suspen·

292 1329 389 1404 dere.
404 1331 491 1401 Nam
509 1329 559 1419 si,
579 1327 676 1420 quod
691 1327 799 1415 absit,
824 1326 1005 1399 Germania
1024 1323 1109 1398 lines
1135 1323 1302 1397 invadant
1317 1346 1380 1396 nec
1394 1325 1568 1398 inveniant
1580 1324 1696 1399 obsta·

291 1453 447 1525 culorum
465 1451 630 1546 repagula
647 1470 710 1544 pro
733 1448 885 1536 loribus,
907 1457 1089 1542 expectent
1105 1449 1207 1519 ceteri
1230 1447 1400 1520 venientis
1424 1449 1538 1520 subito
1559 1449 1696 1542 fulgura

291 1575 499 1670 tempestatis
515 1595 620 1667 quam
638 1572 785 1645 diversis
799 1570 930 1643 mundo
943 1571 1110 1664 contagiis
1123 1571 1317 1664 inquinato,
1329 1572 1570 1664 refrigescente
1582 1573 1695 1645 chari·

292 1708 360 1772 tate
376 1699 560 1770 multarum
577 1717 640 1792 per
658 1717 748 1789 quos
763 1693 852 1768 fides
873 1693 1042 1790 predicari
1063 1704 1097 1768 01
1117 1705 1273 1767 constare
1295 1695 1434 1768 deberet
1455 1705 1490 1768 et
1507 1697 1697 1790 pernicioso

292 1843 413 1895 eorum
434 1820 593 1915 exemplo
609 1818 778 1892 mundum
796 1819 911 1890 usuris
930 1829 964 1890 et
979 1817 1084 1889 variis
1096 1817 1242 1890 simonie
1256 1827 1290 1890 et
1303 1819 1499 1890 ambitionis
1513 1820 1696 1910 generibus

292 1947 496 2032 maculante,
513 1943 634 2016 divino
644 1941 776 2035 judicio
795 1941 968 2014 credimus
986 1942 1176 2014 emersisse.
1193 1941 1376 2014 Provideat
1390 1962 1472 2033 ergo
1494 1943 1696 2017 excellentia

290 2077 416 2159 vestra,
430 2078 465 2140 et
483 2068 566 2140 dnm
587 2086 791 2138 communes
806 2064 935 2136 inimici
952 2065 987 2136 in
1004 2065 1128 2137 vicinis
1147 2065 1348 2158 regionibus
1366 2066 1632 2156 debacchantur,
1650 2066 1697 2141 ad

290 2190 517 2264 resistendum
540 2190 591 2262 eis
615 2190 794 2262 maturatis
820 2190 972 2262 consiliis
995 2189 1097 2262 vobis
1118 2191 1321 2273 consulatis;
1342 2191 1504 2284 quoniam
1531 2191 1575 2263 de
1598 2192 1697 2264 terris

290 2333 408 2386 eorum
426 2314 492 2386 bac
513 2335 551 2386 se
569 2323 753 2386 moverunt
771 2313 975 2402 intentione,
997 2313 1068 2384 vita
1089 2313 1241 2407 pericula
1257 2333 1325 2384 non
1340 2323 1517 2399 curantes,
1536 2325 1574 2386 ut
1588 2323 1695 2387 totum

290 2435 373 2526 sibi,
399 2435 495 2530 quod
517 2444 650 2509 avertat
673 2434 859 2524 Dominus,
886 2435 1070 2526 subjiciant
1085 2435 1305 2508 Occidentem
1329 2435 1502 2531 iidemque
1521 2446 1555 2508 et
1570 2458 1695 2509 nomeu

289 2558 410 2632 Christi
424 2569 620 2654 pervertant
632 2569 667 2630 et
679 2566 845 2630 evertant.
861 2560 904 2630 Et
920 2580 982 2653 pru
995 2559 1169 2654 inopinata
1186 2560 1329 2632 victoria
1347 2581 1452 2652 quam
1467 2561 1538 2631 Deo
1556 2559 1697 2652 permit-

288 2689 379 2754 tente
404 2691 485 2754 sunt
504 2683 670 2753 hactenus
687 2681 911 2775 consequuti,
934 2680 981 2754 ad
1003 2691 1073 2752 tam
1091 2681 1329 2754 vehementem
1353 2682 1522 2754 insaniam
1541 2682 1696 2755 devene-

288 2815 369 2876 runt
392 2814 431 2877 ut
448 2807 521 2898 iam
538 2827 645 2899 regna
662 2804 783 2876 muudi
801 2805 867 2876 sibi
883 2817 1042 2900 reputent
1057 2804 1230 2900 adquisita
1247 2815 1282 2877 et
1303 2815 1343 2876 ut
1355 2826 1453 2899 reges
1473 2815 1508 2878 et
1523 2805 1695 2902 principes

288 2925 334 2999 ad
354 2927 437 3000 vilia
455 2949 574 3000 eorum
591 2927 704 3000 officia
726 2927 898 3020 subjectos
919 2928 1080 3000 edoment
1103 2927 1339 3024 suppeditatas
1360 2939 1395 3001 et
1415 2929 1590 3000 inclinent.
1609 2930 1694 3024 Spe·

288 3069 403 3121 ramus
416 3059 531 3122 autem
549 3051 586 3122 in
603 3051 751 3123 Domino
770 3050 853 3122 Iesu
866 3049 1016 3140 Christo,
1036 3071 1105 3144 quc
1123 3051 1225 3138 duce,
1240 3072 1311 3145 quo
1327 3051 1448 3147 previo
1465 3052 1631 3124 hactenus
1648 3052 1694 3124 ab

288 3173 436 3245 inimicis
452 3175 576 3246 nostris
593 3174 727 3246 liberati
750 3173 1051 3268 triumphavimus,
1073 3189 1111 3246 ut
1134 3183 1168 3246 et
1186 3175 1210 3246 ii
1233 3175 1294 3268 qui
1310 3174 1355 3247 de
1371 3175 1537 3248 Tartareis
1552 3175 1694 3248 sedibus

288 3307 518 3391 proruperunt
537 3299 627 3370 laetu
650 3299 808 3393 deposito
823 3299 975 3393 expertis
991 3297 1188 3370 Occidentis
1204 3299 1338 3371 viribus
1357 3321 1444 3394 quas
1462 3299 1529 3371 sibi
1544 3301 1694 3373 sentient

287 3417 521 3510 adversantes,
540 3421 587 3494 ad
603 3444 667 3494 sua
681 3424 819 3495 Tartara
835 3423 965 3496 Tartari
979 3422 1216 3495 detrudentur.
1233 3423 1303 3496 Nec
1315 3423 1552 3518 gloriabuntur
1565 3433 1613 3498 tot
1628 3425 1695 3497 im-

288 3563 381 3636 pune
406 3565 607 3639 peragrasse
633 3545 851 3641 provincias,
874 3556 926 3619 tot
951 3547 1099 3642 populos
1121 3545 1307 3634 devicisse,
1328 3557 1378 3622 tct
1398 3549 1548 3622 10010000
1568 3569 1692 3645 perpe-

288 3673 408 3758 trasse,
424 3689 504 3738 cum
514 3667 560 3741 ad
573 3667 730 3740 victrices
744 3669 878 3762 aquilas
889 3670 1097 3764 prepotentis
1109 3669 1444 3767 imperialisEurope
1454 3693 1529 3746 sors
1541 3674 1691 3765 incanta,

288 3787 357 3862 imo
377 3791 479 3862 Satan
507 3791 601 3884 ipsas
627 3793 770 3863 traxerit
794 3793 990 3865 morituros.
1007 3793 1072 3865 Ubi
1089 3794 1179 3866 ultro
1196 3794 1314 3866 furens
1332 3817 1372 3868 ac
1385 3796 1521 3868 fervens
1536 3796 1583 3869 ad
1600 3817 1695 3868 arma

288 3911 481 4002 Germania,
504 3926 644 3986 strenue
658 3915 776 3988 militie
790 3915 943 4009 genitrix
962 3925 997 3988 et
1014 3917 1153 3990 alumna
1172 3918 1326 4007 Francia,
1349 3919 1511 3992 bellicosa
1526 3929 1561 3992 et
1578 3920 1695 3992 audax

288 4034 462 4128 Hispania,
480 4037 631 4109 virtuosa
645 4039 728 4110 viris
742 4047 777 4109 et
795 4039 903 4109 classe
923 4040 1056 4112 munita
1075 4041 1194 4113 lertilis
1212 4040 1354 4135 Anglia,
1371 4043 1571 4137 impetuosis
1589 4044 1694 4115 bella·

287 4157 418 4230 toribus
440 4159 563 4232 relenta
587 4161 783 4249 Alemanla,
810 4161 943 4234 navalis
968 4162 1092 4254 Dacia,
1119 4161 1286 4236 indomita
1314 4164 1426 4250 ltalia,
1460 4166 1553 4260 pacis
1576 4167 1696 4260 ignara

287 4279 499 4376 burgundia,
518 4283 671 4376 inquieta
684 4284 812 4378 Apulia
829 4295 908 4356 cum
926 4284 1029 4358 maris
1052 4285 1167 4374 Greci,
1183 4285 1348 4360 Adriatici
1365 4299 1399 4360 et
1416 4289 1558 4384 Tyrreni
1575 4289 1696 4362 insulis

287 4407 447 4499 pyraticis
462 4416 497 4478 et
512 4406 666 4495 invictis,
687 4407 797 4494 Creta,
815 4406 941 4504 Cypro,
961 4408 1077 4480 Sicilia
1094 4429 1173 4480 cum
1187 4409 1324 4484 Oceano
1340 4413 1559 4486 conterminis
1574 4413 1696 4486 insulis

287 4527 996 4625 (0003100111οε,00000101110000100000
1018 4532 1100 4625 agili
1125 4533 1262 4625 Wallia,
1288 4535 1448 4630 palustris
1469 4538 1598 4624 Scotia,
1621 4539 1696 4632 gla-

287 4646 381 4719 cialis
394 4647 580 4745 Norwegia
595 4661 630 4724 et
645 4672 865 4748 quecumque
876 4654 967 4745 jacet
982 4655 1108 4730 nobilis
1119 4665 1154 4727 et
1169 4657 1299 4730 famosa
1311 4658 1377 4730 sub
1392 4659 1538 4733 occiduo
1554 4661 1697 4735 cardine

285 4769 399 4864 regio,
419 4793 517 4846 suam
538 4776 682 4848 electam
702 4777 880 4866 militiam,
902 4779 1022 4871 previo
1044 4778 1183 4854 vivifice
1205 4783 1316 4854 crucis
1338 4784 1484 4874 vexillo,
1508 4785 1604 4878 quod
1626 4807 1696 4858 non
