4358 5996
219 693 324 751 lunum.
344 687 404 772 ia]
662 687 858 748 HISTORIA
883 687 1175 748 nlitotieiicn
1556 688 1634 750 1029

220 847 293 898 non
311 826 524 912 timeremus,
544 821 573 893 si
587 843 668 894 cnm
681 843 723 894 ec
742 843 861 917 pacem
876 821 1083 893 habebimus
1098 795 1201 915 quem
1220 829 1352 916 patrem
1369 819 1510 910 babere,
1529 823 1558 895 si
1574 823 1638 898 da·

220 957 296 1021 tum
312 957 404 1020 esset
417 947 583 1042 desuper,
606 945 813 1022 deberemus
829 947 866 1018 iu
889 945 998 1018 terrie.

277 1449 511 1559 Fridericus,
537 1450 799 1534 Romanorum
827 1449 1052 1558 imperator,
1076 1447 1253 1533 fidelibus
1279 1450 1359 1534 suis
1385 1459 1521 1534 notum
1545 1449 1636 1533 facit
1728 1481 1757 1513 ιι

222 1583 418 1693 quomodo
436 1591 523 1693 post
539 1583 692 1666 brevem
710 1581 948 1665 obsidionem
967 1591 1077 1691 capta
1092 1583 1270 1666 Ravenna
1287 1583 1454 1688 civitate,
1475 1585 1525 1667 ad
1542 1585 1636 1666 des-

221 1713 450 1796 tructionem
477 1713 670 1796 Bononiae
692 1713 885 1796 intendere
911 1715 1106 1823 proponit,
1128 1715 1245 1796 armis
1270 1715 1378 1823 prius
1402 1727 1535 1799 contra
1552 1715 1634 1798 Fa-

223 1846 392 1928 ventiam
414 1845 486 1928 sibi
505 1845 721 1929 obstantem
739 1847 944 1930 conversis.

307 2033 408 2112 (lidid.
423 2035 589 2112 Ferreum,
605 2034 845 2111 diocliensem,
860 2039 884 2094 t.
899 2032 957 2110 Ill,
972 2050 1003 2112 p.
1021 2042 1072 2108 81,
1087 2050 1104 2094 e
1117 2033 1184 2094 cod.
1199 2034 1295 2097 vatic.
1312 2034 1438 2113 Ρ51.,5ο
1453 2043 1523 2108 955,
1538 2035 1561 2096 i.
1580 2044 1635 2112 403

345 2140 414 2200 coil.
430 2156 498 2200 cum
518 2139 643 2200 codiclb.
664 2139 739 2202 Bibl.
757 2137 855 2200 Cesar.
876 2138 970 2200 Paris.
980 2181 990 2212 ,
1006 2145 1101 2215 2954,
1119 2155 1183 2199 cac.
1191 2137 1286 2218 sceda
1304 2135 1391 2214 latin,
1411 2146 1441 2201 et
1459 2149 1533 2214 455,
1544 2138 1638 2221 secde

344 2241 729 2324 Sabellarum-Heriem
742 2243 821 2304 uude
835 2247 984 2305 variantes
997 2245 1137 2305 lectiones
1151 2245 1351 2324 hauriuntur.)

272 2401 495 2496 Fredericus,
511 2403 575 2476 Dei
591 2403 720 2496 gratia,
739 2410 806 2476 ete.
825 2402 999 2497 Dirigeute
1013 2402 1161 2475 Domino
1179 2402 1256 2474 vias
1274 2413 1406 2477 nostras
1424 2414 1459 2478 et
1472 2389 1639 2500 processi·

223 2525 291 2598 bus
303 2527 428 2598 uostris
441 2525 574 2620 ubique
587 2525 869 2622 prosperantibus
883 2526 1080 2621 inpotentia
1093 2526 1314 2618 manusejus,
1331 2549 1401 2621 que
1412 2528 1501 2602 votis
1514 2528 1640 2602 uostris

225 2649 397 2736 accedunt
411 2650 538 2723 cotidie
552 2649 851 2745 exportationibus
865 2650 988 2723 vestris
1001 2650 1165 2722 bonorem
1176 2658 1332 2722 nostrum
1347 2660 1381 2723 et
1393 2651 1528 2746 imperii
1544 2653 1641 2726 exal·
1773 2679 1779 2686 ·

225 2774 391 2847 tationem
403 2774 595 2847 zelantibus
607 2773 776 2847 duximus
788 2773 832 2848 ad
843 2773 1011 2866 gaudium
1024 2773 1221 2848 reseranda.
1235 2773 1406 2847 Noveritis
1418 2776 1535 2870 itaque
1545 2776 1642 2870 quod

225 2897 448 2972 venientibus
466 2898 566 2971 nobis
579 2897 724 2972 feliciter
737 2907 771 2970 et
785 2907 942 2994 potenter
955 2896 1002 2972 ad
1016 2895 1309 2993 comprimendam
1326 2899 1532 2993 specialiter,
1552 2900 1643 2972 sicut

222 3021 294 3113 iam
318 3021 420 3094 vobis
446 3020 663 3116 scripsimus,
686 3021 936 3094 Bononiensem
963 3021 1186 3116 pravitatem,
1211 3041 1256 3094 ne
1282 3020 1456 3094 civitatem
1478 3023 1642 3096 Ravenna

226 3165 334 3238 quam
352 3144 434 3217 olim
459 3143 558 3216 nobis
579 3143 716 3218 fidelem
743 3145 976 3218 maculaverat
995 3142 1180 3216 infidelitas
1204 3143 1399 3238 aliquorum
1417 3141 1490 3242 (t),
1516 3146 1643 3218 noeais

226 3277 261 3340 et
274 3265 431 3340 bdelium
449 3275 643 3340 nostrorum
661 3267 879 3362 processibus
894 3267 1045 3340 mediam
1065 3267 1228 3362 preterire
1243 3266 1445 3340 videremur
1460 3268 1639 3360 omissam,

226 3391 341 3464 ielicia
360 3399 471 3463 castra
484 3399 600 3464 nostra
620 3391 855 3464 convertimus
876 3413 998 3464 versus
1022 3412 1099 3464 eam
1114 3399 1150 3462 et
1164 3411 1268 3485 quam
1290 3391 1517 3486 propinquius
1533 3394 1644 3488 potuit

226 3513 498 3608 circumquaque
515 3536 590 3588 eam
609 3514 752 3586 lecimus
765 3514 931 3604 obsideri,
946 3514 1034 3588 adeo
1049 3513 1146 3610 quod
1159 3513 1204 3586 de
1217 3514 1312 3586 nulla
1326 3523 1425 3608 parte
1439 3517 1494 3588 vel
1512 3517 1644 3610 ingres·

226 3657 287 3708 sus
302 3637 455 3709 exclusis
472 3639 529 3710 vel
545 3637 688 3710 inclusis
705 3638 921 3732 aliquatenus
939 3638 1078 3733 patebat
1095 3647 1267 3730 egressus.
1290 3637 1445 3734 Cumque
1462 3639 1551 3712 inira
1569 3637 1644 3713 dics

227 3770 378 3854 quatuor
393 3759 447 3856 (2)
465 3759 604 3832 siccatis
621 3759 826 3855 paludibus,
849 3761 1012 3834 derivatis
1033 3761 1237 3834 fluminibus
1257 3782 1328 3855 que
1344 3761 1529 3856 cingebant
1547 3783 1643 3835 eam·

265 4011 303 4084 (t)
319 4009 419 4068 Paulus
435 4011 627 4069 'traversarius
646 4011 772 4070 dominus
794 4013 941 4069 ltaveuuae
959 4017 986 4067 et
1002 4010 1088 4084 partis
1101 4009 1237 4068 Guelflcae
1257 4010 1285 4066 iu
1302 4010 1408 4068 civitate
1421 4018 1519 4085 caput,
1538 4012 1644 4070 decimo

229 4110 275 4168 die
286 4109 370 4183 buius
381 4109 483 4168 mensis
495 4110 603 4182 augusti
614 4127 630 4168 e
642 4111 697 4168 vita
710 4111 835 4168 decessit.
849 4109 933 4181 Cujus
945 4108 1034 4176 liberi,
1045 4107 1203 4166 Guilelmus
1214 4106 1319 4164 scilicet
1330 4113 1360 4164 et
1371 4107 1464 4179 lioba,
1477 4113 1538 4182 post
1547 4107 1642 4166 urbem

226 4211 330 4279 raptam
353 4205 390 4263 ab
409 4205 616 4278 imperatorein
638 4207 763 4282 Apuliam
785 4207 897 4280 relegati
918 4210 990 4264 sunt.
1006 4204 1047 4262 ct.
1068 4204 1200 4278 Spicibp.
1220 4205 1289 4260 lico.
1310 4205 1396 4278 ilict,
1416 4219 1460 4278 ap.
1482 4207 1639 4279 Musarum,

228 4301 378 4376 Scripta„
392 4309 414 4360 t.
428 4303 461 4375 ll,
477 4319 507 4376 p.
521 4305 585 4376 578,
600 4311 628 4362 et
638 4307 784 4374 quzn,
798 4305 874 4362 Moe.
890 4305 1022 4373 Ravana,
1034 4303 1149 4374 passim

262 4397 299 4471 (2)
318 4397 427 4456 Scilicet
438 4415 455 4455 a
465 4399 573 4456 decimo
586 4399 681 4473 quinto
694 4399 739 4457 die
753 4397 854 4456 mensis
865 4397 973 4470 augusti
988 4413 1076 4471 usque
1089 4395 1124 4454 ad
1135 4395 1293 4456 vicesimum
1307 4397 1458 4455 secundum
1470 4414 1524 4472 quo
1536 4398 1642 4456 reddita

228 4499 271 4552 eet
282 4494 342 4568 ipsa
359 4495 468 4567 civitas,
485 4495 590 4554 obsidio
604 4496 725 4566 duravit,
740 4501 772 4553 ut
784 4501 875 4552 monet
887 4494 1016 4570 Spicileq.
1038 4495 1104 4550 Rev.
1122 4493 1209 4566 Hice,
1228 4493 1279 4551 loc.
1300 4509 1362 4567 sup.
1377 4493 1437 4566 cit,
1455 4494 1501 4552 ubi
1515 4495 1640 4553 additur:

232 4592 411 4665 :imperator
433 4607 496 4649 cum
520 4593 669 4666 recepisset
682 4593 852 4651 Ravennates
872 4591 908 4648 ad
930 4607 979 4648 sua
996 4589 1139 4660 mandata,
1157 4589 1203 4648 die
1215 4589 1349 4648 dominico
1367 4591 1491 4664 sequenti
1504 4607 1534 4650 vr
1548 4593 1642 4651 eodem

230 4703 326 4746 mense
340 4690 447 4762 augusti
461 4696 578 4750 exeunte
596 4691 640 4764 (26
653 4689 727 4766 aug.)
740 4690 789 4748 ivit
802 4705 863 4747 cnm
877 4687 998 4746 Conmdo
1013 4687 1077 4760 tleps
1091 4685 1216 4761 llemico)
1231 4685 1287 4746 lilio
1299 4694 1387 4747 sucat
1400 4688 1525 4748 omuibus
1536 4691 1643 4749 exerci-

232 4784 306 4843 tibus
319 4800 416 4843 eorum
428 4785 587 4846 Faventiam
598 4796 626 4846 et
639 4803 701 4847 eam
713 4787 888 4846 obsederunt.
902 4805 916 4839 a

313 4885 350 4948 V.
372 4901 461 4947 runa
1425 4892 1481 4946 ito
