4524 6012
291 668 390 728 bnrcr.
408 664 471 744 la]
738 659 935 724 nisuoutt
959 659 1251 726 utrtorttrtcn.
1641 665 1719 738 too„

293 802 385 872 niam
408 810 448 872 nt
474 806 602 872 statum
627 795 891 870 reformamus
918 797 1074 892 imperii,
1101 798 1320 872 visitantibus
1342 797 1563 894 postmodum
1588 809 1702 894 partes

293 924 386 996 ltalia
402 931 442 994 ut
454 923 622 996 scissuras
636 941 875 1016 repararemus
887 919 1058 1014 ejusdem,
1074 921 1120 994 ab
1135 922 1211 1018 ipso
1223 921 1348 996 sicuta
1364 920 1567 1017 patrofilius
1583 933 1701 996 contra

292 1047 565 1120 Mediolanenses
587 1044 727 1118 stulius
749 1044 893 1118 rebelles
916 1045 1052 1140 imperii
1077 1045 1272 1118 subsidium
1294 1047 1533 1140 prestolantes,
1550 1046 1701 1120 frustrati

293 1193 353 1267 spe
370 1181 504 1260 nostra,
524 1169 613 1264 proh
630 1165 742 1242 dolorl
765 1168 944 1242 manifeste
966 1189 1004 1240 so
1023 1166 1123 1240 nobis
1138 1169 1214 1262 ipse
1230 1169 1440 1242 contrarium
1457 1169 1575 1274 posuit
1595 1191 1701 1263 quem

292 1295 505 1390 speravimus
518 1292 723 1385 adjutorem.
740 1291 813 1364 Hoc
829 1277 945 1364 autern
964 1299 1073 1364 totum
1088 1293 1315 1384 equanimiter
1338 1293 1537 1381 tolerantes,
1562 1301 1702 1386 optenta

293 1427 407 1490 contra
423 1425 544 1490 votum
560 1414 652 1486 illius
669 1414 826 1504 victoria,
842 1414 932 1486 siout
946 1414 1093 1486 Domino
1107 1413 1248 1510 placuit,
1265 1413 1479 1504 eorumdem,
1499 1413 1702 1488 humilitatis

293 1539 417 1613 exindo
430 1539 589 1634 spiritum
606 1545 822 1610 assumentes
833 1545 868 1608 et
880 1546 1038 1632 optantes
1050 1537 1165 1632 ipsum
1182 1537 1284 1610 nobis
1296 1537 1496 1610 benivolum
1514 1537 1698 1624 exhibere,

293 1675 325 1736 te
336 1663 469 1736 etalioe
481 1663 688 1756 sollempnes
699 1660 846 1734 nuncios
857 1661 985 1755 pluries
997 1659 1044 1734 ud
1056 1661 1132 1752 ejus
1146 1661 1352 1756 presentiam
1366 1660 1535 1752 misimus,
1549 1682 1612 1756 per
1625 1681 1702 1734 eos·

295 1785 372 1860 dom
392 1786 460 1859 sibi
479 1784 699 1858 servitiorum
722 1783 969 1877 gratitudinem
992 1792 1028 1856 et
1051 1783 1277 1856 reverentiam
1299 1783 1481 1858 offerentes
1505 1805 1548 1858 ac
1575 1783 1702 1858 devote

292 1930 354 1982 nos
366 1909 404 1980 in
416 1908 579 1982 omnibns
592 1915 805 2002 exponentes
817 1926 882 1978 sue
896 1905 1112 2001 beneplacito
1123 1907 1328 1994 voluntatis3
1342 1906 1404 1980 sed
1418 1906 1601 2002 quidinde
1619 1908 1702 1982 boni

294 2030 465 2104 consecuti
484 2030 653 2103 fuerimus
668 2029 715 2102 ab
729 2027 854 2102 eodem
873 2037 993 2102 notum
1010 2030 1233 2102 estomnibus
1244 2051 1356 2124 usqne
1370 2030 1417 2105 ad
1432 2032 1597 2104 terminos
1609 2033 1703 2106 orbis

295 2165 397 2239 terro,
416 2175 495 2225 cum
509 2152 678 2226 adversus
694 2173 759 2226 nos
775 2151 898 2224 durius
912 2153 1054 2226 sevierit
1070 2154 1164 2226 turer
1177 2155 1252 2246 ejus
1265 2163 1300 2226 et
1313 2164 1477 2248 concepte
1490 2155 1606 2246 J'aoula
1619 2176 1703 2250 pra-

294 2276 406 2350 vitatis
422 2276 622 2368 injuriosius
635 2276 789 2348 emiserit
803 2277 839 2347 in
860 2275 969 2348 lilium
984 2276 1214 2350 innocentem.
1230 2276 1314 2348 Cum
1330 2287 1530 2351 autemnon
1547 2278 1649 2350 luerit
1665 2279 1701 2348 in
1829 2328 1832 2334 ·

294 2400 375 2474 sede
392 2399 481 2472 Petri
501 2399 564 2492 qui
586 2399 749 2493 patientie
770 2409 886 2474 nostre
905 2400 1198 2494 longanimitatem
1216 2409 1251 2472 et
1271 2400 1465 2474 innocentie
1486 2422 1626 2476 canum
1651 2411 1702 2473 at-

296 2523 460 2608 tenderet,
471 2524 533 2616 qui
545 2521 766 2594 servitiorum
777 2531 969 2595 nostrorum
983 2531 1018 2595 et
1030 2544 1213 2595 munerum
1225 2545 1355 2597 memor
1370 2525 1546 2614 existeret,
1561 2533 1600 2596 nt
1614 2525 1705 2597 siout

297 2646 564 2741 expectabamus
581 2645 722 2719 assidue
739 2666 777 2718 so
790 2655 926 2740 gratum
942 2645 1042 2718 nobis
1058 2655 1093 2718 st
1109 2647 1312 2719 benivolum
1327 2647 1520 2738 exhiberet,
1539 2647 1603 2721 sed
1618 2669 1705 2721 sem·

296 2791 354 2864 per
376 2769 572 2864 expectatio
594 2777 710 2842 nostra
734 2768 910 2841 sinistrum
934 2768 1035 2841 nobis
1055 2779 1219 2842 eventum
1239 2770 1353 2840 tulerit
1376 2771 1584 2860 abeodem,
1609 2771 1705 2843 vium

297 2892 436 2964 alteram
454 2892 621 2982 eligentes
638 2892 886 2986 proposuimus
899 2891 935 2962 in
951 2893 1146 2964 manuforti
1165 2892 1367 2987 procedere;
1383 2914 1463 2965 curn
1480 2893 1576 2988 apud
1590 2893 1704 2987 ipsum

299 3015 395 3088 uobis
411 3013 589 3086 humilitas
601 3014 649 3085 nil
671 3014 860 3108 prodesset,
881 3013 1116 3109 disposuimus
1136 3014 1278 3088 firmiter
1302 3015 1515 3088 irrevocabili
1533 3016 1706 3110 proposito

298 3137 419 3210 mentis
435 3147 551 3210 nostro
563 3137 729 3210 ducatum
744 3148 779 3212 et
794 3137 982 3212 marchiam
996 3151 1031 3212 et
1045 3151 1151 3212 terras
1167 3139 1252 3214 alias
1263 3160 1333 3233 que
1351 3139 1454 3232 longo
1468 3148 1622 3234 tempore
1634 3139 1707 3212 im-

301 3261 392 3355 perio
403 3257 574 3332 subducte
586 3261 722 3333 fuerant
737 3269 773 3333 et
787 3261 971 3353 subtracta,
988 3261 1034 3334 ad
1046 3283 1169 3334 manus
1184 3271 1317 3335 nostras
1331 3271 1365 3334 et
1378 3262 1512 3356 imperii
1530 3283 1703 3353 revocare,

302 3397 334 3456 et
346 3381 475 3456 deinde
485 3383 536 3455 sic
546 3384 608 3456 Dei
624 3391 712 3456 nutu
725 3381 941 3478 disponimus
952 3385 1098 3456 vicinari
1114 3395 1152 3457 ut
1165 3385 1307 3459 domum
1324 3383 1478 3480 tuam(o)
1490 3385 1535 3460 de
1547 3386 1707 3480 Anagnia

301 3507 470 3602 possimus
485 3493 643 3580 cominus
656 3507 800 3596 intueri,
817 3517 851 3580 et
864 3516 948 3582 tuno
965 3509 996 3580 si
1007 3509 1053 3582 de
1069 3510 1186 3604 aliquo
1200 3531 1264 3584 nos
1280 3510 1490 3603 requisieris,
1511 3511 1707 3607 responde-

302 3631 414 3702 bimus
432 3630 494 3701 tibi
503 3639 608 3726 prout
621 3629 757 3703 docebit
773 3630 1011 3704 celsitudinem
1024 3643 1172 3705 nostram
1190 3645 1225 3706 et
1238 3633 1358 3706 honori
1375 3643 1491 3708 nostro
1510 3633 1708 3708 videbimus

305 3753 479 3849 expedire.

346 3878 470 3950 Datum
484 3875 659 3968 Fulginei,
675 3875 704 3946 ll
722 3875 903 3968 februarii,
918 3876 995 3948 ΧΗ]
1013 3877 1224 3950 indictionis.

357 4427 517 4514 Litterae
544 4439 715 4540 potentes
739 4441 777 4514 et
797 4432 979 4516 mandata
1001 4459 1114 4543 super
1137 4434 1295 4519 diversis
1322 4439 1467 4521 mutuis
1494 4440 1542 4522 de
1568 4439 1709 4550 quibus

312 4573 531 4646 mercatores
556 4564 714 4673 quidam
745 4563 886 4647 ibidem
914 4565 1098 4649 nominati
1124 4593 1192 4676 per
1217 4571 1393 4654 custodes
1418 4573 1552 4654 aerari
1582 4572 1709 4656 Sancti

347 4742 386 4824 (a)
407 4743 471 4824 Ste;
485 4745 609 4810 torsttan
623 4764 722 4827 mur,
736 4747 846 4810 sctltoet
856 4749 976 4848 domurn
988 4765 1090 4827 popae.

382 4849 421 4911 V.
444 4859 501 4908 Pan
511 4867 533 4909 a.
1511 4859 1546 4909 so

1773 4439 1877 4491 Fulignl,

1759 4494 1773 4537 θ
1784 4492 1893 4535 tebrunru.
