4358 5996
215 630 315 688 Ianicu
333 627 397 704 la]
665 625 867 688 HISTORIA
886 625 1183 686 blabouartcrt.
1553 631 1632 694 loca

214 773 318 857 gatur
338 773 374 835 ct
395 761 572 856 quomodo
588 761 741 834 subactis
763 764 835 854 jam
861 761 1019 854 undique
1042 760 1238 834 rebellionis
1258 760 1457 852 obstaculis,
1478 762 1515 837 id
1533 767 1632 858 quod

214 886 340 958 bellico
359 883 489 958 sudore
514 884 731 978 quesivimus
755 886 791 956 in
816 895 908 957 statu
938 883 1081 980 pacifico
1106 884 1340 977 gubernemus
1361 911 1371 955 ε
1392 895 1631 982 amatoresque

214 1010 310 1103 pacis
324 1009 392 1080 sub
404 1008 528 1080 umbra
545 1008 677 1080 alarum
694 1018 887 1080 nostrarum
905 1008 1025 1080 vivere
1041 1008 1233 1102 cupientes,
1254 1008 1433 1081 foveamus
1449 1011 1631 1086 salubriter

216 1141 249 1204 et
269 1141 386 1204 nostre
403 1131 555 1224 potentie
582 1131 705 1203 dextra
728 1141 965 1226 protegamus;
989 1153 1030 1203 ac
1049 1131 1187 1224 gladius
1209 1141 1337 1222 noster,
1356 1154 1461 1226 quem
1484 1134 1531 1206 ad
1550 1135 1628 1207 vin·

217 1253 347 1327 dictam
372 1255 559 1344 malornm,
586 1253 632 1326 ad
650 1254 791 1328 laudem
809 1276 892 1328 vero
916 1256 1087 1327 bonorum
1112 1255 1343 1350 suscepimus,
1362 1255 1398 1326 in
1421 1256 1629 1331 facinorosos

214 1379 265 1451 sic
284 1379 397 1451 seviat
417 1378 514 1472 quod
529 1378 691 1450 innoxios
714 1388 861 1450 tueatur.
885 1380 958 1450 Hac
975 1378 1092 1471 itaque
1111 1377 1387 1450 consideratione
1410 1381 1624 1471 commoniti,
1740 1421 1743 1426 ·

214 1500 363 1575 confinia
382 1503 481 1596 regni
499 1502 605 1574 nostri
625 1501 739 1574 Sicilie
759 1511 794 1574 et
810 1501 963 1573 maxime
992 1501 1082 1572 circa
1109 1509 1223 1594 partes
1246 1501 1391 1596 Aprucii
1415 1502 1510 1575 unde
1532 1506 1629 1576 velut

213 1645 276 1718 per
293 1625 491 1719 expositum
512 1624 719 1696 intrantibus
742 1626 888 1714 ostium,
909 1623 956 1696 ad
974 1625 1116 1718 pomerii
1144 1624 1250 1696 nostri
1279 1624 1420 1698 delicias
1443 1647 1628 1720 aggressus

213 1747 372 1820 hostibus
394 1769 476 1842 sepe
491 1750 563 1840 jam
590 1749 718 1842 patuit,
742 1757 777 1820 et
798 1759 913 1843 partes
936 1749 1138 1820 intrinsecas
1157 1770 1281 1820 manus
1301 1748 1475 1822 interdum
1498 1749 1628 1844 predo-

214 1873 292 1944 nica
308 1872 472 1962 violavit,
495 1873 607 1944 taliter
627 1873 844 1966 providimus
864 1871 1077 1958 ordinanda,
1097 1871 1192 1966 quod
1205 1872 1239 1942 in
1255 1872 1410 1966 partibus
1429 1874 1514 1962 illie,
1535 1895 1626 1947 nova

214 1995 426 2090 plantatione
451 1993 607 2068 fidelium
636 2008 845 2091 propagata,
875 1995 1109 2090 proditoribus
1137 1995 1322 2068 nostriset
1352 1997 1539 2069 rebellibus
1563 2019 1627 2092 pro

215 2129 367 2214 tempore
396 2119 640 2192 insultantibus
661 2141 707 2192 ex
734 2119 898 2208 adverso,
928 2118 1167 2192 malefaciendi
1192 2117 1308 2190 aditus
1335 2119 1565 2213 precludatur,
1592 2134 1628 2194 et

214 2243 289 2315 aliis
316 2264 465 2336 quorum
490 2243 564 2316 vita
584 2253 619 2315 et
641 2245 775 2316 salusa
797 2242 1001 2316 celsitudine
1025 2251 1141 2315 nostra
1163 2241 1354 2336 dependet,
1374 2244 1474 2338 quies
1498 2255 1533 2317 et
1555 2266 1625 2339 pax

212 2376 377 2462 perpetua
401 2375 636 2462 preparentur.
662 2367 822 2440 Volentes
847 2367 953 2459 igitur
979 2366 1061 2437 illuc
1083 2366 1280 2438 salubribus
1304 2387 1487 2440 occursare
1509 2389 1625 2442 reme·

214 2488 292 2578 diis,
316 2489 411 2562 unde
427 2491 569 2562 morbus
585 2489 759 2562 interdum
774 2489 941 2582 obrepere
956 2489 1151 2577 consuevit,
1170 2488 1256 2561 dnm
1269 2511 1316 2562 ex
1331 2492 1502 2585 preteritis
1520 2493 1624 2564 etiam

213 2623 356 2706 experta
372 2612 524 2685 conditio
545 2611 741 2706 magistram
762 2634 800 2684 se
818 2612 919 2684 nobis
940 2613 1103 2685 exhibeat
1122 2614 1329 2704 futurorum,
1347 2613 1495 2708 provida
1515 2636 1626 2710 nuper

212 2735 484 2810 consideratione
501 2735 720 2830 providimus
742 2745 781 2806 ut
799 2735 833 2806 in
852 2737 928 2808 loco
950 2736 1011 2828 qui
1028 2735 1154 2807 dicitur
1169 2735 1314 2829 Aquila,
1331 2736 1420 2808 inter
1435 2737 1624 2811 durconem

211 2867 245 2930 et
257 2859 476 2930 Amiternum
491 2855 557 2952 (t),
575 2857 619 2930 de
635 2858 765 2929 circum
779 2858 1016 2950 adjacentibus
1032 2859 1150 2930 castris
1166 2867 1199 2930 ct
1216 2858 1319 2930 etiam
1333 2859 1514 2953 terrisque
1531 2861 1626 2932 velut

211 2980 247 3051 in
278 2982 436 3054 membra
467 2982 642 3076 dispersa,
673 2991 945 3075 quantacunque
970 2980 1052 3054 tidei
1077 2981 1230 3054 claritate
1260 2982 1433 3076 vigentia,
1457 3003 1521 3054 nec
1543 3003 1624 3055 nos-

209 3114 341 3176 trorum
365 3105 543 3178 rebellium
561 3115 720 3200 poterant
737 3125 932 3200 repugnare
948 3104 1129 3176 conatibus
1148 3126 1212 3178 nec
1236 3105 1323 3178 inter
1348 3105 1472 3178 se'sibi
1493 3105 1625 3178 mutuis

208 3228 352 3300 auxiliis
374 3228 579 3318 subvenire,
610 3229 715 3300 unius
738 3227 890 3322 corporis
921 3213 1044 3300 civitas
1071 3235 1300 3319 mustruatnr,
1323 3249 1427 3321 quam
1448 3229 1493 3301 ab
1516 3229 1626 3324 ipsius

207 3352 274 3424 loci
293 3353 467 3426 vocabolo
490 3361 525 3425 et
548 3373 569 3424 a
589 3352 784 3424 victricium
806 3352 982 3442 signorum
999 3362 1193 3424 nostrorum
1215 3351 1399 3447 auspiciis,
1417 3351 1543 3446 Aquile
1562 3373 1625 3427 no·

207 3476 303 3546 mine
332 3475 551 3548 decrevimus
581 3474 798 3547 titulandam.
828 3475 882 3546 En
910 3497 981 3567 quo
1004 3474 1091 3547 illud
1116 3475 1280 3570 precipue
1307 3474 1407 3546 nobis
1426 3475 1566 3548 honoris
1590 3485 1627 3548 et

207 3598 381 3671 commodi
398 3598 573 3672 credimus
592 3606 860 3694 proventurum,
878 3597 973 3691 quod
989 3598 1073 3670 dum
1088 3597 1232 3692 proinde
1247 3599 1338 3670 sicut
1358 3619 1465 3669 unum
1482 3619 1529 3670 ex
1546 3600 1624 3692 plu·

208 3721 324 3811 ribus,
347 3723 396 3794 sic
414 3730 524 3795 totum
548 3743 595 3794 ex
617 3721 773 3815 partibus
798 3731 1035 3816 componatur,
1060 3721 1161 3814 quasi
1186 3721 1222 3790 in
1248 3721 1299 3792 eis
1319 3719 1511 3794 dilectionis
1530 3743 1625 3796 nove

209 3845 414 3936 concordia,
442 3865 504 3938 per
528 3865 633 3938 quarn
656 3853 691 3916 et
717 3866 832 3916 rerum
862 3854 983 3916 nature
1010 3843 1200 3939 primordia
1224 3853 1259 3916 et
1283 3845 1386 3916 totins
1409 3843 1532 3918 mundi
1555 3847 1625 3919 ele·

209 3978 325 4040 rnenta
347 3977 612 4057 concreverunt,
633 3968 775 4040 liberius
796 3975 956 4062 poterunt
979 3967 1129 4039 civitatis
1155 3966 1310 4058 ejusdem
1334 3967 1446 4040 incole
1465 3969 1625 4042 violentis

209 4091 394 4164 insultibus
413 4091 606 4164 emulorum
624 4101 740 4164 nostra
757 4091 896 4163 servitia
919 4090 1161 4185 prosequendo
1181 4090 1356 4180 resistere,
1382 4092 1510 4185 quibus
1527 4092 1623 4186 ipsos

209 4213 376 4286 hactenus
398 4213 618 4307 acquiescere
638 4215 754 4287 forsan
775 4215 953 4309 oportebat
973 4213 1113 4285 invitos.
1133 4213 1177 4285 Ut
1192 4214 1298 4306 igitur
1315 4223 1383 4286 mm
1402 4214 1516 4287 nobile
1534 4235 1623 4309 opus

209 4347 402 4408 nostrarum
424 4358 592 4409 manuum
612 4337 753 4431 speciali
777 4335 1011 4409 munificentie
1032 4346 1147 4408 nostre
1170 4337 1282 4429 gratia
1305 4359 1344 4410 se
1369 4335 1518 4430 gandeat
1539 4336 1622 4408 insi·

208 4459 364 4551 gnitum,
390 4459 562 4534 civitatem
583 4460 695 4555 ipsam
717 4460 941 4554 infrascriptis
963 4457 1107 4550 finibus,
1133 4460 1293 4534 videlicet
1315 4481 1336 4532 a
1360 4481 1466 4532 cornu
1489 4458 1621 4531 Putridi

241 4735 278 4808 (t)
296 4732 337 4792 (ΙΙ.
352 4745 435 4804 snpra
448 4728 592 4806 epistolam
605 4729 728 4804 Gregorii
746 4731 819 4803 noni,
835 4731 872 4788 ad
886 4745 953 4789 ann.
968 4734 1047 4803 ⁴229,
1063 4737 1084 4787 t.
1098 4732 1150 4804 Ill,
1166 4748 1194 4806 p.
1210 4735 1261 4790 tto
1276 4737 1304 4790 et
1317 4737 1374 4790 nol.
1388 4735 1415 4789 2.
