4374 6010
210 718 315 781 nere.
333 713 394 799 ra]
663 709 861 774 nrsronrr
887 707 1183 771 nrrnousrrcs
1568 715 1629 779 399

213 849 261 924 de
278 851 431 942 sangro,
448 854 485 920 et
500 843 622 918 similis
641 865 704 940 per
718 842 836 918 omnin
856 839 979 914 cedula
994 858 1063 934 qne
1085 838 1191 912 missa
1216 847 1267 912 est
1285 839 1472 933 justitiario
1489 865 1630 920 conser-

212 981 320 1047 vatur
338 972 376 1043 in
392 990 541 1061 camertq
558 977 594 1040 et
610 965 715 1042 debet
730 968 843 1042 iacere
861 963 1120 1059 inquisitionem
1136 983 1241 1060 super
1256 965 1431 1060 omnibns,
1450 967 1630 1043 assistente

212 1096 284 1170 sibi
300 1093 426 1170 eodem
443 1090 613 1166 Riecnrdo
628 1092 665 1164 in
681 1089 905 1184 inquisitione
921 1087 1011 1184 ipsa.

267 1245 287 1289 n
307 1219 394 1292 Item
410 1215 534 1290 eodem
553 1213 610 1288 die
626 1212 672 1288 de
692 1212 816 1287 eodem
834 1210 998 1283 mandato
1018 1209 1154 1304 scripsit
1174 1207 1268 1284 idem
1289 1212 1442 1286 notarius
1464 1211 1511 1286 ad
1528 1213 1629 1307 justi·

216 1365 237 1412 r
255 1340 398 1414 badum
415 1348 506 1412 terre
518 1337 599 1412 Bari
618 1335 747 1410 similes
762 1331 900 1408 lictores
920 1332 965 1408 de
986 1331 1147 1406 iacienda
1162 1333 1385 1428 inquisitione
1403 1345 1519 1408 eontra
1534 1335 1629 1430 indi·

216 1490 236 1536 r
255 1486 335 1538 cem
352 1460 518 1536 Iacobum
537 1461 582 1535 de
601 1459 830 1552 Guaragnone
842 1457 888 1532 ed
903 1456 1197 1530 denuntiationem
1214 1457 1378 1530 Iohannis
1396 1457 1442 1532 de
1460 1459 1629 1555 Imperiati

216 1616 236 1660 n
255 1585 504 1662 commorantis
522 1585 559 1656 in
571 1582 820 1676 Gnaragnone,
840 1581 901 1676 qui
918 1579 1023 1655 debet
1035 1579 1195 1654 assistere
1208 1579 1527 1655 denuntiationibus
1542 1605 1630 1677 quas

218 1737 237 1782 e
256 1709 386 1784 cedula
401 1708 556 1782 continet
570 1706 790 1802 presentibus
812 1704 1014 1795 interclusa,
1039 1711 1073 1776 et
1096 1703 1217 1777 similis
1231 1725 1294 1800 per
1313 1705 1428 1778 omnia
1443 1713 1496 1780 est
1511 1706 1547 1778 in
1565 1728 1630 1780 ca-

217 1861 238 1906 »
258 1855 357 1908 mera
372 1829 438 1928 (a).
458 1859 475 1898 s

268 2372 494 2458 Mandatum
513 2373 563 2456 ad
577 2370 825 2482 justitiarium
844 2371 982 2454 Terrae
998 2367 1156 2455 Laboris
1173 2377 1217 2453 ut
1235 2368 1286 2452 ed
1302 2365 1632 2456 denunciationem
1720 2387 1783 2440 ⁰⁸¹⁸·

215 2502 391 2589 Riccardi
419 2504 689 2588 Bourincoutri
724 2502 1011 2614 inquisitionem
1045 2501 1160 2586 faciat
1188 2511 1319 2586 contre
1346 2505 1534 2614 quosdam
1566 2505 1634 2615 qui

216 2634 359 2720 bestias
381 2645 420 2720 et
440 2636 677 2720 frumentum
703 2635 743 2718 in
778 2633 1026 2743 Campaniam
1047 2642 1294 2744 posunerunt
1320 2644 1358 2718 et
1387 2637 1445 2720 sal
1473 2639 1634 2722 rendere

216 2777 569 2878 praesumpserunt.

299 2983 434 3065 tuqus.
448 2982 552 3064 imper.
564 2977 685 3044 stadem
696 2980 737 3058 11,
752 2979 806 3042 foi.
821 2979 1098 3056 semoto31nedtt.
1114 2979 1251 3055 cerem,
1268 2997 1299 3058 p.
1315 2981 1399 3061 tae.)

265 3167 447 3242 Mendacio
467 3167 599 3240 domim
615 3169 814 3264 imperatore
824 3189 889 3262 per
904 3167 1102 3261 muqistrcm
1118 3167 1318 3242 Riccardcm
1333 3168 1469 3264 scripsit
1485 3172 1633 3244 nemrim

217 3293 260 3365 R.
275 3293 318 3364 de
335 3291 504 3364 Saterno:

264 3414 475 3507 Fridericus,
492 3423 574 3508 etc,
587 3413 755 3488 Riccardo
770 3410 817 3487 de
829 3411 1058 3508 Montemque,
1074 3411 1260 3506 justitiario
1276 3415 1377 3489 Terre
1390 3415 1544 3509 Laboris,
1564 3427 1630 3491 etc.

218 3536 406 3611 Riocardus
431 3537 708 3611 Bonvincnntrns
731 3535 777 3610 de
798 3537 897 3610 lnuta
921 3535 1145 3610 denunciavit
1169 3537 1364 3611 celsitudini
1395 3549 1511 3612 nostre
1538 3541 1634 3635 quod

218 3660 378 3733 Nicotaus
396 3659 441 3733 de
459 3659 535 3753 loa,
550 3661 753 3734 Guittelmus
769 3668 804 3733 ct
818 3659 966 3733 Ioannes
982 3661 1151 3732 Bertonus
1169 3657 1214 3732 de
1232 3660 1331 3733 inula
1344 3671 1421 3758 post
1438 3667 1633 3758 generalem

220 3781 486 3876 prohibitionem
510 3783 636 3856 factam
658 3804 720 3878 per
742 3781 874 3855 curiam
893 3789 1045 3854 nostram
1065 3801 1112 3853 ne
1134 3781 1261 3876 aliquis
1282 3782 1410 3855 bestias
1434 3786 1491 3857 vel
1516 3788 1634 3880 aliqua

221 3904 289 3978 alia
306 3905 353 3979 de
369 3926 480 4000 regno
493 3905 689 3980 erueberet
706 3905 744 3976 in
755 3904 977 4001 Campaniam
990 3912 1200 4000 portaturus,
1220 3927 1309 3978 ausu
1323 3909 1503 3981 temerario
1520 3909 1634 3983 duxe-

223 4037 304 4100 runt
322 4049 445 4125 capras
460 4039 495 4101 et
516 4035 741 4126 portaverunt
758 4029 968 4100 frumentum
982 4027 1019 4099 in
1037 4026 1260 4122 Campaniam
1278 4028 1323 4102 ad
1343 4031 1567 4103 vendendum
1590 4031 1635 4104 dc

222 4172 327 4246 regno
349 4155 469 4226 eontra
491 4151 757 4249 prohibitionem
775 4160 946 4243 nostram,
968 4159 1002 4222 et
1020 4157 1247 4247 portaverunt
1262 4152 1366 4225 etiam
1386 4155 1437 4227 sal
1461 4165 1558 4226 extra
1575 4177 1633 4226 re-

222 4297 328 4367 gnum
348 4275 395 4348 ad
411 4273 637 4349 vendendum
654 4275 691 4348 in
716 4297 863 4370 regnum
889 4279 924 4348 et
944 4273 1098 4348 vendere
1118 4287 1419 4371 presumpserunt,
1444 4301 1524 4349 eum
1547 4279 1633 4350 nulii

222 4395 351 4469 licitum
367 4397 413 4470 sit
429 4399 480 4471 sal
496 4397 651 4472 vendere
664 4397 760 4493 quod
774 4419 844 4472 non
861 4399 907 4471 sit
924 4407 1078 4493 emptum
1095 4421 1116 4470 a
1135 4397 1251 4471 doana
1267 4399 1363 4472 curie
1379 4411 1505 4473 nostre.
1523 4403 1634 4496 Super

225 4520 349 4614 quibus
368 4543 450 4594 cum
466 4543 528 4618 per
548 4531 583 4597 te
600 4522 729 4617 inquiri
753 4531 788 4596 et
813 4521 900 4596 scire
920 4523 1070 4597 velimus
1095 4521 1232 4616 plenius
1257 4523 1456 4614 veritatem,
1478 4522 1633 4597 fidelitati

264 4694 305 4774 (a)
325 4697 391 4758 Hoc
406 4698 549 4758 domum
565 4697 741 4762 mandatnm
761 4699 889 4762 inversts
908 4697 1107 4761 commatibus
1128 4698 1328 4780 eonctudttnr3
1343 4701 1423 4778 qnod
1444 4697 1522 4761 idem
1543 4657 1636 4773 fuisse

225 4803 415 4866 ennoettntnm
428 4803 558 4865 indicere
572 4805 656 4866 solet
