4358 5996
235 700 332 758 leorcr.
353 691 415 774 la]
686 686 883 748 HISTORIA
909 689 1201 750 DlPLOllll'l'lCrl.
1567 695 1645 756 1013

235 829 334 910 intra
382 824 522 906 festum
559 816 840 926 Assumptionis
879 817 1012 902 beatae
1050 821 1189 904 Mariae
1228 820 1391 905 debeant
1425 824 1645 932 deposuisse

235 958 300 1042 XV
317 955 441 1038 millia
458 974 676 1033 marcarum
695 949 842 1060 argenti
860 976 959 1059 quae
978 952 1242 1060 promiserant.

318 1169 435 1251 (Edldlt
447 1169 543 1230 Faun.
558 1165 665 1242 timu,
678 1163 810 1225 noem.
824 1161 945 1240 ettae,
960 1172 985 1228 t.
1000 1167 1025 1240 1,
1040 1167 1115 1228 bull.
1131 1167 1279 1246 pontlllc„
1294 1185 1324 1246 p.
1341 1177 1410 1243 1⁴2,
1424 1179 1459 1229 n⁰
1472 1170 1570 1252 XIX.)

286 1354 471 1452 Gregorius
486 1352 684 1448 episcopus,
702 1372 824 1424 servus
841 1372 1020 1424 servorum
1036 1353 1118 1460 Dei,
1140 1353 1265 1427 dilecto
1289 1353 1358 1428 filio
1383 1355 1423 1427 G.
1445 1355 1489 1428 de
1512 1357 1645 1430 lllonte·

238 1485 360 1576 longo,
379 1475 596 1552 subdiacono
616 1483 651 1546 et
668 1474 800 1547 notario
822 1483 957 1564 nostro,
980 1477 1165 1570 apostolice
1186 1477 1285 1550 Sedis
1302 1479 1430 1572 legato,
1449 1480 1594 1552 salntem
1613 1489 1648 1553 et

241 1601 461 1699 apostolicam
487 1597 775 1670 benedictionem.
795 1597 910 1669 ltlirari
936 1619 1120 1692 pessumum
1144 1610 1178 1672 et
1202 1622 1270 1673 non
1297 1602 1422 1694 injuste
1445 1603 1543 1696 quod
1568 1625 1648 1676 cum

240 1727 531 1812 Mediolanenses,
555 1720 760 1808 Placentini,
785 1721 1017 1794 Bononiensee
1033 1735 1067 1794 et
1082 1723 1279 1796 Brixienses
1303 1725 1403 1796 nobis
1428 1747 1489 1820 per
1511 1727 1650 1799 nuntios

241 1871 322 1922 suos
340 1867 447 1942 super
462 1845 527 1917 boc
540 1843 689 1938 speciale
708 1843 911 1915 mandatum
925 1843 1090 1918 hebentes
1104 1847 1199 1938 quod
1217 1846 1254 1916 in
1272 1848 1358 1920 festo
1370 1847 1460 1920 beati
1476 1848 1650 1920 Michaelis

241 1973 302 2044 XV
317 1968 426 2060 milia,
442 1967 527 2040 etin
545 1967 631 2038 testo
643 1965 806 2036 Omnium
822 1965 1026 2040 Sanctorum
1041 1966 1199 2063 proxime
1216 1971 1384 2064 preteritis
1401 1971 1431 2041 V
1451 1972 1545 2042 milia
1561 1993 1650 2044 mar·

241 2094 386 2168 charum
404 2090 558 2184 argenti,
575 2090 699 2183 partim
717 2087 813 2184 apud
831 2089 977 2162 Januam
995 2101 1031 2164 et
1051 2093 1172 2184 partim
1191 2093 1286 2186 apud
1298 2095 1459 2167 Venetiae
1479 2095 1652 2190 deponere

242 2225 487 2312 procurarent,
516 2212 671 2307 exceptis
700 2213 731 2283 v
753 2212 894 2285 milibus
921 2214 1136 2285 marcharum
1162 2216 1207 2286 ab
1236 2217 1388 2288 ecclesiis
1414 2217 1650 2312 deponendis,

243 2361 392 2435 quarum
414 2336 571 2434 petitioni
594 2334 640 2409 ad
663 2356 807 2430 presens
825 2337 1051 2431 supersedere
1070 2339 1302 2434 providimus,
1327 2341 1536 2434 prostiterint
1557 2344 1652 2434 jura·

245 2473 413 2554 mentum,
431 2461 496 2556 ipsi
513 2459 640 2556 proprii
656 2459 795 2532 honoris
812 2469 845 2532 et
859 2461 1013 2533 utilitatis
1028 2462 1245 2534 immemores
1262 2464 1300 2536 id
1313 2464 1459 2554 efficere,
1481 2465 1655 2538 nescimus

246 2609 316 2682 qua
337 2585 527 2658 intentione
543 2583 695 2674 seducti,
713 2583 879 2656 hactenus
895 2585 1138 2677 neglexerunt:
1158 2608 1230 2657 non
1246 2585 1460 2658 attendentes
1480 2589 1575 2681 quod
1594 2589 1656 2681 qui

248 2712 420 2784 facultatis
444 2718 596 2804 tempore
621 2707 657 2778 in
681 2707 821 2802 proprio
845 2707 1070 2780 inveniuntur
1094 2710 1232 2801 negotio
1250 2709 1382 2781 auxilio
1404 2709 1563 2798 desides,
1588 2711 1656 2782 lre·

248 2843 394 2930 quenter
414 2833 461 2907 ad
482 2831 521 2904 id
542 2831 677 2904 invitati
702 2829 895 2904 redduntur
916 2831 1128 2926 temporibus
1152 2833 1368 2928 impotentes.
1390 2833 1556 2918 Quocirca
1582 2833 1658 2906 dis-

250 2959 392 3032 cretioni
412 2965 471 3030 tue
491 2975 554 3052 per
577 2954 766 3050 apostolice
791 2955 918 3050 scripta
941 2955 1147 3029 mandamus
1168 2965 1339 3050 quatenus
1362 2956 1473 3028 dictos
1491 2956 1659 3029 Mediola-

249 3103 376 3156 nenses
395 3090 429 3154 et
450 3081 536 3153 alios
559 3077 655 3174 quod
681 3077 851 3174 predictas
877 3079 1034 3152 marchas
1062 3080 1099 3150 in
1122 3080 1207 3152 locis
1232 3079 1394 3175 predictis
1419 3080 1510 3152 intra
1533 3081 1659 3152 festum

251 3203 503 3299 Assumptionis
522 3202 623 3276 beate
642 3201 748 3275 Marie
769 3202 926 3295 proxime
947 3203 1101 3274 futurum
1119 3203 1294 3299 deponere
1313 3223 1382 3276 uon
1406 3203 1584 3286 omittant,
1604 3211 1659 3274 at-

253 3327 384 3400 tenoius
400 3337 542 3398 moneas
556 3335 591 3397 et
612 3323 777 3415 inducam
798 3325 951 3419 alioquin
972 3326 1038 3397 eibi
1056 3327 1177 3399 merito
1190 3335 1349 3422 poterunt
1371 3327 1541 3422 imputare
1558 3325 1588 3397 ei
1609 3326 1661 3397 eis

250 3451 418 3542 jacturam
440 3451 592 3544 aliquem
614 3449 744 3522 exinde
765 3449 968 3542 contingerit
986 3449 1183 3539 imminere;
1207 3449 1409 3523 mandatum
1427 3458 1582 3521 nostrum
1607 3459 1660 3522 ta-

255 3574 330 3646 liter
348 3574 550 3668 impletnrus
568 3572 665 3668 quod
683 3594 729 3645 ex
745 3572 812 3645 hoc
826 3584 885 3644 tua
902 3573 1009 3667 possit
1024 3573 1200 3666 diligentia
1215 3572 1462 3646 commendari.

463 3869 860 3884 —-———-—-—

310 4126 539 4232 FridericuS,
553 4125 815 4211 Romanorum
832 4126 1050 4235 imperator,
1069 4125 1265 4210 universos
1283 4128 1333 4209 ed
1350 4127 1543 4209 nundinas
1561 4129 1663 4235 apud

258 4257 538 4344 Frankenlurth
556 4261 746 4344 venientes
764 4259 837 4343 sub
857 4268 981 4342 suaet
999 4259 1146 4368 imperii
1164 4259 1393 4368 protectione
1410 4259 1553 4368 recipit.

339 4471 474 4552 (Edlder.
490 4473 605 4547 Lunro,
625 4469 833 4546 lleicdeurcdio,
853 4478 877 4534 t.
897 4472 988 4546 xlll,
1003 4490 1034 4552 p.
1051 4481 1119 4534 stt.
1133 4503 1173 4520 -
1188 4472 1334 4548 nomn,
1359 4471 1426 4536 eod
1453 4471 1570 4554 diplom.
1585 4473 1664 4533 Moe·

378 4575 554 4658 refrenent,
568 4587 592 4640 t.
608 4581 634 4657 1,
646 4595 678 4656 p.
695 4578 758 4657 68.)

309 4758 530 4850 fredericus,
549 4759 610 4833 Dei
628 4759 736 4854 gratia
753 4761 984 4834 Romanorum
1003 4759 1187 4856 imperator
1203 4781 1338 4857 semper
1354 4769 1543 4856 augustus,
1564 4763 1667 4836 Jeru-

361 4883 401 4944 V.
422 4897 511 4946 rnna
1453 4894 1508 4947 ¹28

1722 4169 1749 4210 In
1758 4166 1838 4209 castrt·

1706 4221 1730 4264 ln
1740 4221 1853 4262 obsidione

1734 4273 1826 4328 Ercull,

1732 4329 1757 4370 ll
1769 4329 1830 4382 jullt.
