4384 6004
505 678 583 740 ltto
655 737 658 744 ,
1005 679 1219 742 reluceret
1246 681 1421 743 securint
1465 687 1466 694 ’
1732 678 1815 764 [dur.
1831 679 1918 742 1241.

501 835 664 887 veramne
681 815 772 887 enim
794 815 857 886 ista
871 813 1103 908 jamdudum,
1125 815 1188 889 sed
1211 837 1410 911 quanquam
1432 812 1552 888 andita
1569 811 1756 886 decredere
1778 833 1922 886 verere-

501 957 597 1020 mur,
622 958 688 1010 nec
715 937 856 1010 credere
881 937 1083 1028 delectaret,
1105 939 1178 1034 ipsa
1203 949 1317 1012 tamen
1345 939 1447 1031 longe
1473 936 1649 1010 modernis
1675 947 1806 1010 remota
1825 945 1922 1009 tem-

501 1061 644 1156 poribus
663 1061 887 1156 putabamus,
908 1071 981 1134 tum
1001 1071 1141 1158 propter
1158 1062 1291 1136 itineris
1311 1061 1432 1135 remoti
1447 1060 1665 1153 distantiam,
1685 1068 1760 1132 tum
1783 1070 1922 1155 propter

500 1185 758 1280 quamplurium
776 1185 915 1258 tortium
931 1185 1127 1283 principum
1146 1195 1181 1259 et
1200 1188 1407 1284 populorum
1425 1205 1609 1259 occursum
1626 1184 1688 1278 qui
1706 1184 1921 1256 venientium

500 1309 718 1382 Tartarorum
732 1309 837 1382 armis
849 1319 883 1383 et
899 1309 998 1383 iuriis
1011 1311 1170 1406 primitus
1182 1311 1422 1384 occurrebant.
1437 1309 1506 1384 Sed
1521 1330 1604 1382 ecce
1620 1308 1742 1382 deletis
1758 1308 1796 1380 iu
1812 1317 1922 1381 toturn

501 1445 590 1505 terre
614 1433 827 1528 principibus
836 1455 933 1528 qnos
955 1433 1073 1508 obices
1096 1435 1305 1508 invenerunt
1326 1443 1362 1508 et
1380 1433 1426 1508 ad
1444 1435 1531 1528 juga
1556 1442 1722 1528 perpetue
1745 1431 1923 1504 servitutis

501 1557 719 1652 paucissimis
732 1557 922 1632 admodum
940 1580 986 1632 ex
1004 1559 1224 1632 interioribus
1241 1559 1438 1648 reservatis,
1452 1557 1525 1650 jam
1539 1577 1662 1629 versus
1676 1555 1822 1628 Romani
1837 1553 1922 1628 lines

502 1681 636 1776 imperii
650 1681 883 1776 propinquare
897 1681 1074 1775 dicuntur,
1087 1695 1121 1755 et
1134 1683 1179 1754 ad
1195 1683 1370 1776 religionis
1384 1691 1419 1754 et
1430 1679 1512 1754 lidei
1527 1691 1642 1753 nostre
1655 1691 1799 1752 matrem
1811 1700 1921 1752 sacro

501 1815 654 1878 sanctem
682 1805 870 1878 Romanam
894 1805 1083 1879 Ecclesiam
1109 1805 1396 1902 prophanandam
1420 1815 1455 1876 et
1480 1803 1601 1876 urbem
1627 1805 1759 1898 regiam
1786 1805 1920 1899 imperii

502 1927 606 2000 nostri
620 1939 724 2023 caput
734 1915 974 2021 jure'dominii
997 1929 1053 2002 vel
1073 1929 1198 2021 injuria
1221 1930 1336 2025 potios
1352 1925 1598 2025 possidendam
1617 1949 1639 1999 a
1656 1926 1805 1999 Tartaris
1820 1939 1922 2022 prout

502 2051 645 2126 firmiter
658 2053 812 2126 creditur
824 2053 1008 2150 aspiratur.
1023 2055 1152 2127 Verum
1167 2055 1420 2150 quantumlibet
1432 2053 1641 2127 haberemus
1651 2063 1690 2125 nt
1705 2051 1865 2126 diximus
1878 2049 1923 2125 de

500 2176 700 2250 resistencia
718 2187 850 2250 remota
866 2175 1029 2250 fiduciam
1046 2199 1112 2250 nec
1135 2177 1358 2274 preoccupari
1376 2187 1446 2250 tam
1470 2177 1586 2250 subito
1610 2175 1852 2267 crederemus,
1872 2177 1923 2249 sic

500 2311 616 2374 tamen
632 2301 668 2372 in
683 2310 791 2373 totum
811 2301 1006 2375 sollicitudo
1026 2311 1142 2376 nostre
1165 2323 1234 2376 non
1252 2302 1352 2374 exuit
1370 2299 1587 2398 providentie
1608 2303 1724 2372 tutare
1738 2300 1922 2373 consilium

500 2423 585 2518 quin
602 2423 718 2496 multis
733 2433 823 2497 retro
840 2424 1053 2518 temporibus
1068 2423 1332 2518 diligentissime
1343 2423 1425 2497 licet
1435 2423 1525 2498 taciti
1539 2446 1762 2520 pensaremus
1774 2425 1923 2520 qualiter

501 2567 565 2620 nos
574 2558 693 2620 eontra
706 2559 775 2620 tam
787 2549 905 2621 valide
913 2549 1125 2644 tempestatis
1137 2571 1334 2638 occursum,
1348 2549 1376 2620 si
1392 2547 1516 2621 diebus
1527 2549 1652 2620 nostris
1665 2547 1923 2624 infaustioasns

501 2671 702 2764 hujusmodi
719 2673 769 2742 ira
787 2673 1018 2764 contingeret,
1041 2693 1254 2766 pararemus.
1274 2673 1417 2766 Propter
1435 2672 1502 2744 boc
1518 2673 1644 2744 etenim
1658 2672 1695 2744 in
1718 2681 1828 2744 toturn
1850 2673 1923 2744 lere

501 2795 571 2867 vite
590 2807 704 2868 nostre
720 2794 854 2867 deliciis
875 2793 1046 2868 abdicatis
1059 2817 1147 2890 quas
1164 2797 1260 2888 regni
1277 2796 1384 2868 nostri
1402 2795 1517 2867 Sicilie
1536 2795 1636 2868 nobis
1654 2795 1823 2867 amenitas
1840 2795 1923 2867 olle·

501 2919 611 3010 rebat,
630 2941 691 3014 per
707 2939 830 3014 aspera
850 2921 954 2990 maris
971 2930 1006 2991 et
1021 2919 1189 2991 montium
1207 2917 1426 2991 Germaniam
1441 2927 1644 3014 repetentes,
1663 2929 1739 3012 post
1754 2917 1921 2990 domitam

502 3054 536 3116 et
554 3065 750 3139 oppressam
769 3045 811 3115 H.
838 3043 1055 3138 primogeniti
1081 3044 1189 3116 nostri
1213 3043 1274 3114 lilii
1300 3043 1511 3116 dementiam
1536 3043 1598 3136 qui
1623 3051 1741 3114 contre
1770 3063 1835 3114 nos
1855 3041 1921 3114 sibi

501 3165 617 3238 sedem
636 3175 867 3261 assumpserat
882 3167 1071 3260 aquilonis,
1093 3166 1139 3238 ad
1157 3165 1423 3238 consolidandas
1445 3165 1545 3238 nobis
1567 3163 1697 3238 ibidem
1719 3171 1754 3236 et
1774 3185 1920 3258 congre-

501 3287 634 3380 gandae
651 3288 812 3360 inunum
828 3289 965 3384 imperii
978 3291 1085 3362 nostri
1102 3289 1208 3379 vires,
1224 3289 1313 3361 circa
1328 3289 1449 3362 fertilis
1464 3289 1559 3362 ltalie
1571 3297 1686 3384 partes
1700 3310 1763 3384 par
1773 3309 1921 3362 renova·

502 3413 629 3484 tionem
661 3411 857 3484 rebellionis
885 3413 1028 3506 antique
1054 3413 1238 3486 Mediolani
1265 3425 1300 3485 et
1325 3415 1498 3485 lautorum
1529 3433 1674 3486 suorum
1702 3413 1920 3506 iniquitatem

502 3535 665 3626 dissutas,
682 3535 791 3608 eciem
806 3536 929 3609 mentis
947 3547 1062 3610 nostre
1077 3535 1271 3610 direximus
1287 3545 1321 3608 et
1334 3535 1426 3608 vires
1443 3545 1579 3608 nostras
1594 3535 1784 3608 eduximus
1794 3544 1830 3608 et
1841 3555 1922 3607 nos-

501 3669 646 3747 trorum,
662 3667 700 3729 ut
716 3658 849 3754 paretis
865 3657 1024 3752 undique
1044 3658 1188 3731 dominii
1208 3658 1314 3730 nostri
1335 3659 1491 3754 pertibus
1508 3667 1543 3732 et
1559 3658 1745 3732 rebellibus
1759 3658 1921 3730 omnibns

500 3779 547 3854 ad
558 3780 722 3855 mandata
739 3791 857 3856 nostra
867 3781 1032 3874 subactis,
1048 3791 1143 3855 tanto
1158 3781 1311 3855 velocius
1327 3791 1491 3876 tantoque
1510 3782 1667 3855 eorunm
1686 3781 1731 3854 ad
1753 3779 1919 3855 externi·-

500 3904 598 3976 nium
623 3905 833 3999 tempestatis
849 3903 1008 3978 tartarice
1030 3902 1080 4000 (a)
1095 3905 1285 4000 imperialis
1301 3902 1446 3978 dextera
1461 3915 1685 4000 consurgeret
1702 3913 1834 3998 quanto
1855 3924 1920 4000 po·

501 4028 629 4100 tentius
653 4037 687 4102 et
702 4027 854 4122 quietius
877 4029 1073 4123 imperaret.
1089 4027 1232 4123 Propter
1253 4027 1321 4102 hoc
1345 4028 1452 4102 etiam
1478 4037 1611 4123 patrem
1635 4038 1670 4101 et
1696 4026 1779 4100 fidei
1804 4037 1921 4102 nostro

500 4160 605 4247 caput
608 4203 780 4224 .....
800 4152 1033 4224 llomanornm
1055 4149 1253 4246 pontificem
1273 4151 1393 4224 multis
1409 4151 1588 4246 obsequiis
1602 4151 1792 4245 multisque
1813 4151 1921 4222 blan-

500 4275 595 4350 ditiis
607 4275 707 4349 nobis
725 4275 861 4350 efficere
872 4275 1068 4348 nitebamur
1084 4277 1301 4366 unanimem,
1318 4276 1426 4348 nicbil
1441 4274 1489 4348 nd
1505 4275 1572 4346 boc
1588 4275 1624 4346 in
1644 4275 1841 4348 testimonio
1857 4275 1919 4348 llei

499 4411 535 4472 et
546 4399 725 4473 bominum
738 4398 878 4495 penitus
888 4399 1101 4490 omittentes;
1116 4399 1192 4492 sed,
1208 4397 1305 4494 quod
1316 4398 1476 4474 dolentes
1487 4399 1668 4472 referimus
1680 4399 1919 4473 etmminisci-

501 4544 579 4596 mur
604 4522 810 4620 lacrymosi,
837 4523 1005 4598 venenosi
1027 4523 1196 4619 serpentis
1224 4524 1360 4619 antiqui
1386 4521 1532 4620 pertidia
1558 4524 1595 4596 iu
1621 4533 1755 4596 tantum
1783 4524 1920 4597 cnutele

543 4735 583 4836 (d)
606 4759 764 4837 lncodloe,
779 4757 1168 4840 adconsretoncnsomniam
1180 4757 1315 4826 mesu.
1440 4835 1443 4842 ,
