4384 6004
554 673 633 736 1136
1049 681 1264 744 ininiiitici
1292 679 1467 742 sectioni
1779 681 1860 768 [llum
1877 683 1962 748 ml,

552 809 617 883 hec
635 813 782 905 rogatis,
802 811 974 890 dominice
990 817 1234 892 incarnationis
1247 837 1340 890 anno
1354 817 1401 890 ii.
1415 814 1476 888 CC.
1490 813 1579 888 xiii
1592 815 1658 910 (i),
1673 815 1865 892 indictione
1873 821 1960 910 xiv,

462 1043 469 1056 Ι
553 933 597 1006 iv
613 933 692 1009 idus
704 937 807 1030 iunii.

600 1059 675 1154 Ego
698 1061 847 1134 lacobus
861 1063 1010 1138 Rosiuda
1024 1065 1200 1160 quondam
1218 1063 1387 1154 Rainerii,
1406 1061 1537 1136 domini
1560 1063 1753 1158 Frederigi,
1775 1066 1837 1138 Dei
1856 1068 1964 1160 gratia

552 1329 622 1402 que
638 1309 805 1400 notarius,
819 1311 1060 1408 suprascriptis
1071 1311 1209 1386 interlui
1227 1320 1261 1384 at
1278 1309 1369 1384 banc
1386 1309 1469 1384 inde
1482 1317 1611 1382 cartam
1630 1319 1771 1402 rogatus
1789 1313 1913 1408 scripsi
1931 1325 1965 1388 et

553 1429 702 1505 firmavi.

998 1685 1245 1696 --u-qm—-q--n-n--n
1254 1685 1336 1696 nna-a-
1344 1685 1400 1696 ιιι-ιυ-
1407 1685 1660 1698 nn—n—-nn-u--an
1666 1685 1686 1698 ‚o
1693 1688 1728 1698 -ιιι
1750 1689 1756 1698 ι

605 1907 809 2017 Gregorius
827 1935 927 2018 papa
941 1908 1216 2017 cardinalibus,
1237 1910 1547 2020 archiepiscopis,
1562 1909 1763 2019 episcopis,
1783 1906 1965 1990 caeteris-

551 2067 626 2152 que
653 2043 831 2152 praelatis
858 2045 898 2127 in
925 2071 1074 2128 carcere
1098 2046 1338 2155 imperatoris
1364 2046 1526 2132 detentis
1554 2045 1699 2128 litteras
1728 2045 1769 2126 in
1802 2041 1963 2128 modum

551 2173 823 2260 consolationis
842 2177 973 2283 mittit,
986 2179 1255 2288 conquerendo
1274 2179 1379 2289 quod
1398 2177 1605 2288 Gregorius
1622 2179 1670 2260 de
1685 2175 1871 2260 Romania
1890 2199 1963 2284 gu-

550 2305 696 2392 learnm
728 2309 976 2394 sufficientem
1007 2335 1211 2394 numerum
1238 2337 1317 2395 non
1350 2310 1558 2420 paraverit,
1582 2319 1764 2419 optatque
1790 2319 1835 2390 ut
1864 2306 1962 2390 circa

550 2441 864 2550 tranquillitatem
882 2442 1071 2526 Ecclesiae
1097 2453 1135 2527 et
1159 2469 1292 2552 pacem
1319 2441 1444 2550 orbis,
1468 2443 1566 2526 sicut
1588 2441 1661 2551 ipsi
1687 2465 1755 2551 per
1780 2465 1871 2524 snas
1894 2437 1962 2520 lit-

550 2582 651 2656 teras
670 2587 894 2680 snaserunt,
913 2575 1112 2684 providere
1128 2576 1263 2686 possit.

630 2785 747 2866 (Edidit
768 2789 941 2864 Rumina,
956 2785 1068 2851 danai.
1084 2785 1194 2869 eata,
1212 2789 1251 2852 ad
1269 2805 1341 2851 ann.
1364 2795 1453 2863 itti,
1473 2787 1492 2866 s
1509 2787 1653 2867 nxviii,
1674 2793 1809 2867 arogast.
1824 2783 1959 2866 (irogus,

668 2893 719 2956 iib.
736 2893 802 2963 XV.
819 2897 906 2974 epist.
920 2895 984 2976 85.)

598 3079 802 3173 Gregorius,
819 3091 902 3174 etc,
922 3083 1087 3178 episcopo
1105 3081 1321 3170 Penestrino,
1337 3080 1463 3155 Othoni
1483 3081 1593 3154 sancti
1618 3081 1747 3154 Niooiai
1771 3081 1961 3154 incarcere

549 3203 705 3278 Tulliano
722 3204 869 3278 diacono
884 3205 1066 3296 cardinali,
1085 3205 1281 3296 Auxitano,
1296 3204 1543 3300 burdegalensi
1565 3213 1600 3278 et
1621 3203 1889 3300 itotbomagensi
1906 3225 1960 3278 ar-

548 3329 795 3424 chiepiscopis,
816 3330 1056 3418 Neomasensi,
1074 3330 1354 3420 carcassonensi,
1372 3329 1583 3422 Agatheusi,
1607 3327 1785 3422 Papiensi,
1805 3329 1958 3418 Astemi,

547 3459 583 3523 et
595 3451 805 3526 Terdonensi
820 3453 1005 3550 episcopis,
1020 3455 1248 3546 cluniacensi,
1262 3452 1490 3542 cisterciensi,
1505 3452 1758 3544 claravallensi,
1777 3451 1823 3526 de
1834 3453 1962 3526 Pietate

548 3574 609 3648 Dei
625 3585 660 3648 et
673 3575 869 3648 Fiscanensi
883 3575 1080 3670 abbatibus,
1095 3574 1258 3670 Gregorio
1269 3573 1314 3648 de
1324 3575 1490 3648 Romania
1504 3575 1718 3648 subdiacono
1735 3585 1770 3648 at
1783 3575 1961 3670 capellano

548 3708 678 3788 nostro,
696 3693 849 3789 decanis,
865 3699 1067 3794 prepositis,
1086 3700 1279 3793 ceterisque
1291 3700 1418 3774 vinctis
1430 3699 1466 3772 iu
1483 3699 1641 3774 Domino.
1664 3699 1729 3772 Vix
1745 3698 1872 3773 diebus
1889 3699 1961 3772 istis

547 3821 594 3896 de
610 3821 712 3896 robis
726 3823 842 3918 aliqua
854 3822 1021 3917 potuisset
1038 3822 1223 3916 contigisse
1232 3823 1439 3920 prosperitas
1452 3844 1522 3917 que
1532 3823 1562 3896 si
1576 3823 1802 3918 inissetgrata
1815 3824 1961 3916 singulis

549 3945 603 4018 vei
618 3946 837 4040 acceptabilis
858 3946 1048 4039 universis,
1065 3948 1152 4040 quin
1174 3948 1290 4041 piures
1312 3946 1411 4020 varia
1430 3945 1477 4020 dc
1498 3947 1572 4042 ipsu
1591 3945 1747 4022 dicerent
1766 3956 1801 4019 et
1822 3946 1961 4020 diversa

546 4070 724 4144 sentirent.
744 4071 962 4164 Consequens
975 4079 1028 4142 cst
1046 4069 1151 4163 igitur
1164 4083 1203 4142 ut
1218 4069 1264 4144 de
1275 4070 1483 4144 adversitate
1498 4069 1638 4166 lugubri
1651 4092 1721 4164 que
1737 4071 1961 4166 permissione

547 4191 666 4268 divina
687 4195 787 4266 vobis
805 4216 916 4291 nuper
939 4193 1109 4268 accidisse
1125 4193 1362 4290 dignoscitur,
1382 4195 1600 4268 multiformis
1626 4193 1798 4290 opinionis
1813 4205 1849 4268 ct
1868 4205 1960 4266 trac-

545 4328 637 4390 tatus
653 4319 792 4391 materia
802 4322 904 4414 juxta
919 4319 1103 4393 varietates
1115 4319 1301 4392 affectuum
1313 4317 1409 4414 apud
1422 4319 1556 4412 aliquos
1571 4317 1753 4408 habeatur,
1767 4339 1874 4412 super
1888 4339 1959 4413 quo

546 4463 610 4516 uec
635 4441 817 4516 admiratio
840 4443 939 4516 vobis
963 4443 1163 4514 incumbere
1187 4462 1252 4514 nec
1276 4451 1389 4514 vestra
1412 4441 1517 4516 debet
1540 4441 1672 4516 turbari
1695 4441 1873 4516 sinceritas
1898 4451 1958 4516 aut

1348 4611 1631 4622 *ηε-σοι..-

579 4695 617 4767 (t)
635 4693 676 4750 ita
689 4693 840 4752 secundum
853 4694 1079 4766 computationem
1094 4693 1233 4764 Pisanum
1248 4694 1313 4751 dum
1327 4700 1391 4752 autc
1407 4693 1544 4766 vulgarem
1558 4701 1679 4752 nuscum
1696 4693 1890 4752 lucarumiouis
1905 4709 1958 4752 an·

545 4809 623 4858 num,
635 4797 664 4848 ut
671 4791 729 4864 jam
740 4807 821 4865 saepe
833 4791 1001 4862 monuimus,
1015 4808 1112 4850 norem
1126 4791 1266 4850 mensibus
1278 4799 1437 4866 septemque
1452 4791 1547 4850 diebus
1560 4791 1648 4850 Pisani
1659 4790 1894 4866 praecursitmeut.
