4524 6012
544 666 604 728 'tto
1040 657 1256 722 FlllllEthll
1281 656 1456 721 Sllcssllltl
1768 656 1848 742 [llum
1866 657 1951 721 lato.

543 795 751 882 Salvatoris
769 793 819 878 ad
836 817 942 879 mare
959 791 1000 874 in
1016 791 1191 876 kalendis
1212 791 1304 874 maii
1321 791 1497 900 proximo
1521 785 1672 873 uenturi
1693 789 1855 898 qrdetori
1876 791 1952 874 de-

543 929 679 1035 beant,
700 937 777 1011 tres
799 927 933 1010 uncias
949 927 998 1010 dc
1016 925 1179 1037 singulis
1201 925 1610 1010 cenomannensem
1629 922 1662 1004 sl
1681 921 1819 1006 solutio
1836 919 1953 1006 dille-

542 1071 669 1168 ratur,
688 1058 889 1169 recepturi.

623 1213 752 1342 (degeat.
768 1261 871 1342 impar.
884 1257 1003 1320 Μεθ’.
1017 1257 1059 1339 11,
1073 1257 1126 1322 lol.
1143 1267 1180 1320 62
1197 1274 1299 1333 ueram
1312 1260 1344 1320 ln
1356 1257 1429 1320 cdlt.
1444 1255 1581 1334 (arcam,
1596 1272 1627 1334 p.
1644 1253 1726 1336 ttt.)

590 1435 637 1504 lte
651 1433 806 1505 muudum
823 1431 991 1526 imperiali
1006 1432 1090 1522 [octo
1099 1451 1163 1526 per
1175 1429 1370 1525 magistrum
1386 1426 1557 1502 dldertum
1574 1429 1707 1522 scripsit
1726 1429 1767 1500 P.
1785 1427 1826 1500 de
1840 1427 1955 1523 Capeto

541 1557 669 1628 lictores
678 1565 831 1650 potentes
844 1557 881 1626 in
900 1555 961 1626 doc
973 1557 1106 1646 sumo:
1145 1582 1147 1590 ’

588 1677 809 1766 Frederlcus‚
827 1685 893 1750 eto.
909 1678 1035 1750 Notum
1050 1677 1194 1750 tacimus
1207 1675 1381 1748 universis
1396 1674 1491 1770 quod
1512 1674 1630 1747 Petrus
1640 1674 1781 1766 Leonis,
1797 1673 1955 1748 Nicotaus

541 1801 630 1874 Petri
648 1803 788 1894 Leonis,
810 1799 901 1872 lilius
916 1801 1013 1894 ejus,
1034 1809 1068 1873 et
1084 1800 1258 1873 lohannes
1281 1799 1400 1890 nater,
1421 1807 1626 1870 mercatores
1649 1799 1810 1890 Romani,
1834 1797 1952 1872 lldeles

541 1924 661 2012 nostri,
679 1931 926 1996 mutuaverunt
938 1923 1040 1996 nohis
1049 1932 1085 1996 et
1098 1923 1362 2018 assignaverunt
1372 1921 1408 1992 in
1423 1941 1557 1993 camera
1572 1929 1686 1993 nostra
1699 1920 1746 1993 de
1757 1922 1954 1995 Venetianis

541 2047 669 2142 grossis
681 2047 788 2118 libras
802 2046 1020 2140 septuaginta
1034 2052 1202 2141 quatuor,
1218 2044 1347 2118 solidos
1365 2043 1454 2116 duca
1468 2053 1503 2116 et
1514 2043 1667 2116 medium
1679 2065 1743 2138 pro
1759 2045 1869 2117 unciis
1881 2045 1955 2118 auri

542 2167 730 2242 ducentum
751 2164 829 2266 (ric)
856 2167 1042 2262 nonaginta
1061 2187 1126 2240 ser
1149 2177 1186 2238 et
1205 2165 1324 2240 media
1351 2165 1396 2238 ad
1420 2165 1582 2260 gencrale
1604 2165 1743 2261 pondus
1768 2167 1884 2259 regni,
1910 2165 1955 2240 ad

541 2293 708 2366 rationem
729 2291 775 2365 de
797 2289 917 2364 solidis
935 2291 1091 2385 quinque
1113 2311 1177 2387 pro
1197 2291 1319 2380 uncia;
1338 2289 1528 2384 dequibus
1552 2289 1665 2361 unciis
1688 2290 1907 2383 promisimus
1921 2299 1956 2363 et

541 2417 768 2490 convenimus
782 2415 831 2488 eis
853 2423 891 2486 ut
910 2412 1064 2508 Angelus
1085 2413 1131 2487 de
1148 2415 1260 2487 Merra
1273 2421 1309 2486 et
1319 2413 1430 2506 judex
1443 2413 1597 2484 Eulrano
1613 2411 1658 2485 do
1677 2412 1778 2485 Porta
1795 2415 1954 2488 custodes

540 2540 643 2612 erarii
662 2539 768 2612 nostri
784 2537 972 2610 Salvatoris
986 2537 1031 2609 ad
1048 2557 1160 2628 mare,
1179 2537 1299 2610 fideles
1317 2536 1442 2628 nostri,
1459 2536 1504 2608 do
1521 2537 1664 2630 pecunia
1679 2535 1835 2628 ejusdcm
1853 2537 1954 2610 erarii

540 2664 647 2736 nostri
665 2685 735 2758 que
750 2671 802 2735 est
817 2683 880 2757 por
896 2683 1019 2733 manus
1030 2683 1152 2734 eorum
1169 2662 1341 2757 predictos
1354 2669 1558 2733 mercatores
1570 2662 1627 2734 vel
1642 2671 1772 2734 certum
1792 2663 1952 2733 nuntium

539 2789 596 2860 vel
610 2795 864 2883 procuratorem
880 2807 982 2858 suum
999 2783 1035 2856 in
1058 2784 1215 2858 kalendis
1231 2784 1338 2857 madii
1355 2784 1515 2879 proximo
1528 2785 1665 2857 venturi
1684 2785 1789 2878 hujus
1803 2785 1881 2857 Xlll
1898 2786 1952 2857 in·

540 2909 699 2984 dictionis
709 2909 859 2984 debeant
870 2929 933 3004 pro
946 2915 1043 3004 parte
1054 2909 1150 2982 curie
1162 2917 1281 2983 nosue
1296 2908 1371 2982 sino
1381 2907 1597 2998 difficultate,
1614 2907 1752 2982 delectu
1766 2917 1800 2980 et
1814 2909 1952 3001 majoris

539 3054 633 3106 more
649 3031 833 3128 dispendio
847 3033 1012 3126 quietare.
1029 3032 1064 3103 Si
1080 3053 1176 3124 vero,
1195 3031 1291 3127 qnod
1303 3031 1445 3104 omnino
1455 3031 1631 3120 nolumus,
1647 3031 1764 3125 aliquo
1775 3031 1952 3106 accidente

539 3179 622 3230 casu
636 3156 810 3252 predictus
826 3155 1006 3227 solutionis
1021 3155 1189 3228 terminus
1206 3154 1441 3250 pertransiret,
1463 3153 1592 3228 deinde
1612 3155 1648 3224 in
1666 3165 1766 3227 antea
1783 3153 1952 3250 quamdiu

539 3280 664 3352 solutio
685 3278 881 3352 differretur
897 3274 942 3349 da
967 3278 1112 3371 singulis
1128 3287 1266 3351 centum
1283 3278 1396 3351 unciis
1412 3285 1480 3350 tres
1504 3277 1625 3350 uncias
1642 3277 1717 3349 auri
1732 3277 1778 3350 ad
1794 3279 1952 3372 gencrale

539 3401 676 3496 pondus
691 3401 790 3494 regni
811 3419 1041 3495 parmensem
1057 3399 1103 3473 dc
1120 3399 1276 3496 predicta
1294 3399 1442 3496 pecunia
1465 3401 1568 3474 erarii
1583 3399 1688 3472 nostri
1710 3421 1771 3496 pro
1793 3399 1952 3496 dampnis

539 3533 574 3596 et
588 3523 752 3596 interesse
764 3523 816 3595 eis
830 3521 966 3596 solvere
982 3531 1141 3596 tenentur
1155 3531 1190 3596 et
1203 3522 1353 3616 dobant,
1370 3532 1405 3595 et
1420 3522 1663 3596 nichilominus
1676 3523 1808 3619 integre
1823 3533 1858 3597 et
1871 3543 1951 3595 cum

538 3647 632 3720 omni
651 3646 821 3718 celeritate
839 3647 972 3719 solvere
993 3646 1115 3719 uncias
1134 3646 1363 3741 supradictas.
1385 3645 1442 3718 Ad
1459 3647 1577 3739 cujus,
1597 3655 1665 3720 etc.

588 3769 712 3840 Datum
726 3768 880 3860 Fuligni,
897 3770 997 3842 tertio
1014 3769 1194 3856 februarii,
1213 3769 1290 3842 Xlll
1307 3767 1520 3842 indictionis.

588 3893 672 3965 ltem
689 3891 826 3985 scripsit
842 3891 972 3964 litteras
996 3893 1132 3966 clausas
1156 3913 1218 3988 pro
1240 3891 1371 3965 eisdem
1391 3892 1520 3965 similes
1545 3913 1607 3988 pcr
1632 3891 1749 3965 omnia
1771 3913 1884 3986 usquo
1905 3892 1952 3966 ad

539 4015 686 4089 verbum
705 4013 791 4086 illud
806 4015 1043 4108 remedietur:

587 4135 799 4226 Fredericns,
811 4145 894 4225 etc,
906 4134 949 4208 A.
965 4135 1010 4208 dc
1022 4137 1134 4209 ldarra
1146 4147 1181 4208 et
1194 4135 1237 4208 Ε.
1251 4133 1296 4208 de
1309 4135 1423 4226 Porta,
1437 4144 1520 4224 etc,
1531 4143 1699 4230 utsupra.
1712 4137 1838 4208 Darde
1850 4137 1952 4230 repul-

540 4268 597 4328 tur
611 4282 621 4328 r
633 4256 799 4342 Quocirca
814 4255 969 4330 fidelitati
982 4265 1095 4330 vestre
1107 4257 1328 4353 precipiendo
1345 4256 1551 4331 mandamus
1561 4265 1734 4352 quatenus
1745 4256 1952 4331 adveniente

539 4380 684 4452 termino
701 4379 899 4476 supradicto
921 4379 1094 4476 predictas
1115 4381 1282 4454 ducentas
1304 4381 1426 4454 uncias
1449 4381 1637 4485 nonaginta
1660 4401 1725 4454 sex
1745 4389 1779 4452 et
1800 4381 1950 4456 mediam

539 4503 584 4576 ad
600 4501 792 4598 predictum
812 4501 950 4600 pondus
968 4503 1131 4600 predictis
1152 4505 1400 4578 mercatoribus
1419 4525 1482 4578 seu
1500 4513 1593 4578 certo
1609 4503 1731 4578 nuntio
1750 4504 1806 4577 vel
1824 4527 1949 4602 procu·

540 4627 642 4699 ratorl
661 4647 781 4699 eorum
795 4625 840 4699 de
858 4627 1006 4722 pecnnia
1018 4629 1118 4701 erarii
1137 4628 1242 4701 nostri
1262 4635 1397 4723 quaest
1414 4649 1612 4723 parmenus
1629 4637 1760 4702 vostras
1777 4638 1950 4725 propartc

541 4749 636 4824 curio
653 4759 767 4824 nostro
783 4750 857 4824 sinc
870 4750 1007 4825 delectu
1021 4761 1056 4823 et
1073 4751 1214 4844 majoris
1225 4771 1320 4825 more
1332 4751 1516 4849 dispendlo
1527 4751 1749 4848 persolvatis3
1769 4760 1804 4826 et
1820 4751 1850 4826 si
1865 4753 1949 4825 lortc
