4374 6010
528 701 589 762 sas
1028 702 1242 768 rnrnnnrcr
1267 705 1444 767 secunus
1754 705 1835 784 [ss.
1853 705 1959 775 rare

528 837 692 933 sumpsit,
708 847 743 910 et
763 836 897 910 tertiam
912 846 1045 931 purtem
1069 837 1178 933 ipsius
1194 839 1289 913 leudi
1304 849 1340 913 et
1361 841 1448 914 alias
1473 840 1706 936 possessiones
1721 839 1880 932 ejusdem
1896 840 1945 914 dc

527 959 655 1052 quibus
679 959 776 1031 curia
802 969 920 1031 nostra
943 959 979 1031 in
1003 961 1219 1055 possessione
1242 964 1354 1036 luerat
1377 963 1512 1036 ratione
1531 959 1709 1036 homicidii
1729 960 1941 1056 supradicti,

528 1085 615 1156 ausu
634 1083 815 1156 temerario
836 1093 871 1156 et
889 1084 1093 1158 auctoritate
1115 1087 1251 1180 propria
1272 1107 1449 1160 assumere
1469 1108 1539 1159 non
1556 1085 1713 1181 expavit.
1734 1084 1820 1158 Cum
1837 1085 1944 1178 igitur

527 1228 692 1281 excessus
719 1207 919 1300 hujusmodi
945 1209 1158 1302 majestatem
1182 1219 1333 1283 nostram
1359 1233 1427 1284 non
1453 1210 1576 1284 deceat
1592 1210 1768 1296 tolerare,
1789 1207 1942 1282 fidelitati

528 1339 587 1404 tue
597 1329 819 1427 precipiendo
832 1331 1038 1406 mandamus
1053 1343 1227 1428 quatenus
1244 1336 1409 1430 inquisitu
1422 1355 1528 1429 super
1543 1335 1608 1406 hoc
1622 1355 1682 1428 per
1697 1333 1857 1406 homines
1873 1330 1943 1405 lide

528 1453 652 1547 dignos
677 1454 876 1550 diligentius
902 1457 1066 1548 veritate,
1089 1459 1119 1530 si
1143 1479 1216 1530 rem
1239 1458 1414 1531 inveneris
1432 1459 1480 1530 ita
1497 1479 1573 1530 esse
1596 1458 1687 1530 sicut
1709 1455 1869 1552 superius
1891 1463 1944 1528 est

527 1599 749 1673 expressum,
770 1587 808 1650 tn
828 1581 997 1675 prelatum
1023 1580 1398 1655 IohannemTheodini
1416 1592 1485 1654 tam
1507 1583 1604 1654 tertia
1629 1591 1724 1675 purte
1740 1580 1840 1652 castri
1867 1599 1944 1673 pre·

528 1701 613 1774 dicti
625 1725 730 1797 quam
746 1704 824 1776 aliis
837 1705 975 1798 juribus
993 1705 1155 1780 omnibus
1172 1727 1242 1800 que
1256 1707 1395 1778 inerunt
1407 1706 1491 1779 olim
1510 1705 1672 1801 llaynerii
1685 1703 1874 1798 supradicti
1892 1703 1944 1775 sic

528 1836 656 1900 temere
674 1827 850 1923 occupatis
869 1828 1025 1923 protinus
1038 1829 1256 1917 destitutum,
1271 1840 1306 1901 et
1318 1830 1480 1902 omnibus
1500 1830 1599 1901 bonis
1613 1829 1686 1900 suis
1704 1827 1779 1900 aliis
1794 1826 1842 1900 ad
1853 1845 1944 1920 opus

529 1959 643 2022 nostre
659 1948 754 2023 curie
765 1951 966 2046 publicatis,
988 1954 1104 2048 capias
1117 1975 1178 2048 per
1194 1973 1376 2046 personam
1395 1965 1430 2026 et
1447 1973 1560 2047 usqne
1577 1952 1623 2025 ad
1640 1949 1839 2024 mandatum
1861 1969 1945 2021 nos·
1986 1940 1990 1948 ’

528 2084 620 2146 trum
637 2074 818 2169 diligenter
835 2076 943 2148 iacias
960 2077 1148 2166 custodire,
1167 2086 1207 2148 ut
1219 2076 1295 2170 ipse
1315 2077 1361 2150 de
1378 2085 1472 2149 tanto
1488 2097 1635 2148 excessu
1650 2096 1720 2147 non
1742 2071 1895 2166 gaudeat
1909 2081 1946 2144 et

528 2196 587 2268 alii
605 2197 731 2270 similia
751 2218 821 2270 non
834 2207 1030 2288 actentent;
1055 2197 1314 2292 significaturus
1331 2197 1433 2272 nobis
1453 2196 1552 2292 quod
1570 2195 1701 2270 exinde
1719 2195 1864 2270 duxeris
1889 2195 1946 2266 la-

529 2317 705 2391 ciendum.

579 2447 701 2518 Datum
718 2443 881 2534 Viterbii,
896 2444 958 2518 XV
977 2445 1109 2528 martii,
1128 2445 1204 2518 Xlll
1219 2444 1428 2518 indictionis.

579 2566 673 2652 Quas
691 2568 834 2640 listerus
844 2566 969 2639 detulit
984 2567 1104 2640 Petrus
1124 2567 1276 2662 magistri
1291 2567 1434 2640 Gentilis
1449 2565 1494 2638 de
1508 2565 1628 2638 Fileta.

739 2860 1726 2872 —--..-....-..--.—.-—-—...—.—..----——-.-....-.

582 3141 760 3224 Mandata
787 3139 837 3222 ad
864 3135 1016 3248 bajulos
1043 3136 1214 3239 duisme,
1246 3135 1293 3216 ad
1322 3131 1596 3242 compalatium
1624 3129 1800 3240 Neapolis
1826 3142 1865 3212 ct
1894 3131 1944 3214 ad

529 3273 756 3356 lliccardum
778 3272 826 3355 de
854 3270 1011 3354 Polearo
1036 3267 1268 3378 prodendis
1292 3264 1468 3375 expensis
1498 3263 1680 3347 Anselmo
1708 3262 1881 3346 Carbone
1907 3271 1946 3345 et

528 3406 668 3490 Jacobo
685 3406 734 3488 de
752 3403 866 3487 Atino
883 3402 950 3513 qui
969 3401 1077 3483 missi
1098 3409 1188 3483 sunt
1209 3423 1279 3509 pro
1296 3396 1494 3480 trahendis
1516 3407 1555 3478 et
1579 3393 1793 3476 nutriendis
1814 3392 1943 3476 faleo-

530 3538 665 3644 nibus‚
686 3547 724 3620 et
740 3536 846 3646 quod
863 3543 939 3618 tres
957 3533 1093 3618 unciae
1110 3557 1181 3642 pro
1198 3557 1277 3615 uno
1295 3528 1454 3613 runcino
1472 3526 1597 3610 eidem
1617 3523 1800 3608 Anselmo
1826 3521 1942 3607 exbi-

531 3671 706 3754 beantur.
816 3698 818 3704 ’

612 3870 738 3952 (disput.
756 3868 860 3948 imper.
871 3863 989 3927 1⁵th.
1006 3864 1047 3944 11,
1062 3863 1114 3925 iol.
1131 3871 1170 3924 86
1181 3867 1280 3935 reet03
1295 3863 1326 3922 ln
1338 3857 1411 3921 edlt.
1427 3858 1563 3937 caream,
1578 3873 1607 3934 p
1625 3855 1710 3936 m.)

577 4045 625 4114 lie
641 4039 811 4136 imperiali
829 4039 985 4110 mandato
1006 4039 1095 4129 [octo
1112 4056 1175 4129 per
1197 4033 1230 4104 Τ.
1250 4033 1400 4105 comitem
1418 4029 1618 4102 Acerromm
1638 4029 1772 4122 scripsit
1793 4027 1946 4099 morior

529 4168 669 4241 locotus
684 4164 724 4237 de
745 4167 874 4235 Buntro
893 4183 905 4228 .·

579 4286 800 4373 Fredericus,
825 4293 908 4375 eto,
926 4281 1052 4376 bajulis
1071 4277 1206 4373 Gajete,
1225 4287 1293 4352 etc.
1309 4277 1398 4363 Quia
1416 4275 1591 4348 mictimus
1608 4271 1654 4346 ad
1679 4283 1794 4367 partes
1814 4281 1946 4346 vestras

529 4411 732 4486 Anselmum
751 4408 942 4482 Carbonem
961 4405 1148 4478 vallectum
1164 4412 1200 4476 et
1216 4401 1381 4476 Iacobum
1403 4399 1450 4473 de
1469 4397 1573 4470 Atino
1596 4393 1717 4468 fideles
1734 4404 1867 4470 nostros
1883 4417 1945 4490 pro

530 4535 706 4609 trahendis
728 4533 920 4607 falconibus
940 4540 975 4604 et
995 4527 1208 4617 nutriendis,
1231 4523 1387 4598 fidelitati
1412 4531 1527 4596 vestre
1546 4517 1753 4592 mandamus
1774 4527 1945 4611 quatenus

530 4659 598 4754 ipsi
610 4657 772 4730 Anselmo
784 4677 807 4728 a
819 4653 979 4750 proximo
991 4650 1164 4746 preteritis
1175 4646 1333 4721 kalendis
1348 4643 1462 4716 martii
1478 4661 1541 4737 pro
1554 4661 1606 4731 se,
1620 4639 1759 4714 duobus
1773 4640 1945 4714 scutiferis

529 4791 565 4854 et
576 4780 684 4852 tribus
697 4778 797 4874 equis
807 4785 842 4850 et
855 4774 1032 4850 nominato
1044 4772 1175 4848 Jacobo
1187 4791 1249 4867 pro
1260 4790 1312 4860 se,
1323 4787 1395 4840 uno
1409 4764 1574 4840 sentirem
1589 4772 1624 4838 et
1635 4783 1707 4838 uno
1721 4783 1828 4858 equo,
1842 4763 1889 4836 ab
1902 4783 1946 4836 eo
