4374 6010
219 706 315 767 ltmcr.
334 703 395 789 lta]
645 704 842 767 HISTORIA
865 701 1158 768 oratottn'ttclt.
1569 699 1628 762 att

218 837 265 919 de
288 837 468 921 domibus
492 837 672 946 principis
693 840 915 948 reparandis
935 850 979 922 et
999 840 1048 922 de
1071 845 1224 921 centum
1249 832 1453 916 barrilibus
1477 833 1555 916 uini
1581 834 1629 916 de

220 969 388 1080 galoppo
405 971 445 1050 in
463 966 715 1079 Capitinatam
733 973 981 1056 destinandis.

231 1229 234 1236 .
304 1171 431 1254 (nepae
445 1171 549 1252 epe.
561 1169 678 1234 mede.
693 1174 733 1248 11,
748 1171 798 1236 lol.
816 1183 854 1236 88
867 1179 961 1248 reeto;
976 1175 1009 1234 tu
1022 1170 1243 1248 adtollamur„
1257 1185 1287 1246 p.
1305 1167 1388 1242 etc.)

272 1344 452 1416 llcnduntc
467 1343 597 1416 domino
614 1347 813 1438 imperatore
825 1347 960 1440 scripsit
976 1345 1131 1437 mapistcr
1144 1343 1321 1435 Ropperics
1334 1343 1374 1413 dc
1388 1343 1528 1413 Comere
1546 1369 1556 1413 .·

272 1468 494 1558 Fredericus‚
521 1477 603 1556 etc,
621 1469 662 1540 R.
685 1468 730 1542 de
752 1469 1001 1542 Montelusoulo
1015 1467 1201 1561 justitiario
1217 1465 1423 1562 Capitinate,
1447 1478 1513 1538 eto.
1532 1465 1633 1538 Fide·

227 1589 313 1662 litati
328 1599 387 1663 tue
403 1591 624 1686 precipiendo
642 1591 850 1664 mandamus
867 1601 1038 1687 quatenus
1057 1591 1178 1663 domos
1190 1610 1307 1661 omnes
1328 1599 1462 1662 nostras
1481 1589 1516 1661 in
1529 1588 1633 1684 juris·

228 1713 378 1786 dictione
396 1723 456 1786 tua
475 1714 642 1787 instanter
659 1715 765 1787 iacias
783 1715 955 1810 properari
972 1724 1005 1788 et
1027 1715 1077 1786 sic
1094 1712 1294 1786 necessariis
1311 1712 1473 1785 omnibus
1491 1735 1635 1808 premu-

228 1837 294 1910 uiri
317 1837 416 1909 utin
443 1837 533 1910 felici
560 1837 714 1910 adventu
739 1847 857 1910 nostro
879 1860 984 1933 quem
1009 1859 1091 1912 ecce
1116 1836 1221 1910 dente
1242 1837 1388 1908 nomino
1413 1836 1632 1927 festinemus,

228 1960 497 2034 necessariorum
514 1961 669 2034 omnium
691 1961 826 2056 copiam
847 1939 1026 2034 affluenter
1051 1959 1267 2032 inveniamus
1287 1959 1323 2030 in
1343 1959 1407 2033 eis.
1431 1959 1637 2032 Mandonius

228 2096 383 2182 preterea
400 2087 461 2157 tibi
479 2095 653 2180 quatenus
668 2085 802 2186 lictores
818 2095 951 2158 nostres
964 2107 1033 2180 que
1050 2084 1233 2156 mictuntur
1249 2083 1462 2180 compalatiis
1479 2085 1638 2180 Neapolis

229 2232 291 2306 pro
308 2209 492 2282 mictendis
507 2208 553 2282 ed
574 2219 606 2281 te
626 2209 673 2282 ed
688 2231 778 2304 opus
796 2219 948 2281 nostrum
964 2218 1101 2281 centum
1115 2207 1298 2281 barrilibus
1321 2207 1394 2278 vini
1411 2207 1456 2280 de
1471 2209 1634 2304 galoppo,

231 2333 325 2428 quod
338 2333 435 2429 apud
446 2331 626 2427 Neapolim
644 2331 689 2404 ad
704 2353 763 2404 eos
777 2354 837 2426 per
852 2341 1020 2404 secretum
1033 2333 1189 2405 Messene
1204 2351 1265 2426 per
1280 2352 1373 2402 maro
1387 2329 1479 2402 micti
1497 2329 1643 2403 mande·¹

231 2455 362 2547 vimus,
386 2455 433 2528 ad
450 2455 590 2528 eosdem
612 2454 687 2528 siue
707 2475 804 2527 mora
829 2455 1059 2546 transmictas;
1084 2453 1181 2549 quod
1204 2453 1326 2526 viuum
1347 2475 1426 2526 cum
1445 2451 1491 2526 ad
1510 2462 1544 2526 te
1560 2476 1639 2550 per·

231 2579 377 2670 venerit,
396 2577 442 2651 ed
452 2599 541 2673 opus
559 2587 713 2650 nostrum
732 2577 878 2672 recipias
896 2589 930 2649 et
943 2579 1048 2651 tacies
1064 2578 1271 2650 conservari.

279 2703 405 2773 Datum
417 2701 516 2792 one,
531 2702 608 2772 XVI
627 2701 756 2790 martii,
773 2703 850 2774 Xlll
869 2699 1078 2774 indictionis.

280 2828 366 2896 Item
380 2825 419 2894 de
434 2824 543 2896 codem
559 2824 717 2896 mundato
734 2826 869 2918 scripsit
886 2824 973 2894 idem
987 2827 1155 2896 notarice:

281 2947 502 3040 thedericus,
521 2956 605 3037 etc,
625 2947 836 3042 compalatiis
849 2947 1023 3042 Neapolis,
1045 2956 1111 3018 etc.
1136 2945 1376 3020 Mandavimus
1392 2945 1525 3020 dudum
1543 2948 1643 3020 vobis

235 3081 273 3142 ut
303 3080 443 3143 centum
469 3070 609 3144 barrilia
639 3071 713 3144 vini
741 3071 786 3144 de
813 3071 973 3165 galloppo
1003 3069 1099 3164 quod
1127 3091 1189 3164 per
1215 3079 1386 3142 secretum
1412 3071 1567 3144 Messene
1596 3071 1643 3144 ed

234 3214 298 3266 vos
310 3215 374 3288 per
391 3214 485 3266 mare
502 3193 597 3264 micti
613 3194 872 3284 mendavimus,
893 3215 972 3264 cum
998 3191 1189 3264 sommariis
1206 3189 1252 3264 ed
1272 3201 1421 3266 nostram
1435 3195 1643 3289 presentiam

235 3316 432 3389 micteretis.
450 3315 553 3401 Quod
575 3338 655 3388 cum
680 3315 835 3390 nondum
857 3317 903 3390 ad
924 3293 1074 3388 nostram
1092 3315 1302 3412 presentiam
1322 3317 1536 3411 pervenerit,
1558 3315 1644 3392 lide·

235 3439 321 3511 litati
344 3447 456 3511 vestre
472 3439 592 3512 iterato
609 3439 815 3512 mandemus
832 3447 1003 3533 qnatenus
1027 3439 1118 3512 dicta
1143 3440 1439 3513 contemnentia
1462 3441 1492 3513 si
1515 3441 1645 3516 advos

235 3569 484 3658 pervenerunt,
504 3561 538 3632 in
562 3561 788 3657 Capitinatam
810 3584 889 3634 cum
914 3561 1106 3636 sommariis
1130 3561 1308 3636 destinetis
1330 3565 1423 3636 omni
1449 3587 1543 3639 mora
1566 3587 1645 3640 cee-

237 3694 352 3773 sante,
368 3683 553 3776 justitiario
568 3683 758 3778 Capitinete
772 3683 1000 3778 assignanda,
1021 3685 1078 3757 cui
1100 3685 1145 3759 de
1165 3685 1372 3782 recipiendis
1391 3687 1475 3784 ipsis
1494 3687 1540 3762 ad
1558 3710 1645 3784 opus

237 3815 390 3879 nostrum
409 3804 609 3878 mandatum
625 3805 807 3902 dirigimus
819 3807 980 3904 speciale.

209 3961 215 3975 ·
285 3931 408 4003 Datum
422 3925 475 4026 [et
490 3925 622 4026 cupro}

292 4457 513 4570 Mandatum
535 4460 584 4542 ad
606 4459 782 4544 custodes
803 4484 975 4544 camerae
995 4457 1141 4546 Melliae
1162 4459 1210 4541 de
1236 4453 1459 4567 recipiendis
1482 4461 1644 4582 quater-
1700 4465 1826 4560 150325p

244 4585 419 4674 nionibus
437 4592 632 4702 quondam
649 4592 749 4676 Petri
768 4593 817 4676 de
837 4593 1017 4676 Cauneto.

319 4788 450 4873 (aaut.
463 4792 567 4877 imper.
584 4791 701 4858 Mor.
715 4795 761 4876 ll,
775 4793 827 4858 tol.
844 4802 883 4858 88
896 4801 992 4870 racto;
1007 4795 1039 4856 tn
1052 4793 1124 4858 adit.
1137 4792 1274 4868 caream,
1289 4809 1320 4872 p.
1336 4791 1419 4871 878.)
