4524 6012
280 689 375 748 unm.
393 683 454 767 la]
729 681 930 744 lttst'ottllt
954 675 1250 742 btruottltttcu.
1637 673 1694 734 721

283 821 341 894 din
355 817 484 892 morari
503 825 647 912 potarat,
664 817 700 888 iu
716 817 869 912 quadam
887 817 959 890 alia
976 818 1075 912 galea
1090 833 1160 907 quc
1177 811 1249 882 ibat
1267 808 1302 878 in
1320 803 1436 878 dccon
1454 805 1560 878 alium
1578 828 1699 900 quem·

287 942 365 1018 dam
384 939 523 1014 fidelem
541 949 695 1014 nostrum
711 941 848 1014 misisse
868 963 932 1038 pro
947 939 1079 1013 balistis
1096 934 1256 1010 emendis
1279 930 1326 1006 ad
1342 951 1430 1026 opus
1446 929 1542 1002 curio
1563 941 1695 1023 nostre,

288 1088 353 1160 qne
368 1064 508 1138 rediens
526 1063 649 1138 detulit
662 1063 787 1138 XXllll
806 1064 948 1138 balistas
962 1062 1007 1136 de
1027 1059 1168 1134 duobus
1183 1057 1332 1152 pedibus
1346 1063 1380 1127 et
1397 1075 1502 1126 unum
1518 1053 1563 1126 de
1580 1063 1694 1144 torno,

284 1189 361 1261 satis
373 1188 498 1278 bonas,
508 1209 653 1262 veraces
665 1197 700 1260 et
712 1188 862 1284 pulcras,
875 1198 910 1260 et
922 1197 959 1258 tu
972 1185 1080 1258 etiam
1094 1183 1183 1254 sicut
1199 1177 1364 1272 scripsisti
1376 1185 1446 1249 tras
1459 1177 1544 1250 alias
1559 1177 1699 1250 balistas

284 1310 325 1386 de
352 1321 453 1386 toruo
479 1312 526 1386 de
552 1311 738 1384 ultramare
764 1313 846 1384 satia
870 1311 982 1384 bonus
1007 1317 1041 1381 et
1065 1307 1204 1404 pulcras
1232 1301 1328 1398 apud
1350 1302 1543 1374 Messanam
1564 1301 1695 1392 emisti,

284 1437 393 1532 placet
413 1435 514 1508 uobis
531 1443 567 1507 et
584 1443 681 1508 tuum
705 1435 742 1506 in
760 1435 829 1532 bys
846 1435 1001 1508 studium
1019 1428 1318 1520 commandamus,
1337 1423 1493 1498 fidelitati
1518 1435 1576 1496 tue
1592 1447 1698 1498 nran-

285 1555 403 1629 duutes
417 1567 590 1650 quatanm
606 1557 748 1630 balistas
770 1558 865 1652 ipsus
887 1556 923 1626 in
944 1554 1072 1650 palutio
1089 1560 1205 1624 nostro
1226 1551 1385 1623 Messene
1405 1551 1524 1644 reponi
1545 1552 1650 1625 lacius
1663 1565 1699 1628 et

285 1678 410 1752 servari
435 1678 546 1752 donec
569 1679 616 1752 de
639 1681 690 1752 eis
715 1680 921 1752 mandemus
946 1686 1061 1750 nostre
1083 1675 1337 1770 beneplacitum
1360 1674 1559 1748 voluntatis.
1585 1677 1698 1751 liece-

286 1803 396 1897 pimus
414 1811 572 1896 preterea
588 1803 730 1876 uomina
753 1801 951 1875 officialium
969 1809 1176 1872 statutorum
1195 1797 1372 1892 quondam
1396 1819 1457 1892 per
1476 1799 1525 1870 Μ.
1543 1801 1699 1875 Marcha-

287 1925 394 1998 labam
413 1935 584 1999 secretum
598 1947 669 2022 quc
685 1927 786 2000 nobis
808 1926 856 1999 ad
874 1925 1077 1998 mandatum
1093 1935 1248 1996 nostrum
1271 1922 1331 1994 tibi
1352 1933 1387 1994 et
1403 1925 1535 1996 noterio
1551 1925 1698 1999 lobanui

288 2049 326 2122 de
340 2049 489 2124 Lentino
511 2051 655 2124 missum
675 2049 811 2124 dudum
834 2047 1031 2144 significare
1048 2047 1195 2138 curasti,
1219 2057 1255 2118 et
1271 2057 1424 2120 restrum
1443 2047 1527 2120 inde
1542 2050 1697 2122 studium

288 2172 575 2248 commendamus.
592 2175 694 2262 Quod
707 2183 824 2248 autem
839 2173 962 2246 nuntio
981 2183 1041 2244 tuo
1053 2195 1156 2266 quem
1170 2194 1250 2244 cum
1269 2171 1320 2244 eis
1335 2170 1381 2243 ad
1396 2173 1527 2244 curiam
1546 2185 1697 2247 nostram

288 2296 423 2386 misisti,
440 2296 486 2372 de
503 2299 652 2394 pecunia
668 2298 765 2372 curie
784 2307 900 2370 nostre
919 2319 990 2391 que
1012 2305 1065 2368 ast
1090 2317 1151 2389 per
1172 2315 1296 2366 munus
1315 2304 1394 2366 tuas
1412 2295 1560 2370 tribuisti
1577 2297 1697 2371 mode·

287 2429 372 2491 ratas
387 2431 423 2492 et
440 2429 670 2514 competentes
694 2443 884 2516 expensas,
904 2433 939 2494 et
953 2417 1050 2515 quod
1067 2417 1242 2490 Guulterio
1260 2414 1305 2490 de
1319 2419 1455 2492 Fisaulo
1472 2419 1630 2494 redeunti
1649 2422 1697 2496 de

289 2543 436 2636 parabus
456 2544 686 2616 ultramarinis
708 2545 754 2618 ad
771 2565 860 2638 quus
878 2565 959 2616 eum
980 2564 1042 2636 pro
1063 2550 1180 2615 nostro
1197 2540 1338 2614 servitio
1362 2541 1581 2636 miseramus,
1603 2543 1698 2620 lideli

288 2675 417 2752 nostro,
437 2687 549 2761 prose
563 2675 597 2739 et
619 2666 820 2740 bominibus
835 2668 910 2740 suis
926 2666 1076 2738 tribuisti
1092 2687 1284 2760 expensas,
1306 2687 1371 2738 nec
1393 2687 1460 2738 nou
1479 2689 1540 2761 pro
1554 2669 1612 2742 illa
1629 2673 1698 2747 clia

288 2809 429 2883 persona
442 2811 549 2882 quam
572 2789 617 2862 de
631 2789 793 2862 mandato
806 2801 922 2864 nostro
940 2790 1044 2863 duxit
1059 2811 1176 2862 secum
1191 2789 1236 2862 de
1253 2789 1408 2884 partibus
1423 2791 1507 2883 illis,
1526 2815 1698 2890 expensas

289 2921 321 2984 et
347 2913 414 2986 alia
444 2913 549 2985 etiam
577 2915 768 2988 neceoearin
797 2915 946 2986 tribuisti
971 2915 1017 2988 ad
1042 2915 1300 3009 requisitionem
1329 2915 1491 2986 Guallerii
1514 2919 1695 3009 nominati,

289 3037 393 3131 planet
405 3036 505 3110 nobis
522 3045 557 3110 el
571 3039 734 3110 volumus
755 3049 795 3110 ut
812 3040 848 3110 iu
862 3040 931 3112 tuis
947 3040 1098 3114 debeant
1116 3041 1306 3114 rationibus
1321 3042 1525 3136 computari.

335 3163 459 3234 Datum
477 3162 668 3254 Fulinii,ll
691 3162 872 3254 lebmarii,
893 3164 970 3236 Xlll
986 3163 1197 3238 indictionis.

343 3717 503 3802 Litterae
521 3721 758 3831 responsales
783 3725 834 3806 ad
862 3735 1046 3807 secretum
1069 3725 1284 3835 Messanae,
1308 3729 1356 3809 de
1384 3729 1510 3812 studio
1531 3731 1637 3840 quod
1661 3729 1701 3812 iu
1781 3802 1793 3834 ,

292 3849 404 3933 rebus
426 3853 554 3936 ennae
580 3857 832 3964 procurandis
858 3857 1050 3966 exhibuit,
1070 3861 1119 3942 de
1145 3858 1247 3942 balio
1274 3861 1388 3943 castri
1412 3861 1625 3964 Messanae,
1654 3866 1703 3950 de

293 3979 494 4066 Guillalmo
512 3986 560 4068 de
580 3986 845 4096 Pederillauo,
863 3991 911 4072 de
929 3991 1124 4100 quaternis
1143 3991 1230 4074 libri
1248 3993 1482 4102 Palamides,
1504 3997 1552 4078 de
1578 4007 1702 4081 castro

293 4113 379 4196 lucii
401 4125 440 4198 et
467 4115 627 4200 Sanctae
654 4119 894 4224 Anastasius,
916 4122 965 4206 de
988 4122 1136 4204 ancillis
1160 4124 1305 4231 curiae,
1333 4126 1382 4209 de
1409 4129 1602 4237 magistris
1629 4157 1702 4214 as-

296 4241 490 4354 bergeriis,
511 4249 560 4331 de
577 4249 765 4336 Saraceuo
783 4253 976 4338 saltatore.

373 4459 502 4542 (aaut.
515 4461 617 4542 imper.
631 4461 751 4526 Γηὼν.
768 4465 811 4540 11,
827 4465 880 4528 iol.
899 4475 938 4527 tta
952 4483 1052 4543 verao;
1067 4470 1098 4529 ln
1110 4469 1182 4532 edlt.
1198 4469 1334 4551 Curcum,
1349 4489 1381 4550 p.
1396 4474 1556 4554 tat-tlte.)

340 4647 390 4716 De
409 4647 581 4740 imperiali
596 4651 753 4722 mundato
772 4655 861 4743 [ecto
874 4675 938 4748 pcr
956 4657 1152 4750 mapsatmm
1171 4659 1212 4729 lt.
1233 4658 1273 4730 de
1292 4663 1439 4754 Trcy'ecte
1457 4663 1588 4759 acrapait
1604 4665 1644 4737 G.
1663 4665 1703 4736 de

297 4765 452 4842 Cercetio
469 4775 669 4866 responsales
682 4775 813 4850 lictores
826 4789 858 4850 et
870 4779 1041 4874 capitolo:
1120 4781 1122 4788 ’
