4374 6010
218 695 317 758 mmor.
334 691 398 774 lu]
670 689 867 754 HISTORIA
892 689 1186 756 IIIPLOMAI'ch.
1571 689 1634 753 939

217 827 425 904 mandamus
439 833 612 921 quatenus
625 847 748 902 omnes
760 827 873 923 pullos
889 827 1036 922 aquinos
1046 827 1106 923 qui
1125 826 1344 923 projecerunt
1356 833 1433 898 coto
1445 823 1633 899 dcutesvel

215 953 385 1048 projicere
398 949 527 1026 debent
542 950 692 1046 presenti
705 959 825 1040 estate,
846 952 907 1047 qui
922 959 1005 1024 suut
1021 951 1088 1025 sub
1100 949 1259 1025 ‘custodia
1275 960 1335 1024 tua
1353 959 1389 1024 et
1407 950 1571 1023 Iohannis
1588 949 1634 1025 de

218 1075 407 1150 landelino
419 1073 532 1148 fidelis
545 1074 653 1147 nostri
667 1074 724 1147 cui
743 1073 790 1172 (b)
804 1097 908 1172 super
925 1075 991 1149 hoc
1004 1085 1137 1150 nostras
1156 1075 1291 1148 lictores
1305 1074 1529 1162 destinamus,
1549 1075 1633 1148 visis

217 1200 346 1274 lictoris
365 1197 626 1296 apudFogiam
650 1199 792 1292 unicias,
808 1209 844 1274 et
864 1200 986 1275 venias
1001 1200 1104 1297 pleno
1121 1201 1326 1294 instructus,
1348 1200 1497 1273 utscias
1518 1198 1634 1273 dicere

217 1335 301 1420 quot
314 1325 480 1400 stationes
493 1322 651 1419 recepisti
668 1334 702 1397 et
715 1333 801 1419 quot
814 1345 861 1398 ex
879 1325 930 1398 eis
945 1325 1073 1398 mortui
1087 1334 1170 1397 sunt
1192 1333 1227 1398 et
1241 1345 1312 1419 quc
1330 1323 1447 1398 modo.
1472 1325 1632 1397 tumenta

218 1458 334 1522 nutem
352 1457 388 1522 et
410 1457 523 1542 cetera
545 1443 707 1521 animalia
731 1469 801 1542 que
822 1457 905 1522 sunt
925 1449 992 1522 snb
1015 1447 1172 1522 custodia
1192 1458 1252 1520 tna
1274 1447 1432 1521 dimictas
1451 1470 1562 1543 usque
1586 1447 1633 1522 ad

218 1572 364 1664 reditum
379 1581 479 1645 tuum
493 1570 649 1668 predicto
658 1571 806 1646 Iohanni
820 1571 865 1648 de
875 1571 1067 1646 Londolinc
1076 1571 1321 1662 custodienda;
1333 1593 1505 1667 expensas
1516 1581 1631 1645 autem

218 1695 428 1769 necessarias
439 1716 503 1791 pro
516 1703 563 1786 ts,
578 1693 682 1790 pullis
695 1702 730 1766 et
741 1695 897 1790 personis
908 1716 998 1790 quas
1009 1693 1129 1788 duces,
1139 1694 1294 1789 requiras
1306 1716 1326 1767 n
1338 1693 1467 1788 Majors
1479 1694 1524 1768 do
1533 1695 1632 1768 Ptan-

219 1827 354 1911 catons',
371 1829 456 1910 etc,
474 1819 530 1892 cui
548 1839 654 1914 super
668 1817 736 1892 hoc
753 1819 891 1893 tictsras
907 1818 1083 1892 miotimus
1097 1818 1276 1913 speciales.

265 1943 389 2016 Datum
405 1942 589 2031 Coronate,
608 1941 706 2014 XXX
718 1942 863 2037 aprelis,
881 1942 961 2016 XIII
977 1941 1188 2016 indictionis.

265 2067 312 2138 Dc
327 2066 438 2138 ecdem
453 2065 611 2138 mondum
630 2068 765 2160 scripsit
780 2067 869 2138 idem
887 2093 898 2138 :

264 2189 487 2280 Fredsricus,
504 2197 588 2282 etc,
604 2189 752 2263 Iohanni
775 2190 822 2264 ds
837 2189 1047 2284 Landoliuo,
1066 2198 1133 2263 etc.
1147 2189 1319 2263 Fidelitati
1337 2198 1396 2264 tue
1409 2189 1633 2287 precipiendo

219 2313 426 2388 mandamus
441 2321 613 2410 quotanus
629 2335 750 2388 omues
768 2316 882 2411 pullos
898 2316 1063 2410 equinos,
1080 2318 1234 2408 ingestos
1255 2323 1291 2388 et
1306 2315 1418 2388 mulos
1433 2315 1495 2410 qni
1517 2317 1632 2412 projc-

219 2448 336 2514 cerunt
353 2449 430 2514 octo
446 2439 568 2513 dentes
581 2441 639 2514 vel
653 2442 820 2536 projicere
837 2439 964 2514 debent
980 2441 1046 2513 hac
1062 2448 1190 2532 estate,
1216 2439 1278 2535 qui
1296 2450 1376 2513 sunt
1393 2441 1461 2515 sub
1475 2443 1631 2516 custodia

219 2569 294 2654 tua,
312 2561 480 2636 Ricoardo
504 2561 549 2636 de
571 2563 705 2637 Molisio
723 2562 819 2637 fideli
844 2572 961 2637 nostro
982 2563 1113 2637 debens
1137 2563 1313 2658 assignare
1336 2563 1513 2640 ducendos
1535 2567 1629 2661 apud

218 2685 355 2780 Fogiam
378 2707 441 2782 per
463 2686 643 2779 eumdem;
667 2689 824 2780 jumenta
842 2708 983 2782 quoque
1000 2695 1035 2760 et
1060 2695 1172 2761 nemra
1196 2687 1359 2761 animalia
1383 2711 1454 2784 que
1476 2687 1631 2764 dimictst

220 2808 309 2883 idem
325 2809 537 2902 kineardus,
556 2832 669 2906 usque
686 2810 734 2884 ad
756 2810 907 2884 reditum
932 2832 1037 2883 suurn
1061 2833 1141 2884 cum
1165 2811 1260 2888 omni
1283 2811 1462 2905 diligentia
1487 2812 1629 2890 studeas

220 2933 391 3008 custodire
407 2943 442 3008 et
457 2934 607 3008 instruas
619 2935 722 3031 plene
737 2956 818 3026 eum
832 2933 878 3008 de
894 2935 1098 3008 stationibus
1109 2957 1197 3030 quos
1210 2945 1248 3006 tu
1262 2935 1420 3031 recepisti
1436 2946 1470 3010 et
1483 2946 1629 3036 quotcx

219 3056 268 3130 eis
280 3057 409 3131 mortui
425 3067 507 3131 sunt
528 3067 563 3132 et
579 3080 650 3154 quo
675 3057 799 3151 modo,
820 3068 861 3131 ut
884 3067 919 3133 et
934 3059 1009 3156 ipso
1025 3081 1088 3156 par
1104 3068 1140 3132 ts
1158 3059 1345 3132 instructus
1368 3069 1486 3135 noscat
1511 3070 1627 3135 nostro

220 3181 359 3253 culmini
373 3202 538 3256 reserare.

264 3305 390 3379 Datum
407 3304 460 3405 [ut
476 3303 610 3406 eume}
1394 3369 1398 3377 .

264 3428 437 3525 Scriptum
459 3438 513 3501 est
533 3427 647 3502 eidem
669 3438 800 3502 secreto
820 3449 883 3524 pro
901 3431 1033 3527 pretato
1050 3427 1233 3522 menardo,
1253 3451 1315 3526 pro
1338 3451 1395 3523 ss,
1416 3431 1521 3526 pullis
1541 3451 1630 3525 qnos

220 3547 319 3624 ducet
335 3562 371 3626 et
387 3552 545 3648 personis
562 3552 765 3632 necessariis
785 3551 832 3628 od
853 3573 913 3628 eos
929 3552 1108 3627 ducendos
1123 3575 1165 3628 ac
1177 3555 1393 3628 manescalco
1408 3576 1478 3628 uno
1494 3553 1554 3628 dot
1568 3575 1630 3628 ex·

220 3695 359 3770 pensas,
378 3677 470 3750 sicut
482 3675 610 3750 viderit
626 3676 814 3774 expedire,
834 3687 868 3750 et
882 3677 1026 3774 recipiat
1043 3678 1089 3751 ab
1101 3698 1144 3752 eo
1158 3677 1288 3754 exinde
1304 3677 1505 3774 apodixem.

269 4286 491 4374 Mandatum
509 4288 559 4372 ad
576 4287 732 4372 Petrum
749 4235 799 4372 de
818 4286 993 4372 Calabria
1010 4288 1059 4372 ds
1079 4286 1196 4398 pullis
1213 4288 1384 4399 equinis,
1403 4289 1570 4400 angustis
1592 4300 1631 4374 et
1677 4313 1810 4368 couno-e,

220 4418 333 4504 mulis
349 4445 418 4530 per
433 4417 668 4507 Matthaeom
685 4421 734 4504 de
752 4419 927 4506 Coociata
946 4421 996 4505 ad
1014 4421 1160 4506 curiam
1177 4422 1386 4507 mittendis.
1681 4368 1805 4422 ³⁰⁸⁹&

297 4619 424 4704 (Repert.
437 4623 543 4704 imper.
556 4619 676 4685 Μαι.
690 4623 731 4702 11,
748 4622 801 4688 tol.
820 4632 877 4686 10⁵
891 4639 992 4700 verso;
1011 4624 1042 4684 tu
1054 4622 1126 4684 edit.
1142 4623 1280 4699 Curcum,
1294 4640 1322 4702 p.
1340 4621 1424 4702 tot.)

259 4797 301 4882 (d)
320 4804 359 4866 In
370 4805 514 4884 impresso
527 4802 596 4885 tot,
609 4805 695 4868 male.
