4374 6010
228 685 330 750 houm.
343 687 418 783 Ι13]-
679 687 881 752 HISTORIA
899 685 1195 752 nlvuouevtcn.
1584 679 1644 742 88²1

228 828 323 894 tetus
335 821 481 912 licinii,
501 829 569 894 etc.
589 819 731 896 Dudum
748 823 810 896 tibi
828 825 1006 920 scripsisse
1025 821 1208 896 recolimus
1231 826 1267 891 et
1285 815 1425 892 dedisse
1441 816 1567 890 nostris
1582 815 1646 888 lic·
1730 859 1734 872 ·

229 945 314 1018 teris
345 945 382 1017 in
409 943 583 1019 mendatis
608 953 649 1016 nt
673 944 719 1019 de
744 947 967 1042 justitiariatu
992 957 1052 1020 tuo
1079 943 1246 1020 ducentos
1274 940 1466 1014 servientes
1489 939 1651 1034 invenire

230 1066 383 1142 deberes
405 1069 567 1142 decenter
586 1079 734 1142 armatos
756 1091 823 1170 pro
841 1071 1000 1145 custodia
1025 1077 1214 1143 caseorum
1235 1073 1431 1138 noseorum
1449 1084 1520 1158 que
1540 1062 1647 1146 habe·

230 1212 314 1264 mus
332 1191 369 1263 in
383 1192 539 1288 partibus
551 1192 668 1266 Pontis
681 1194 832 1267 Tremuli
849 1205 885 1267 et
900 1192 1082 1282 Luniseni,
1106 1191 1168 1286 qui
1182 1187 1304 1262 fideles
1316 1196 1444 1278 essent,
1460 1186 1505 1260 de
1521 1207 1648 1280 genere

232 1312 394 1388 fidelium
411 1317 478 1390 orti
496 1317 611 1412 etqui
628 1318 904 1412 consanguineos
923 1317 1090 1391 haberent
1109 1317 1231 1388 fratres
1248 1333 1312 1388 seu
1337 1311 1426 1385 lilios
1447 1312 1485 1384 in
1508 1311 1649 1406 regione

233 1437 312 1533 ipsa
334 1441 438 1514 Terre
454 1441 669 1564 LaborisKet
687 1461 752 1537 pro
766 1463 886 1516 mense
908 1463 980 1516 uno
1003 1439 1170 1515 solidares
1187 1438 1326 1512 eosdem
1349 1436 1396 1510 ed
1411 1437 1579 1510 rationem
1605 1435 1650 1508 de

234 1570 387 1656 quatuor
403 1562 531 1638 tarenis
551 1564 628 1638 auri
646 1585 710 1660 per
726 1587 894 1640 mensem.
920 1566 1049 1640 Verum
1075 1565 1158 1661 quia
1179 1563 1268 1637 sicut
1286 1561 1486 1658 significasti
1510 1561 1649 1634 eelsitu-

234 1684 313 1759 dini
335 1675 470 1780 nostre,
496 1689 685 1762 servientes
708 1690 802 1785 ipsos
826 1689 980 1787 predicto
1001 1688 1107 1763 modo
1128 1709 1199 1762 non
1226 1696 1364 1784 poteras
1384 1684 1556 1778 invenire,
1582 1706 1651 1760 no·

235 1810 349 1882 lentes
365 1819 405 1882 ut
419 1810 576 1885 deiectus
590 1811 628 1883 in
645 1813 770 1886 nostris
787 1813 963 1908 obsequiis
978 1812 1160 1902 habeatnr,
1176 1809 1382 1884 mandamus
1395 1817 1430 1882 et
1442 1808 1651 1904 precipimus

236 1931 396 2007 fidelitati
414 1941 473 2006 tue
488 1942 662 2030 quatenus
678 1934 819 2009 eosdem
842 1935 1011 2010 ducentos
1028 1934 1215 2009 servientes
1227 1937 1330 2027 juxta
1351 1932 1475 2028 prioris
1497 1933 1650 2006 mandati

237 2055 347 2159 nostri
364 2057 510 2130 formam
535 2057 581 2132 de
603 2059 827 2152 Jnstitiarietu
853 2067 914 2133 tuo
934 2059 1076 2133 studeas
1104 2057 1260 2132 invenire
1285 2065 1320 2130 et
1339 2056 1488 2130 solidere
1507 2076 1567 2130 eos
1588 2077 1653 2151 pro

237 2169 361 2253 mense
377 2201 448 2255 uuo
462 2181 509 2256 ed
522 2183 692 2257 rationem
710 2181 893 2279 dequesta
909 2183 1013 2257 uncie
1024 2183 1100 2257 euri
1115 2203 1177 2278 per
1193 2201 1368 2272 mensem,
1386 2189 1421 2254 et
1435 2179 1486 2253 eis
1507 2179 1653 2254 nichilo·

238 2303 358 2378 minus
370 2325 435 2400 pro
450 2306 574 2380 eodem
587 2326 706 2380 mense
722 2306 831 2380 victui
847 2307 1039 2382 necessaria
1055 2306 1222 2398 largiaris.
1237 2305 1281 2378 Et
1296 2305 1326 2378 si
1337 2326 1401 2401 pro
1415 2313 1539 2400 quarta
1552 2305 1655 2378 uncie
1689 2381 1690 2384 a

239 2427 392 2501 inveniri
407 2450 480 2502 non
502 2438 655 2524 possent,
676 2430 782 2506 iacies
800 2429 929 2505 exinde
944 2438 1049 2526 prout
1064 2430 1188 2502 melius
1203 2426 1335 2502 videris
1351 2428 1534 2524 expedire,
1553 2429 1602 2502 ita
1617 2438 1657 2501 ut

239 2551 385 2650 omnino
400 2537 559 2626 invenias
576 2562 612 2626 et
627 2553 750 2627 mictes
770 2576 831 2628 eos
848 2554 1042 2628 secundum
1057 2552 1154 2649 quod
1172 2575 1235 2650 per
1252 2552 1337 2626 alias
1357 2553 1493 2626 lictores
1512 2553 1575 2626 tibi
1592 2552 1655 2627 de·

240 2674 336 2750 disse
348 2675 533 2749 recolimus
549 2676 587 2748 in
603 2675 788 2750 mundatis.

250 2891 254 2901 Ι
289 2801 419 2873 Datum
434 2799 552 2896 logis,
569 2799 660 2875 Vllll
675 2801 815 2898 aprelis,
830 2800 910 2874 Xlll
929 2799 1141 2875 indictionis.

298 3415 522 3502 Mandatum
553 3417 604 3501 ad
631 3415 915 3527 Alexandrum,
944 3417 1069 3502 filium
1099 3416 1277 3526 Henrici,
1305 3417 1355 3502 de
1388 3417 1594 3504 oerroohiis
1622 3427 1660 3503 et
1763 3440 1776 3483 ⁸

245 3547 466 3633 hominibus
482 3549 741 3634 conducendis
756 3577 828 3661 pro
845 3551 954 3662 equis
971 3551 1229 3636 marescallus.
1603 3551 1606 3557 ’

330 3793 457 3877 (vect.
471 3794 575 3876 imper.
587 3792 704 3860 Γηὼν.
721 3796 762 3875 11,
777 3795 828 3860 iol.
845 3806 881 3860 tt
897 3803 992 3874 recto;
1007 3798 1041 3860 ln
1054 3797 1126 3860 cdlt.
1141 3796 1278 3876 Comen„
1291 3813 1324 3878 p.
1341 3796 1425 3878 ³92.)

261 4031 353 4136 ..De
369 4031 542 4129 imperiali
565 4035 723 4110 mandam
749 4039 838 4129 [octo
857 4060 919 4133 per
944 4037 1118 4111 micum
1141 4035 1186 4111 lt.
1216 4036 1256 4110 dc
1285 4037 1505 4112 trecenario
1528 4043 1662 4138 scripsit

248 4159 288 4231 G.
307 4157 544 4231 chuaenlt'a:
1290 4205 1293 4210 -

299 4280 520 4376 Fredericus,
544 4290 629 4375 etc,
653 4282 853 4377 Alexandro
877 4283 948 4359 filio
975 4285 1131 4378 ilenrici,
1158 4294 1223 4360 etc.
1254 4285 1342 4360 Cum
1373 4287 1418 4361 de
1446 4288 1660 4386 beneplacito

250 4414 366 4478 nostm
385 4405 430 4496 sit
449 4415 485 4480 et
499 4405 664 4482 mandato
682 4417 721 4481 ut
739 4410 820 4504 eqni
837 4410 1038 4484 marescallo
1060 4418 1176 4498 nostre
1195 4419 1370 4506 ponantur
1393 4412 1441 4486 ad
1461 4411 1604 4487 herbam
1624 4415 1661 4488 in

250 4527 405 4624 partibus
424 4529 640 4628 Capitinam,
668 4530 823 4607 fidelitati
849 4542 910 4608 tue
940 4533 1163 4632 precipiendo
1188 4534 1397 4610 mandamus
1418 4547 1590 4633 quatenus
1615 4539 1662 4613 nd

251 4651 506 4746 requisitionem
518 4655 561 4728 ll.
576 4653 622 4729 de
635 4657 868 4751 Trentenariu,
887 4659 1042 4753 magistri
1054 4643 1253 4732 marescallo
1263 4667 1392 4754 nostre,
1408 4657 1521 4735 fidelis
1534 4665 1656 4758 nostri,

253 4773 445 4852 conducero
464 4775 593 4854 debeas
620 4779 667 4856 ad
694 4791 892 4880 competens
913 4783 1058 4858 loerium
1083 4781 1281 4892 cerrochias
1303 4804 1365 4880 pro
1389 4783 1531 4862 leenae
1555 4788 1662 4863 herba
