4468 6010
252 677 349 736 Ιιπιατ.
368 673 432 752 tt]
701 673 898 736 HISTORIA
923 674 1214 737 ntrtottartcs.
1607 675 1666 736 ¹l5³

300 811 348 879 Dc
358 808 518 880 orcnduto
530 807 700 904 imperiali
708 811 796 900 furto
804 831 869 904 per
879 811 1077 908 mopirtmm
1092 811 1262 882 libertum
1275 809 1406 904 scripsit
1418 805 1466 880 P.
1478 808 1518 880 dc
1529 807 1666 904 Capua:

298 931 518 1024 Fredericus,
536 939 620 1023 etc,
638 929 774 1027 Angelo
787 932 833 1008 de
849 933 962 1008 litarra
984 943 1019 1008 et
1031 933 1145 1028 judici
1159 933 1347 1007 Eutranoni
1366 932 1412 1006 de
1426 932 1526 1006 Porta
1543 942 1667 1008 custo-

134 1034 140 1048 ’
253 1043 356 1129 dibus
380 1055 484 1128 erarii
502 1055 689 1129 Salvatoris
705 1054 751 1130 ad
774 1056 885 1144 liare,
905 1067 973 1132 etc.
998 1057 1085 1130 Cum
1106 1057 1253 1153 munia
1276 1057 1321 1130 sit
1341 1055 1387 1128 ad
1409 1077 1548 1150 presens
1572 1056 1668 1128 curie

251 1189 364 1252 nostre
378 1178 569 1275 plurimum
587 1191 754 1275 oportuna
767 1189 802 1253 et
817 1181 941 1254 honori
957 1190 1076 1254 nostro
1089 1201 1158 1254 non
1169 1201 1292 1276 parum
1308 1177 1473 1275 expediat
1482 1179 1665 1274 pecuniam

250 1303 378 1376 habere
394 1324 459 1399 pre
479 1303 658 1394 menibus,
681 1301 890 1376 mandamus
916 1315 952 1377 et
972 1304 1184 1399 precipimus
1208 1301 1349 1376 firmiter
1374 1300 1529 1376 fidelitati
1552 1311 1667 1376 vestre

249 1437 422 1522 qnatsms
440 1437 547 1500 totam
564 1427 747 1523 pecuniam
766 1427 862 1501 curie
873 1437 989 1500 nosue
1006 1451 1076 1522 qne
1089 1427 1184 1523 apud
1196 1449 1260 1500 vos
1273 1436 1338 1518 cst,
1353 1447 1413 1521 per
1424 1427 1607 1522 Spmcnem
1621 1425 1667 1498 do

248 1551 381 1624 Ursone
402 1550 516 1623 civem
539 1550 657 1647 Capue
680 1549 817 1625 fidelem
841 1561 997 1624 nostrum
1019 1573 1123 1646 quem
1148 1561 1327 1649 propterea
1348 1549 1538 1645 specialiter
1555 1547 1667 1622 desti-

250 1695 394 1760 namus,
416 1675 512 1770 apud
531 1673 754 1748 Introducnm
778 1675 861 1748 visis
879 1676 945 1772 hys
962 1675 1090 1748 lictoris
1106 1675 1182 1748 sine
1202 1697 1298 1748 mora
1315 1674 1468 1768 qualibet
1484 1673 1666 1746 transmic-

249 1801 345 1884 tatis,
362 1795 492 1870 deinde
508 1796 555 1871 ad
567 1807 719 1870 nostram
732 1799 939 1893 presentiam
954 1798 1191 1884 descendam,
1208 1819 1351 1894 presens
1367 1796 1583 1888 mandatum,
1596 1805 1663 1870 otc.

297 1921 423 1993 Datum
441 1921 686 2014 Cuccuzhone,
707 1921 771 1994 Xll
788 1921 970 2012 februarii,
991 1921 1069 1992 Xlll
1083 1917 1295 1992 indictionis.

298 2043 434 2116 Similes
450 2043 568 2118 liutem
582 2045 671 2118 lacte
690 2053 773 2117 sunt
788 2043 829 2117 tt.
846 2043 893 2117 de
909 2041 1126 2137 Montenigro
1140 2043 1323 2134 justitiane
1340 2044 1443 2116 Teme
1459 2042 1614 2117 laboris.

303 2554 526 2641 Mandatum
552 2557 603 2639 ad
627 2567 815 2642 secretum
841 2559 1020 2644 Panormi
1047 2587 1118 2671 pro
1144 2561 1389 2671 inquisitione
1418 2563 1590 2650 iacienda
1618 2565 1667 2650 de
1706 2557 1858 2656 &iffi

249 2687 434 2796 qualitate
451 2690 760 2775 excudendorum
779 2719 877 2802 quas
894 2693 988 2778 olim
1005 2695 1128 2778 tenuit
1144 2695 1334 2780 Iohannes
1353 2695 1524 2808 Cupicza.

332 2884 461 2967 (tropat.
472 2889 578 2968 imper.
591 2887 708 2952 Frrdoe.
726 2891 768 2967 11,
782 2892 835 2955 tol.
849 2903 884 2956 tt
902 2911 1003 2971 vorm
1017 2897 1050 2956 tn
1064 2896 1137 2958 edit.
1153 2897 1290 2976 Curcum,
1304 2915 1335 2978 p.
1350 2899 1434 2978 att.)

297 3063 345 3132 Dc
362 3063 520 3135 mandute
542 3063 709 3158 imputati
726 3067 813 3157 [octo
830 3087 895 3162 pcr
913 3071 1111 3164 mopirtrum
1131 3073 1267 3144 Petrum
1284 3073 1324 3145 dc
1346 3075 1447 3146 Viaco
1468 3076 1603 3171 scripsit
1618 3077 1660 3148 P.

249 3184 288 3254 de
306 3184 356 3254 Co
441 3213 453 3256 .·

295 3208 512 3401 Γωᾞίοιιε,
529 3319 612 3401 etc,
630 3311 782 3388 obberto
796 3313 1062 3390 Fallamonaoho
1073 3327 1204 3392 secreto
1220 3321 1392 3413 Panormi,
1412 3331 1479 3396 etc.
1496 3322 1663 3399 Fidelitati

249 3440 307 3504 tnc
329 3432 555 3528 precipiendo
577 3435 782 3510 mandemus
809 3448 982 3532 quatenns
1006 3439 1052 3514 de
1074 3443 1239 3535 qualitate
1263 3442 1548 3519 excudentiarum
1574 3470 1663 3542 quas

248 3553 330 3624 olim
345 3555 489 3628 tenuita
507 3557 603 3629 curia
625 3566 739 3632 nostra
755 3559 792 3631 in
810 3561 979 3636 Panormo
991 3562 1166 3638 iohannes
1182 3565 1326 3661 Capicra
1342 3575 1378 3640 et
1393 3569 1516 3662 quanti
1534 3571 1663 3644 valoris

248 3699 310 3773 per
322 3699 454 3751 annum
469 3681 620 3753 existant
632 3691 667 3754 ot
683 3691 800 3754 utrum
813 3685 882 3756 sint
899 3685 1056 3760 homines
1077 3690 1114 3760 in
1135 3689 1286 3781 eisdem,
1308 3689 1492 3783 diligenter
1506 3693 1664 3790 inquiras

249 3809 282 3874 et
295 3800 469 3896 quicquid
479 3801 562 3876 inde
576 3804 750 3879 inveneris
764 3807 831 3879 sub
845 3808 958 3903 sigillo
975 3820 1035 3884 tuo
1052 3811 1100 3885 ad
1115 3813 1247 3886 curiam
1259 3823 1412 3890 nostram
1422 3817 1556 3892 mictas.

295 3925 423 3997 Datum
440 3923 652 4020 Cocoomm,
668 3929 746 4002 Xlll
762 3930 941 4020 februarii,
962 3935 1040 4006 Xlll
1057 3935 1268 4011 indictionis.

300 4449 480 4538 ΜΨ
497 4482 568 4564 Pl0
585 4457 752 4542 imminit
770 4461 1013 4573 assignandis
1030 4463 1296 4550 Lombardello
1308 4466 1514 4554 falconcrio
1527 4480 1565 4554 ct
1577 4467 1662 4554 aliis
1702 4453 1854 4554 &iili-”it

249 4579 375 4665 curiae
392 4581 622 4670 fulconeriis.

329 4765 459 4852 (nque.
472 4772 574 4855 espa.
586 4773 706 4839 man.
721 4778 763 4856 tt,
776 4778 830 4842 tot.
846 4788 881 4844 rr
898 4795 999 4856 verm
1015 4783 1047 4843 tn
1059 4781 1132 4846 curt.
1146 4782 1281 4860 aucun,
1295 4800 1327 4864 p.
1342 4785 1425 4865 tte.)
