4384 6004
228 650 329 712 lenter.
348 647 410 725 lt]
679 644 876 706 HISTORIA
901 644 1190 706 platonitatem
1559 643 1635 703 lO'l'l

229 789 302 853 tum
319 781 365 854 ab
382 782 457 876 ipso
473 778 656 852 concilium
673 801 736 874 pro
752 791 867 852 nostra
891 781 1021 852 lesione
1037 800 1106 851 non
1124 779 1291 874 patimur,
1311 799 1372 873 per
1391 776 1488 870 quod
1503 779 1638 852 omissis

230 906 391 978 omuibus
412 903 657 977 adherentibus
681 904 803 992 nobis,
831 904 975 976 rebelles
1000 902 1134 998 imperii
1161 912 1197 974 et
1220 911 1352 974 nostros
1378 901 1638 996 capitalissimos

231 1027 407 1118 inimicos,
426 1027 517 1098 sicut
540 1026 705 1121 premisse
721 1036 836 1098 nostre
855 1048 918 1098 vos
940 1025 1132 1098 docuerunt
1156 1026 1286 1116 littere,
1313 1025 1536 1114 convocavit3
1556 1046 1638 1118 pre·

232 1151 348 1222 sertim
362 1172 441 1222 cum
455 1171 518 1244 pro
531 1149 696 1222 evitando
712 1149 835 1220 mundi
852 1150 1003 1240 generali
1020 1149 1164 1221 dissidio
1186 1171 1323 1221 necnon
1345 1159 1378 1220 et
1399 1151 1501 1220 Terre
1516 1150 1640 1220 Sancte

232 1273 385 1368 presidio
408 1273 454 1345 ad
471 1282 621 1346 nostram
639 1272 846 1368 presentiam
871 1272 1069 1366 expeditius
1094 1271 1328 1366 procurando,
1354 1293 1417 1343 nos
1440 1269 1486 1342 ad
1501 1291 1638 1344 omnem

233 1405 421 1468 tractatum*
433 1395 637 1482 concordie,
653 1405 769 1468 nostro
782 1405 816 1468 et
829 1395 962 1489 imperii
975 1397 1053 1486 jure
1070 1417 1111 1466 ac
1124 1395 1254 1467 bonore
1269 1395 1428 1480 servatis,
1447 1402 1639 1466 nostrorum
1699 1465 1704 1486 ,

234 1519 411 1592 rebellium
426 1519 605 1610 junctione
618 1519 766 1608 seclusa,
785 1540 844 1612 per
856 1519 1027 1612 quoslibet
1043 1519 1138 1612 pacis
1151 1517 1317 1613 providos
1328 1517 1490 1590 zelatores
1504 1525 1641 1609 paratos

235 1664 298 1714 nos
316 1663 450 1736 semper
468 1641 659 1714 obtulimus
669 1641 836 1716 hactenus
848 1651 883 1714 et
897 1642 1054 1735 protinus
1072 1640 1257 1714 offerimus.

744 1965 782 1973 ——-
788 1965 1006 1974 --—..-·-·--—
1014 1961 1432 1973 ——......-...-..-..-———.-—-

292 2263 460 2359 Quidam
479 2260 623 2344 Galliae
640 2260 698 2342 vel
719 2259 878 2369 Angliae
895 2258 1053 2342 clericus
1073 2259 1204 2340 suadet
1222 2256 1400 2367 praelatis
1418 2283 1466 2337 ne
1485 2258 1534 2338 ed
1551 2281 1649 2338 oon-
1711 2277 1813 2362 ,¹3:2¹

240 2395 370 2476 cilium
396 2393 558 2477 Romam
586 2394 786 2495 accedant,
812 2391 896 2474 fuse
925 2390 1142 2474 describens
1166 2399 1250 2471 tum
1275 2389 1443 2497 pericula
1468 2389 1586 2471 meris
1613 2400 1650 2470 et

242 2537 385 2633 terrae,
404 2536 488 2609 tum
511 2527 668 2608 insidias
690 2524 941 2634 potentissimi
969 2536 1006 2606 et
1034 2522 1197 2606 crudelis
1222 2523 1422 2630 principis,
1446 2531 1651 2629 monetque

246 2671 289 2741 ut
310 2686 397 2742 cum
421 2687 522 2768 pepe
546 2685 702 2741 causam
722 2683 852 2764 suam,
872 2683 951 2739 non
974 2682 1064 2740 uero
1090 2654 1312 2737 universalis
1333 2653 1521 2736 Ecclesiae
1539 2679 1651 2764 agere

242 2789 348 2896 uelit,
368 2791 441 2899 ipsi
460 2792 500 2871 in
519 2791 592 2873 boo
610 2790 658 2871 ab
677 2788 912 2872 obedientiae
929 2787 1081 2870 vinculo
1098 2813 1139 2868 se
1157 2786 1394 2868 subtrahant.

326 3003 426 3082 (Edtd.
442 3006 571 3077 Banonu,
585 3001 721 3081 Miscell,
736 3010 760 3064 t.
775 3004 801 3078 1,
817 3021 847 3080 p.
865 3011 1011 3074 tta-toa,
1027 3001 1094 3062 coll.
1111 3017 1179 3060 cnm
1193 3000 1318 3060 codicib.
1336 2999 1411 3060 Btbl.
1427 2999 1527 3063 Cesar.
1542 2999 1650 3071 Parta„

353 3109 447 3190 joade
461 3107 838 3188 Salat-Garmatu-Horluy,
855 3117 925 3182 ⁴⁵5,
940 3125 1008 3185 pers
1021 3109 1048 3184 1,
1061 3124 1127 3167 occ.
1133 3104 1226 3185 seoda
1239 3103 1324 3181 lotio,
1341 3114 1432 3183 8564,
1446 3105 1500 3164 fot.
1515 3113 1549 3165 at
1568 3121 1652 3165 verso

365 3223 395 3277 et
407 3233 484 3294 seq„
502 3226 592 3294 8567,
608 3216 660 3277 lol.
679 3225 729 3289 at,
744 3216 795 3276 ubl
815 3215 923 3294 legitur
941 3214 1080 3274 rubrica:
1097 3210 1265 3276 metm
1285 3214 1443 3291 imperator
1454 3229 1511 3296 pqr
1532 3212 1654 3272 Petrum

363 3320 397 3382 dc
416 3323 528 3398 Vtceie;
539 3327 637 3399 tnepte
651 3338 734 3397 vero,
748 3321 820 3381 dum
835 3321 912 3382 banc
930 3320 1084 3398 eplstolem
1098 3323 1122 3379 sl
1136 3323 1203 3396 qula
1217 3320 1383 3396 perlegerit,
1400 3335 1438 3378 ex
1452 3317 1593 3377 mandem
1606 3317 1653 3376 vel

365 3445 403 3488 ex
418 3429 605 3488 conntventia
618 3430 708 3488 etlam
722 3427 863 3487 Frlderlct
876 3442 942 3486 eam
955 3425 1046 3486 fuisse
1059 3427 1198 3502 scriptam
1212 3427 1333 3485 minime
1345 3423 1524 3501 credlderlt.)

296 3615 472 3688 Universis
492 3616 606 3710 papali
622 3615 801 3689 vocatione
820 3613 950 3686 vocatis
968 3613 1122 3684 scribens
1141 3613 1177 3684 in
1195 3613 1358 3706 ambiguo
1374 3612 1538 3685 mandato
1555 3632 1654 3684 man·

251 3736 385 3828 dantis,
408 3739 459 3810 sic
480 3739 608 3810 babere
631 3738 847 3832 providentie
871 3737 1027 3831 spiritum
1057 3745 1092 3808 et
1119 3736 1341 3829 intelligentie
1368 3737 1655 3830 complementum

250 3863 345 3953 qood
372 3883 435 3956 per
464 3861 726 3954 impmvidentie
752 3862 923 3934 lubricum
951 3861 987 3932 in
1015 3869 1212 3955 preparatos
1239 3861 1380 3952 laqueos
1404 3880 1473 3931 non
1497 3860 1657 3932 labantur

251 3995 285 4056 et
306 3987 394 4057 inter
416 3985 523 4079 plicas
546 3985 808 4080 inexplicabiles
830 4007 900 4058 non
924 3985 1104 4079 plicantur.
1129 3983 1185 4056 rld
1210 3982 1488 4075 cognoscendum
1511 3983 1597 4075 quid
1619 3983 1656 4053 in

252 4108 431 4185 vocatione
457 4109 587 4190 vocatis
617 4109 782 4204 expediat
810 4107 900 4200 lieri,
932 4108 1179 4181 consideranda
1208 4117 1290 4178 sunt
1314 4108 1475 4179 universa
1500 4127 1563 4200 per
1588 4127 1657 4201 que

252 4232 309 4306 via
337 4232 442 4304 tutior
467 4232 575 4327 possit
604 4233 683 4324 eligi
706 4242 739 4306 et
768 4231 967 4306 babendum
993 4254 1096 4327 super
1117 4232 1184 4304 hoe
1211 4253 1233 4304 a
1259 4232 1359 4303 vobis
1383 4231 1562 4304 consilium
1585 4239 1655 4304 tam

252 4355 440 4451 prudenter
457 4378 562 4449 quam
578 4357 706 4428 utiliter
728 4356 916 4428 terminari.
934 4357 1020 4428 Nam
1038 4355 1153 4449 prius,
1175 4364 1213 4425 ut
1228 4355 1389 4445 arbitror,
1406 4354 1510 4427 debet
1524 4353 1656 4427 attendi

253 4479 361 4551 torma
378 4479 551 4573 rescripti,
567 4479 678 4552 videri
696 4488 809 4551 motus
827 4480 1022 4565 scribentis,
1041 4477 1246 4549 considerari
1264 4498 1368 4549 causa
1384 4479 1554 4567 mandati,
1570 4498 1656 4573 pen·

253 4600 322 4672 sari
334 4601 364 4672 si
375 4601 482 4695 possit
493 4602 636 4674 intentio
649 4601 876 4691 mandatoris,
888 4613 923 4674 et
938 4611 1008 4674 tam
1021 4601 1245 4673 eminentium
1258 4621 1363 4692 quam
1377 4603 1555 4672 latentium
1570 4603 1658 4696 peri-

255 4723 410 4794 culorum
427 4723 634 4797 inevitabilis
657 4725 842 4798 multitudo
859 4724 1005 4820 pmvida
1027 4723 1334 4818 circumspectione
1353 4725 1476 4796 notari.
1500 4725 1576 4810 Quo
1596 4725 1658 4820 qui

333 4845 373 4906 v.
394 4853 490 4899 rm.
1442 4855 1499 4908 ree
