4524 6012
299 698 393 757 boica.
413 696 475 772 13.]
745 693 941 755 lllstoltlt
965 687 1259 753 blrtotllttlct.
1643 681 1704 743 6¹19

300 839 333 903 ot
348 829 522 924 legalitate
539 827 712 902 Bonomei
729 827 775 902 da
785 829 929 902 Cortorm
944 826 1055 900 fidelis
1072 825 1196 912 nostri,
1218 821 1280 894 lilii
1296 818 1473 914 quondam
1484 817 1629 912 Peponis
1647 816 1704 889 Al·

301 951 441 1042 bertini‚
453 961 596 1048 recepto
608 952 654 1025 ab
666 973 710 1024 eo
722 955 826 1045 juxta
841 951 1125 1026 consuetudinem
1138 947 1314 1022 fidelitatis
1329 953 1364 1017 et
1375 943 1478 1017 officii
1489 943 1701 1035 juramento,

302 1077 540 1149 constituimus
557 1097 638 1148 eum
652 1075 830 1171 publicum
845 1076 1061 1149 tabellionem
1087 1071 1222 1169 imperii
1242 1080 1280 1144 nt
1297 1068 1423 1142 amodo
1441 1066 1571 1162 publici
1593 1067 1706 1138 tabel-

303 1197 612 1272 lionatusofficium
628 1200 761 1292 ubique
779 1221 840 1294 par
854 1199 1037 1294 imperinm
1052 1196 1099 1270 ad
1109 1197 1275 1268 bonorem
1288 1204 1323 1266 et
1339 1190 1537 1265 fidelitatem
1556 1201 1706 1263 nostram

305 1322 427 1396 debeat
447 1320 594 1394 fideliter
613 1343 788 1396 exercere.
809 1322 976 1407 Quocirca
997 1319 1210 1392 universitati
1234 1327 1348 1392 vestre
1369 1314 1587 1410 precipiendo
1610 1337 1706 1387 man-

305 1446 425 1518 damns
441 1454 613 1538 quatenns
631 1445 788 1541 predicto
805 1446 987 1517 Borrumeo
1000 1445 1036 1515 in
1052 1443 1202 1536 hiisque
1217 1441 1263 1514 ad
1280 1440 1434 1532 ejusdem
1453 1438 1582 1533 publici
1600 1439 1708 1511 label-

305 1571 450 1642 lionatus
462 1569 611 1642 officinm
625 1579 779 1665 spectare
794 1576 995 1657 noscuntur,
1008 1566 1192 1638 intendatis
1204 1567 1248 1639 de
1262 1573 1373 1636 cetero
1389 1573 1554 1656 tanquam
1567 1563 1708 1657 publico

306 1692 477 1765 tabellioni
493 1715 514 1763 a
530 1693 706 1783 maiestate
720 1701 834 1766 nostra
849 1700 976 1765 statuto
993 1692 1041 1764 ad
1053 1691 1218 1763 honorem
1233 1697 1268 1760 et
1284 1687 1483 1759 fidelitatem
1497 1695 1660 1772 nostram,
1675 1695 1709 1759 et

306 1817 418 1888 nullus
437 1817 481 1887 sit
503 1815 663 1909 quicum
684 1837 787 1910 super
806 1815 929 1889 eodem
951 1813 1065 1888 officio
1086 1811 1215 1908 publici
1232 1811 1471 1884 tabellionatus
1493 1819 1620 1882 temere
1643 1809 1708 1882 im·

307 1939 424 2034 pedire
442 1939 499 2011 val
526 1939 725 2033 perturbare
750 1948 941 2034 presumat3
970 1937 1065 2031 quod
1088 1937 1151 2031 qui
1170 1935 1414 2030 presumpserit
1439 1933 1709 2024 indignationem

308 2072 455 2135 noctram
479 2084 517 2134 se
541 2063 673 2136 noverit
692 2063 925 2135 incursurum.
946 2063 1002 2136 Ad
1027 2062 1131 2154 hujus
1157 2071 1272 2134 autem
1295 2060 1344 2131 rei
1367 2059 1565 2130 memoriam
1587 2068 1622 2130 et
1642 2069 1710 2130 sta-

308 2185 408 2258 bilem
421 2182 613 2257 firmitatem
628 2206 768 2279 presens
779 2185 941 2277 scriptum
954 2181 1029 2256 lieri
1044 2193 1078 2255 et
1095 2182 1281 2275 majestatis
1293 2191 1406 2254 nostre
1421 2180 1532 2272 sigillo
1544 2177 1711 2272 jussimus

308 2309 522 2381 communiri.

355 2434 479 2503 Datum
505 2431 601 2526 apud
626 2430 799 2522 Aretium,
829 2451 922 2503 anno
947 2427 1118 2503 dominice
1150 2428 1393 2500 incarnationis
1419 2425 1709 2518 lllCCXXXVllll,

307 2556 596 2648 nensejannarii,
615 2555 849 2628 tertiadecima
866 2554 1076 2627 indictionis.

518 2850 1435 2862 Q--u---——-—-o--——-..-...
1443 2851 1496 2859 ...--

360 3118 582 3204 Mandatum
605 3123 655 3204 ad
673 3121 866 3206 Andream
884 3123 932 3206 de
951 3122 1077 3204 Cicala
1094 3123 1143 3204 da
1161 3121 1345 3204 militibus
1372 3121 1498 3204 missis
1516 3122 1566 3204 ud
1583 3143 1714 3230 regem
1750 3148 1908 3300 effla

307 3249 502 3336 Sardiniae
523 3267 562 3337 at
582 3257 631 3339 de
647 3257 938 3340 manutenendis
955 3255 1122 3338 Reatinis
1145 3257 1194 3338 ad
1212 3255 1413 3365 promissa.
1762 3256 1852 3366 ,2522
1836 3267 1901 3354 gp,

385 3464 542 3548 (Ιίιφιεῐ.Ι
529 3484 632 3548 anper.
649 3465 769 3528 illudar
783 3469 824 3544 ll
839 3468 892 3531 lol
910 3473 1056 3542 streetm
1071 3468 1187 3529 luodlt.
1204 3466 1327 3528 Curcum
1331 3484 1385 3544 p
1403 3465 1486 3544 att)

353 3657 403 3726 Dc
416 3659 585 3750 impertuli
596 3659 753 3730 mantuo
768 3662 856 3751 sacto
867 3680 931 3752 per
945 3659 1140 3750 mapirtrum
1152 3659 1350 3731 liicccrdnm
1362 3658 1402 3729 de
1419 3657 1570 3749 Trcjecto
1585 3659 1715 3752 scripsit

305 3777 440 3850 Jacobru
456 3779 497 3850 dc
513 3783 664 3854 Bantru:
688 3853 691 3861 λ

353 3901 571 3994 Fradericns,
602 3913 684 3995 etc,
714 3903 852 3976 Andree
880 3902 926 3977 de
950 3902 1077 3993 cicala,
1107 3913 1172 3976 etc.
1206 3903 1360 3996 Benigno
1388 3905 1602 3999 recepimus,
1628 3913 1711 3994 etc,

308 4033 441 4113 gratum
458 4047 598 4120 quoque
615 4035 771 4119 gerentes
788 4025 885 4121 quod
906 4027 943 4098 in
966 4027 1167 4100 muniendis
1187 4028 1307 4099 eastris
1325 4029 1451 4100 nostris
1470 4029 1559 4098 sient
1575 4027 1714 4121 signiti-

309 4147 389 4218 casti
402 4169 522 4221 curam
538 4159 573 4223 et
591 4149 804 4244 diligentiam
823 4151 988 4242 habuisti,
1000 4152 1103 4242 Juxta
1115 4151 1354 4244 quodanobis
1368 4173 1545 4246 receperas
1561 4153 1596 4222 in
1610 4173 1714 4224 man-

309 4268 407 4343 datis.
424 4273 513 4346 Satis
524 4273 627 4346 etiam
644 4275 963 4350 celsitudininostre
975 4277 1085 4372 placet
1095 4275 1190 4370 quod
1202 4275 1249 4348 ad
1261 4275 1423 4348 dilectum
1437 4275 1546 4347 lilium
1559 4285 1710 4349 nostrum

308 4387 470 4462 illustrem
498 4413 613 4486 regem
641 4394 801 4465 anrium
827 4404 861 4466 et
882 4395 1036 4481 Gallure,
1064 4395 1150 4467 sacri
1179 4394 1314 4488 imperii
1341 4395 1377 4465 in
1406 4395 1518 4466 Ytalia
1543 4395 1711 4467 vicarium

308 4514 516 4607 generalem,
533 4515 657 4588 milites
667 4519 768 4609 juxta
786 4517 985 4590 mandatnm
1004 4519 1112 4612 ipsius
1125 4519 1266 4590 mictere
1280 4517 1481 4610 procurasti.
1503 4517 1552 4590 lle
1567 4526 1712 4590 tractatu

225 4711 231 4726 ‚
309 4643 421 4706 autem
437 4635 555 4710 habito
569 4659 648 4710 cnm
667 4641 836 4728 Reatinis,
856 4641 1017 4712 volumus
1028 4641 1123 4732 quod
1138 4662 1272 4736 semper
1289 4641 1351 4714 des
1367 4641 1418 4712 eis
1433 4641 1523 4714 bona
1540 4642 1663 4727 verba,
1678 4651 1714 4713 et

309 4767 407 4831 caute
420 4757 567 4834 inducas
579 4783 641 4835 eos
652 4763 698 4836 ad
712 4785 755 4837 ea
767 4783 838 4857 que
850 4763 1070 4858 promictnnt,
1083 4773 1120 4835 ut
1132 4785 1212 4836 cnm
1223 4764 1421 4838 venerimus
1435 4765 1480 4838 ad
1492 4773 1606 4860 partas
1620 4765 1713 4860 ipsas
