4524 6012
282 693 381 754 lmen.
397 685 460 773 lat]
736 688 936 750 HISTORIA
960 689 1254 752 ott’tottltntclt.
1632 695 1692 758 683

282 821 441 905 mudum
463 820 511 902 de
528 819 589 902 lsa
606 845 678 928 pro
694 819 865 904 lohannc
883 821 1019 904 elerico
1039 821 1120 906 tilio
1147 849 1217 907 sno
1239 822 1383 906 litteras
1401 825 1555 935 papales
1572 853 1692 936 prae-

284 963 494 1038 seutuntem
522 951 696 1036 similiter
712 953 837 1062 cupiat
860 965 898 1038 et
915 955 1093 1038 detineat.

360 1181 489 1262 (nque.
504 1181 608 1262 inopem
620 1177 740 1242 etde.
755 1183 796 1256 11,
811 1181 865 1244 fol.
882 1191 920 1244 tt
938 1199 1034 1258 vaso,
1047 1191 1086 1244 es
1099 1187 1195 1258 recto;
1209 1183 1322 1244 lnedlt.
1338 1183 1474 1257 mucan,
1488 1199 1519 1260 p.
1538 1185 1621 1262 tn.)

330 1381 376 1449 lle
388 1377 545 1450 mandem
560 1377 731 1472 imperiali
740 1381 831 1472 sacto
842 1401 902 1474 per
913 1379 1111 1472 mnpistrum
1123 1381 1260 1450 Petrum
1275 1379 1315 1450 de
1334 1381 1434 1452 Vinea
1447 1379 1576 1474 scripsit
1592 1383 1632 1452 P.
1653 1379 1694 1452 de

290 1499 403 1598 Copam
422 1529 436 1570 .·

327 1624 543 1716 Fredericns,
559 1637 642 1716 etc,
662 1623 704 1696 R.
722 1621 767 1696 de
782 1621 998 1718 hlontenigro
1012 1625 1198 1718 justitiario
1215 1626 1317 1696 Terre
1334 1625 1488 1718 Laboris,
1502 1636 1568 1699 ete.
1586 1625 1694 1700 Gene-

282 1749 352 1821 rale
368 1759 484 1822 nostre
501 1748 687 1842 majestatis
705 1747 857 1820 edictum
877 1769 983 1844 super
1008 1748 1229 1846 publicandis
1253 1747 1353 1820 bonis
1378 1771 1497 1822 eorum
1523 1749 1568 1822 de
1589 1773 1695 1845 regno

266 1873 340 1963 ·qni
357 1883 433 1966 post
452 1872 715 1968 prohibitionem
735 1881 884 1944 nostram
902 1871 994 1944 cirea
1013 1893 1139 1968 papam
1157 1883 1395 1967 presumerent
1411 1873 1628 1962 commorari,
1648 1872 1695 1947 ad

280 2005 315 2068 te
338 1997 410 2088 jam
442 1995 616 2068 credimus
644 1995 854 2092 pervenisse.
881 1995 1000 2091 Nuper
1027 1995 1118 2069 scias
1142 1995 1193 2090 (a)
1221 1995 1267 2067 ad
1292 1995 1506 2068 audientiam
1537 1997 1696 2072 culminis

281 2120 387 2192 nostri
402 2119 494 2194 lama
509 2122 679 2195 referente
696 2121 854 2216 pervenit
870 2119 966 2214 quod
983 2128 1022 2192 tn
1040 2121 1131 2192 bona
1148 2119 1301 2214 magistri
1316 2119 1482 2192 lobannis
1497 2119 1542 2194 de
1559 2120 1696 2194 Caserta

279 2265 348 2337 qne
373 2243 480 2316 hahet
504 2243 540 2315 in
560 2243 678 2340 Capua
706 2253 741 2315 et
762 2242 917 2332 Aversa,
940 2243 1003 2338 qni
1025 2243 1141 2316 adhuc
1161 2251 1325 2340 tanquam
1356 2243 1557 2316 temerarius
1585 2254 1694 2316 trans·

279 2389 418 2460 grassor
429 2365 583 2439 mandati
597 2365 704 2440 nostri
721 2367 869 2440 incuria
885 2365 1002 2464 papali
1019 2389 1088 2439 uon
1100 2377 1152 2440 est
1166 2367 1298 2439 veritus
1315 2369 1532 2457 commorari,
1548 2367 1594 2442 ad
1605 2391 1694 2464 opus

279 2499 395 2563 nostre
419 2491 516 2564 curie
537 2513 607 2564 non
633 2491 767 2586 cepisti.
788 2489 937 2577 Quodsi
956 2512 1080 2564 verum
1107 2499 1178 2581 est,
1207 2489 1314 2582 digne
1341 2492 1456 2564 mirari
1479 2493 1635 2588 cogimur
1660 2505 1695 2566 et

279 2614 424 2700 moveri,
445 2615 623 2708 presertim
638 2637 718 2687 cum
734 2614 774 2687 ll.
790 2635 905 2687 onmes
922 2613 1058 2687 Caserte
1073 2614 1240 2687 vellentne
1255 2623 1290 2686 et
1307 2611 1418 2686 fidelis
1434 2625 1550 2688 noster
1567 2636 1609 2688 ea
1624 2638 1694 2710 que

281 2737 394 2810 dictus
407 2737 581 2811 lohannes
597 2737 709 2810 tenuit
723 2737 761 2809 in
776 2737 912 2810 Caserta
924 2737 970 2810 ad
981 2759 1070 2833 opus
1082 2759 1184 2809 sunm
1195 2738 1269 2829 jam
1283 2737 1402 2810 lecerit
1415 2738 1587 2810 annotari.
1605 2741 1693 2810 Cum

279 2860 384 2954 igitur
393 2859 525 2933 dictum
538 2861 738 2954 magistrum
749 2859 939 2933 lobannem
950 2859 995 2934 de
1008 2859 1210 2953 hujusmodi
1225 2869 1489 2955 presumptuosa
1503 2862 1693 2934 temeritate

279 3005 342 3055 sua
357 2984 513 3077 gaudere
527 2983 695 3070 nolimus,
714 2981 869 3056 fidelitati
893 2992 953 3056 tue
974 2981 1116 3057 firmiter
1137 2983 1359 3080 precipiendo
1377 2983 1584 3056 mandamns
1605 3005 1692 3076 qna·

279 3115 380 3179 tenus
400 3107 626 3180 incontinenti
650 3107 797 3202 receptis
818 3107 885 3204 hys
910 3106 1037 3181 lictoris
1058 3107 1152 3180 bona
1176 3106 1312 3200 singula
1330 3106 1439 3202 ipsius
1462 3115 1533 3180 tam
1551 3105 1694 3180 mobilia

280 3251 384 3324 quam
401 3230 538 3303 stabilia
552 3229 589 3301 in
602 3229 719 3325 Capua
732 3241 768 3302 et
781 3229 914 3303 Aversa
928 3229 976 3303 ad
991 3251 1081 3326 opus
1094 3239 1210 3304 nostre
1225 3231 1320 3303 curie
1333 3230 1449 3326 capias
1462 3240 1497 3302 et
1513 3228 1694 3325 diligenter

280 3351 387 3424 iacias
408 3353 585 3426 custodiri.
607 3354 780 3448 Quicquid
795 3354 899 3426 etiam
922 3375 944 3425 a
968 3363 1120 3448 tempore
1144 3353 1385 3448 prohibitionis
1402 3365 1517 3426 nostre
1534 3355 1695 3430 debonis

281 3475 443 3569 predictis
461 3489 659 3572 perceptum
675 3475 749 3552 fore
763 3477 939 3550 inveneris
958 3485 1020 3548 aut
1044 3477 1264 3570 aliquatenus
1288 3477 1516 3565 diminutum,
1542 3477 1589 3550 ad
1607 3501 1695 3573 opus

280 3609 435 3672 nostrum
451 3601 557 3696 recipi
575 3603 682 3675 iacias
698 3611 733 3674 et
750 3601 896 3689 servari,
910 3599 1140 3694 rescripturus
1155 3599 1255 3672 nobis
1272 3621 1335 3696 per
1352 3601 1488 3674 lieteras
1501 3609 1580 3674 tuas
1594 3601 1694 3696 quic·

281 3722 368 3816 quid
384 3722 470 3796 inde
486 3723 630 3796 duxeris
648 3723 866 3816 laciendum3
891 3723 976 3812 tale,
994 3731 1060 3795 etc.

328 3847 452 3918 Datum
470 3847 565 3939 apud
582 3845 757 3940 Aretium,
778 3847 844 3920 XX
853 3846 1027 3939 januarii,
1045 3845 1122 3917 Xlll
1137 3845 1348 3918 indictionis.

328 3969 377 4039 De
393 3969 551 4042 mundato
566 3969 732 4066 inperiali
752 3973 841 4062 secto
854 3993 918 4064 per
938 3970 1135 4062 mopistrum
1157 3969 1293 4040 Petram
1317 3967 1357 4039 de
1384 3970 1485 4040 Vinea
1500 3971 1631 4064 scripsit
1649 3973 1691 4044 P.

283 4089 322 4160 de
335 4091 453 4185 Capttu
467 4115 478 4158 .·

328 4213 544 4304 Fredericus‚
558 4225 642 4308 etc,
652 4217 694 4289 n.
707 4214 893 4308 justitiario
904 4215 1008 4286 Terre
1020 4213 1173 4304 laboris,
1184 4223 1250 4286 etc.
1263 4213 1436 4286 intellexit
1446 4235 1558 4310 nuper
1569 4214 1695 4286 sereni·

282 4319 459 4410 tas'nostra
470 4339 567 4433 quod
578 4360 658 4412 uum
673 4337 807 4414 dudum
820 4338 1019 4430 generalem
1034 4336 1298 4432 prohihitionem
1309 4337 1494 4410 fecerimus
1503 4336 1695 4432 specialiter

282 4459 479 4534 hominibus
497 4463 596 4558 regni
612 4463 720 4536 nostri
738 4472 778 4534 ut
795 4463 911 4534 nullus
934 4469 1128 4532 nostrorum
1150 4458 1304 4533 fidelium
1325 4462 1464 4556 papales
1480 4461 1615 4534 lieteras
1631 4461 1694 4534 ali·

284 4604 370 4675 quas
393 4584 543 4658 deferret
568 4587 605 4657 in
629 4607 776 4680 regnum
802 4605 867 4657 nec
892 4583 936 4656 de
964 4604 1070 4677 regno
1097 4604 1178 4655 eum
1205 4585 1380 4678 aliquibus
1405 4585 1533 4658 licteris
1559 4585 1622 4658 iret
1648 4583 1694 4656 ad

326 4781 368 4864 (a)
389 4785 454 4859 Βίας
468 4787 542 4848 dum
555 4787 714 4868 legendum
727 4787 876 4850 videretur
889 4791 986 4852 worm
999 4787 1046 4848 rel
1058 4785 1239 4865 hujusmodl.
