4468 6010
267 658 361 720 lanam.
381 655 445 736 ta]
714 653 911 716 tttsroattt
935 653 1229 718 otanotttt'ttct.
1618 657 1678 724 't'tlt

267 789 509 864 habitationem
531 787 688 881 Auguste
711 809 782 861 nou
807 787 985 879 deserant,
1011 787 1074 862 ssd
1099 787 1229 861 ibidem
1254 798 1330 884 post
1353 791 1511 886 pmdiota
1537 795 1678 869 servitia

266 923 491 987 revertuntur.
510 913 561 984 De
575 911 774 984 bominibus
790 911 968 1006 quondam
985 911 1160 986 Centurbii
1181 923 1217 984 et
1233 911 1362 1008 Capicii
1376 917 1437 1008 qui
1453 917 1678 992 inveniuntur

263 1060 323 1134 per
337 1035 712 1134 partesjurisdictiouis
725 1037 937 1129 memorari,
952 1057 1030 1109 cum
1047 1035 1283 1129 generalitate
1297 1047 1414 1112 nostra
1432 1041 1534 1112 tuerit
1545 1043 1677 1134 majes-

263 1173 332 1236 tate
349 1161 552 1235 mandatum
571 1169 611 1232 ut
626 1181 748 1232 omues
760 1181 799 1234 se
815 1160 1021 1234 Panormum
1039 1159 1085 1232 ad
1102 1159 1329 1234 habitandum
1348 1163 1556 1255 conterrent,
1575 1187 1677 1238 man-

263 1285 388 1358 damus
407 1295 447 1358 ut
465 1285 676 1379 ubicumque
701 1283 854 1377 aliquem
875 1305 921 1356 ex
939 1284 991 1356 eis
1008 1304 1070 1378 per
1084 1283 1358 1375 jurisdictionem
1381 1295 1476 1358 tuam
1501 1289 1678 1363 inveneris

263 1430 368 1504 cogas
384 1417 425 1479 ut
441 1428 479 1480 se
496 1429 575 1480 cum
590 1406 719 1480 familia
735 1429 798 1480 sua
814 1407 860 1480 ad
873 1405 1101 1480 habitandum
1120 1407 1272 1480 conterat
1285 1407 1321 1478 iu
1338 1409 1558 1484 Panormum.
1576 1413 1678 1498 Quod

263 1542 380 1606 autem
401 1529 603 1626 significasti
620 1531 777 1605 homines
795 1530 1046 1624 jurisdictionis
1061 1538 1121 1603 tue
1138 1531 1223 1604 citra
1241 1531 1370 1604 llumen
1388 1533 1526 1606 Salsum
1544 1535 1580 1606 in
1597 1558 1676 1632 par·

264 1658 356 1730 tibus
380 1658 469 1729 ultra
492 1655 622 1730 flumen
644 1656 781 1728 Salsum
802 1676 824 1728 a
843 1663 975 1728 secreto
996 1665 1031 1728 et
1052 1655 1241 1746 justiciario
1263 1654 1424 1748 impediri
1449 1679 1556 1754 super
1577 1657 1679 1734 delo-

263 1781 383 1854 reudis
401 1780 438 1852 in
459 1779 582 1854 domos
601 1801 682 1852 snas
700 1777 909 1852 victualibus
934 1787 970 1850 et
992 1777 1069 1849 aliis
1093 1778 1197 1849 rebus
1219 1797 1339 1850 corum
1364 1777 1410 1850 de
1430 1781 1586 1874 partibus
1612 1781 1679 1856 illis

263 1908 416 1998 siquam
432 1927 495 1978 eos
513 1903 562 1976 ibi
577 1904 704 1976 babere
720 1903 901 1996 contingit,
921 1902 1101 1974 occasione
1118 1899 1215 1994 quod
1237 1900 1321 1972 eitra
1338 1901 1466 1974 tlumeu
1482 1916 1676 1996 morantur,

262 2049 369 2122 super
386 2049 457 2122 quo
476 2026 618 2121 predicti
638 2025 756 2100 fideles
776 2025 882 2098 nostri
901 2033 1090 2118 gravantur
1108 2045 1179 2094 non
1196 2021 1350 2114 modice,
1377 2045 1457 2096 ecce
1474 2027 1570 2120 quod
1594 2051 1679 2124 pre-

263 2151 365 2224 dictis
377 2150 565 2243 justitiario
579 2159 614 2222 et
630 2158 761 2222 secreto
776 2147 983 2222 mandamus
1001 2156 1039 2219 ut
1055 2147 1121 2220 boo
1140 2146 1322 2218 occasione
1335 2147 1487 2241 predicta
1503 2153 1590 2225 ultra
1609 2175 1679 2227 uon

264 2275 409 2364 taciant,
429 2295 507 2346 eum
525 2295 595 2346 una
611 2273 657 2345 sit
672 2272 767 2368 regio
789 2273 869 2344 licet
884 2271 1083 2344 officialium
1101 2269 1318 2344 diversorum
1336 2273 1469 2346 ratione
1484 2274 1611 2350 divisa.
1630 2279 1680 2350 De

262 2398 432 2470 militibus
451 2397 641 2491 peregrinis
658 2397 719 2490 qui
736 2405 817 2469 sunt
833 2396 869 2467 in
885 2395 1043 2490 partibus
1060 2395 1146 2490 ipsis
1163 2404 1197 2466 et
1213 2395 1387 2466 licentiam
1400 2405 1522 2490 petunt
1540 2400 1677 2473 emendi

263 2542 373 2615 equos
397 2531 432 2592 et
455 2521 567 2592 mulos
589 2519 768 2593 ducendos
790 2520 961 2614 inpartes
982 2519 1240 2607 ultramarinas,
1265 2520 1426 2592 uolumus
1446 2521 1542 2614 quod
1566 2545 1680 2597 emere

263 2643 466 2736 hujusmodi
483 2645 696 2738 equitaturas
710 2645 894 2740 permistas
909 2643 1066 2735 eosdem
1084 2666 1164 2715 cum
1184 2664 1245 2738 pro
1257 2643 1517 2716 imminentibus
1531 2649 1679 2740 negotiis

263 2769 389 2842 nostris
407 2767 554 2842 velimus
569 2789 690 2841 omnes
708 2779 823 2864 partes
845 2769 943 2862 regni
964 2768 1070 2841 nostri
1087 2765 1288 2860 hujusmodi
1303 2767 1512 2840 animalibus
1529 2791 1599 2842 nou
1618 2793 1680 2844 ca-

264 2914 351 2966 rere.
385 2895 436 2965 De
468 2893 626 2986 quinque
652 2893 811 2966 scuteriis
839 2891 1016 2987 quondam
1045 2891 1186 2965 blatthei
1220 2889 1437 2964 Marebatabo
1462 2894 1583 2965 secreti
1617 2897 1679 2988 qui

264 3028 419 3112 tompore
444 3016 566 3088 mortis
590 3018 666 3109 ejus
695 3017 787 3112 capti
810 3017 950 3089 luerunt
969 3037 1012 3089 eo
1032 3014 1130 3110 quod
1157 3015 1241 3088 dare
1262 3023 1345 3086 tunc
1370 3012 1589 3107 fidejussores
1609 3039 1679 3090 uon

263 3149 466 3235 potueruut,
480 3161 561 3212 oum
578 3141 663 3214 tales
678 3159 747 3213 non
761 3139 888 3214 tuerint
901 3139 963 3233 qui
979 3139 1064 3212 dare
1077 3139 1210 3234 possint
1219 3137 1360 3212 cosdem
1373 3159 1439 3210 nec
1453 3138 1548 3232 qnod
1562 3141 1680 3234 aliqua

264 3264 411 3359 suspitio
435 3263 556 3337 haberi
578 3263 695 3338 valeat
717 3263 763 3336 de
788 3262 938 3354 eisdem,
960 3261 1123 3336 volumus
1148 3271 1185 3334 et
1205 3259 1413 3334 mandamus
1429 3271 1469 3332 ut
1492 3282 1551 3334 eos
1573 3264 1681 3337 iacias

264 3387 404 3460 liberari
423 3397 457 3462 et
479 3387 577 3460 abire
602 3387 796 3482 permistas.
816 3387 867 3460 De
892 3385 1036 3460 medicis
1055 3406 1141 3458 vero
1158 3385 1333 3479 oirorgicis
1359 3385 1396 3456 in
1419 3385 1504 3480 ipsis
1524 3389 1681 3482 partibus

263 3509 459 3585 satuendis
476 3511 684 3584 mandamus
699 3519 739 3582 ut
759 3532 869 3582 uuum
887 3521 948 3584 aut
970 3508 1060 3582 duos
1077 3530 1124 3582 ex
1145 3509 1196 3581 eis
1213 3507 1352 3597 fideles,
1372 3507 1518 3582 idoneos
1536 3521 1572 3582 et
1592 3532 1681 3605 qnos

264 3635 444 3729 peritiores
455 3654 532 3708 esse
544 3633 747 3725 cognoveris
758 3633 888 3706 debeas
899 3631 1073 3723 ordinare,
1087 3631 1149 3726 qui
1161 3641 1292 3703 ceteros
1306 3631 1551 3704 aliosofficium
1564 3633 1680 3728 ipsum

265 3779 430 3832 exerome
462 3757 616 3832 volentes
644 3757 846 3831 examinare
872 3755 1024 3831 debeant
1055 3755 1238 3850 diligenter
1265 3756 1368 3847 juxta
1399 3757 1680 3831 constitutionum

265 3891 460 3955 nostrarum
472 3889 642 3972 tenorom3
656 3881 845 3954 examinati
861 3900 946 3954 vero
963 3891 998 3952 et
1013 3881 1191 3975 approbati
1211 3901 1272 3975 par
1291 3900 1351 3954 sos
1367 3901 1448 3952 cum
1465 3881 1591 3954 lictcris
1609 3891 1682 3954 tes-

266 4005 503 4078 timonialibus
522 4003 725 4078 eorumdem
749 4006 891 4078 veniant
912 4005 969 4078 vel
987 4004 1172 4076 mietautur
1193 4003 1239 4078 ad
1258 4003 1389 4076 curiam
1407 4014 1558 4078 nostram
1580 4007 1680 4079 stibi

265 4127 417 4200 officium
437 4127 552 4221 ipsum
575 4127 744 4223 recipient
765 4125 1012 4202 exercendum.
1031 4127 1082 4198 Tu
1106 4148 1191 4200 vero
1213 4127 1355 4200 nomina
1377 4148 1497 4200 eorum
1519 4149 1609 4220 quos
1635 4130 1682 4202 ad

265 4249 332 4322 boc
349 4250 510 4323 statueris
531 4250 625 4324 curie
646 4260 762 4324 nostro
785 4249 912 4324 debeas
932 4250 1150 4324 denuntiare.
1172 4251 1277 4335 Quod
1296 4260 1413 4323 autem
1431 4249 1634 4343 significasti
1648 4263 1682 4324 te

266 4373 403 4447 dudum
421 4375 581 4448 veniente
600 4375 748 4448 ilenrico
769 4374 904 4450 Abbate
922 4373 1017 4447 fideli
1036 4384 1153 4446 nostro
1175 4373 1221 4446 ad
1246 4383 1358 4468 partes
1379 4374 1494 4446 Sicilie
1513 4395 1575 4468 pro
1593 4376 1681 4446 reci·

266 4495 396 4591 pienda
410 4497 559 4592 pecunia
574 4499 670 4572 curie
686 4507 801 4572 nostre
816 4507 851 4572 et
863 4497 910 4571 ad
924 4518 987 4570 uos
1003 4496 1205 4589 deierando,
1222 4497 1356 4568 misisse
1372 4497 1419 4569 ad
1433 4517 1513 4569 eum
1535 4498 1571 4567 in
1590 4498 1681 4570 bles·

267 4639 352 4692 sana
363 4619 554 4714 quamdam
566 4622 713 4716 pecume
728 4621 957 4717 quantitatem
970 4642 1077 4715 quam
1090 4621 1214 4694 eodem
1230 4621 1379 4695 ilenrico
1394 4641 1463 4693 nou
1481 4621 1621 4694 invento
1635 4622 1681 4695 ad

267 4751 301 4815 te
316 4743 431 4814 nuntii
449 4745 655 4836 retulerunt,
673 4745 718 4820 ds
731 4765 800 4842 qua
816 4756 852 4820 et
868 4745 914 4820 de
931 4745 1000 4818 alia
1019 4745 1124 4818 etiam
1141 4767 1211 4839 que
1229 4743 1446 4840 pervenitad
1462 4767 1584 4816 manus
1605 4756 1681 4818 tuas

347 4865 388 4928 V.
410 4881 500 4925 rma.
1481 4877 1518 4926 as
