4384 6004
1019 639 1233 706 rruuruucr
1256 643 1430 706 5555555
1743 639 1823 724 [555
1841 641 1926 709 rest.

330 1222 484 1320 ggggtg·
575 1203 808 1314 Fridericus,
828 1209 1088 1293 Romanorum
1106 1209 1326 1318 imperator,
1347 1210 1542 1320 magistris
1560 1211 1705 1294 ordinis
1722 1213 1928 1296 Praedica-

328 1329 355 1372 ¹⁷
368 1330 482 1374 asam.
523 1349 651 1422 torum
669 1343 773 1450 apud
790 1341 954 1424 Parisios
976 1341 1017 1422 in
1034 1341 1201 1451 capitulo
1227 1342 1441 1426 constitutis
1468 1345 1622 1452 exponit
1640 1347 1784 1428 damna
1809 1357 1849 1428 et
1869 1345 1930 1430 os-

523 1475 651 1556 sensas
673 1497 771 1582 quas
790 1499 813 1555 a
832 1497 984 1557 summo
1001 1473 1181 1583 pontifice
1198 1475 1400 1584 acceperit,
1421 1487 1626 1586 monetque
1643 1503 1693 1560 ne
1714 1478 1932 1588 permittant

523 1603 673 1714 aliquos
692 1603 827 1687 iratres
844 1605 991 1689 ordinis
1008 1605 1181 1716 ejusdem
1197 1631 1287 1689 cum
1305 1606 1439 1692 litteris
1462 1617 1500 1690 et
1523 1607 1776 1719 legationibus
1802 1621 1934 1700 555155

524 1762 564 1848 55
590 1747 627 1820 51
652 1737 856 1847 imparium
880 1763 949 1846 per
977 1737 1112 1822 orbem
1142 1739 1374 1846 discurrere,
1402 1764 1492 1822 cum
1521 1765 1600 1826 non
1627 1742 1758 1826 demat
1782 1767 1933 1827 sacrum

523 1895 657 1954 eorum
674 1870 927 1954 ministerium
946 1869 1077 1981 litigiis
1095 1896 1348 1979 personarum
1366 1872 1586 1956 immisceri.

606 2085 701 2162 (Edld
713 2084 856 2158 11555555,
868 2080 979 2145 dcccl.
989 2081 1098 2161 555155,
1111 2087 1224 2145 555115.
1234 2085 1358 2164 Batou,
1372 2091 1396 2146 t.
1408 2086 1494 2159 11111,
1505 2105 1537 2165 5.
1551 2094 1694 2162 555555,
1705 2087 1745 2148 ad
1756 2105 1829 2150 ann.
1844 2097 1931 2166 1145,

643 2189 761 2267 svll1;
777 2191 1011 2251 5555551151555
1021 2207 1091 2251 cum
1101 2192 1201 2251 5551155
1212 2190 1369 2270 vadarno,
1385 2201 1418 2252 51
1432 2200 1524 2272 4557,
1538 2192 1591 2256 151.
1609 2191 1673 2272 15.)

572 2377 782 2466 Fridericus,
802 2375 865 2448 Dei
886 2376 996 2467 355115
1018 2378 1252 2450 Romanorum
1275 2377 1463 2472 imperator
1480 2397 1615 2473 semper
1639 2389 1827 2473 augustus,
1848 2391 1931 2471 etc,

524 2499 782 2574 venerabilibus
796 2499 969 2594 magistris
986 2499 1074 2572 sacri
1090 2499 1224 2573 ordinis
1243 2501 1385 2572 fratrum
1401 2499 1659 2574 Predicatorum
1676 2501 1770 2596 apud
1789 2503 1935 2576 Parisios

525 2624 729 2712 constitutis,
745 2623 817 2694 suis
830 2623 865 2693 in
879 2621 1012 2695 Christo
1030 2620 1183 2713 dilectis,
1205 2621 1241 2692 in
1261 2643 1346 2696 vero
1363 2623 1505 2696 salutari
1522 2624 1644 2698 salutis
1659 2635 1885 2719 augmentum
1902 2634 1936 2700 et

524 2749 645 2842 gratia.
662 2747 842 2820 Gratanter
857 2747 1052 2841 accepimus
1068 2745 1164 2840 quod
1180 2767 1201 2818 5
1223 2745 1370 2820 dirersis
1390 2746 1512 2820 mundi
1527 2747 1681 2842 partibus
1696 2758 1937 2822 concurrent&

525 2872 599 2944 sitis
624 2871 659 2942 in
686 2870 772 2942 55155
795 2869 945 2942 Parisius
961 2869 1170 2942 unanimiter
1186 2870 1405 2962 congregati,
1427 2870 1631 2943 celebraturi
1655 2871 1938 2945 solemncannuo

526 3015 620 3066 more
640 2993 822 3087 collegium
839 2993 885 3065 ad
903 2992 1010 3065 robur
1027 2991 1193 3066 catholice
1209 2991 1290 3066 fidei
1307 3001 1342 3064 51
1362 2993 1540 3088 5555151151
1557 2992 1729 3087 dogmatis
1745 2993 1937 3068 firmamen-

527 3125 613 3189 tum.
631 3116 732 3201 Quod
744 3137 880 3188 summo
893 3117 968 3188 zelo
981 3115 1195 3209 collegimus,
1210 3115 1401 3188 5555155155
1412 3115 1619 3190 emulatione
1633 3115 1754 3190 diviua
1769 3117 1800 3190 si
1815 3127 1938 3190 551555

527 3240 718 3335 specialiter
733 3237 929 3332 indulgeret
951 3237 1047 3332 quod
1071 3259 1216 3332 persona
1235 3247 1351 3312 nostra
1374 3239 1558 3333 imperialis
1578 3239 1768 3334 reipublice
1790 3240 1938 3334 negotiis

528 3371 696 3458 occupata
719 3370 869 3434 nostram
897 3361 985 3434 inter
1009 3383 1072 3434 vos
1096 3361 1300 3456 presentiam
1323 3361 1570 3454 commodaret,
1598 3362 1635 3433 in
1662 3372 1848 3458 conspectu
1869 3373 1938 3436 1555

529 3495 646 3559 555515
659 3483 888 3556 multitudiuis
906 3485 1006 3576 cujus
1019 3485 1113 3557 cultu
1131 3493 1311 3578 vegetatur
1324 3493 1359 3556 et
1377 3485 1507 3578 regitur
1524 3485 1589 3558 cali
1601 3485 1735 3578 religio,
1754 3487 1837 3558 viva
1855 3507 1939 3560 voce

530 3613 736 3703 proponeret
747 3616 876 3700 quanta
891 3627 954 3678 uos
967 3616 1073 3700 55351
1085 3608 1205 3680 5155515
1217 3608 1371 3680 Romano
1383 3607 1521 3702 5555515
1535 3617 1745 3702 suggerente
1755 3607 1936 3698 dissensio,

530 3731 652 3823 quales
664 3741 699 3802 et
711 3738 796 3824 quot
808 3727 884 3802 vias
897 3728 1135 3824 paraverimus
1151 3731 1333 3825 prevenire
1347 3739 1506 3804 55551555
1519 3730 1743 3804 dissensionis
1756 3730 1936 3825 originem,

534 3863 570 3926 ut
588 3864 754 3949 concepta
769 3853 973 3928 desisterent
991 3853 1190 3948 priusquam
1207 3855 1323 3926 illicite
1340 3853 1572 3948 generationis
1584 3854 1781 3927 1555555515
1798 3855 1940 3930 materis

531 3977 691 4051 abortum
707 3998 808 4073 passa
826 3977 941 4067 155511,
960 3985 996 4050 51
1010 3977 1045 4048 15
1060 3978 1219 4070 35555515
1230 3976 1354 4050 mundi
1370 3977 1571 4050 scandalum
1584 3977 1761 4052 licentiosa
1774 3977 1937 4074 prodiret.

532 4099 722 4174 Accederst
737 4101 840 4172 etiam
858 4099 948 4172 votis
970 4101 1143 4173 nostriset
1162 4099 1201 4174 id
1221 4121 1337 4174 coram
1356 4099 1456 4174 vobis
1474 4101 1519 4174 ab
1535 4121 1597 4174 ore
1612 4110 1728 4176 nosue
1746 4121 1833 4176 5555
1851 4101 1941 4174 5551-

534 4225 613 4298 dica
630 4235 806 4298 resonaret
817 4223 914 4318 quod
927 4245 1010 4319 sepe
1027 4224 1129 4297 nimis
1142 4225 1328 4297 institimus
1341 4225 1427 4298 tanti
1445 4224 1526 4298 mali
1539 4223 1716 4320 principiis
1727 4223 1944 4320 processibus

533 4349 694 4440 obviare,
716 4348 783 4420 uisi
800 4355 994 4420 nostrorum
1016 4349 1110 4420 aelus
1125 4345 1319 4422 infidelium
1337 4348 1399 4442 qui
1417 4349 1495 4442 plus
1513 4367 1622 4442 equo,
1641 4349 1720 4441 plus
1735 4347 1828 4420 licito
1845 4367 1945 4418 men·

535 4480 604 4543 tem
631 4471 807 4565 exagitant
831 4470 938 4544 nostri
964 4470 1127 4566 principis
1153 4469 1395 4564 sacerdotum,
1423 4471 1635 4566 propositum
1662 4479 1698 4542 et
1720 4469 1946 4543 intentionem

535 4594 646 4690 ipsius
662 4594 699 4665 in
716 4594 853 4688 incepto
875 4593 994 4685 etjam
1012 4593 1187 4668 invalente
1205 4593 1351 4668 dissidio
1366 4591 1614 4667 confirmasset.
1632 4592 1734 4678 Quod
1747 4593 1875 4684 justius
1888 4613 1947 4665 re-
2052 4617 2053 4625 ¹

538 4737 662 4789 vocare
675 4714 843 4816 debuerat
856 4714 1027 4810 generalis
1040 4716 1164 4790 mundi
1185 4715 1374 4812 ruinaque
1394 4716 1571 4812 sequitur,
1594 4716 1681 4810 quin
1696 4717 1810 4811 potius
1832 4715 1948 4788 cbris-
