4374 6010
535 656 596 718 85⁶2
1039 655 1253 717 FllllllilllCl
1279 653 1453 716 suctum
1759 651 1838 736 [An.
1859 651 1946 714 ΜΟ.

537 789 758 885 precipiendo
781 791 986 864 mandamus
1008 801 1179 885 quatenus
1203 790 1249 863 ad
1273 789 1530 884 requisitionem
1551 787 1634 860 dicti
1652 787 1694 859 G.
1716 807 1779 882 pro
1795 789 1948 881 eomple-

537 923 653 986 mento
672 915 788 1010 operis
809 914 987 987 domorum
1007 915 1176 986 dictarum
1193 913 1418 986 sufficientem
1438 911 1619 1005 pecuniam
1635 911 1765 983 debeas
1782 911 1950 982 exhibere

534 1041 636 1130 juxta
662 1037 756 1131 quod
780 1036 825 1109 de
849 1037 1011 1109 mandato
1025 1047 1142 1109 nostro
1158 1037 1272 1110 dictus
1288 1035 1332 1108 Α.
1355 1036 1400 1109 de
1417 1037 1529 1108 blarru
1548 1035 1662 1108 eidem
1682 1035 1864 1106 consuevit
1888 1055 1950 1128 pro

537 1159 660 1232 eodem
674 1181 778 1254 opere
790 1159 968 1232 exhibere.

587 1285 710 1354 Datum
725 1281 876 1369 Amelie,
892 1283 983 1354 XVll
998 1283 1128 1373 martii,
1148 1284 1225 1355 Xlll
1245 1283 1457 1358 indictionis.

586 1409 668 1478 llum
689 1407 801 1477 eodem
818 1407 873 1476 dic
890 1407 1140 1500 scriptumest:

588 1529 809 1616 Fredericus,
826 1541 908 1625 cto,
931 1529 972 1600 G.
993 1529 1039 1602 de
1056 1530 1185 1616 Cicala,
1211 1539 1278 1601 ete.
1303 1528 1442 1600 Dudum
1467 1527 1527 1599 tibi
1552 1527 1690 1600 dedisse
1712 1528 1896 1600 recolimus
1914 1529 1949 1600 in

540 1653 711 1726 mandatis
733 1664 771 1725 ut
792 1676 896 1750 super
916 1655 1131 1749 reparatione
1156 1654 1337 1726 domorum
1362 1653 1407 1726 de
1429 1653 1643 1725 Libabazano
1667 1661 1702 1725 ot
1728 1653 1808 1723 Gilii
1834 1653 1949 1724 Riboci

539 1779 918 1876 civium-,Romanorum
937 1778 972 1849 in
991 1779 1079 1851 Urbe
1096 1779 1293 1851 intenderes
1314 1801 1394 1851 cum
1422 1779 1570 1873 pecnnia
1588 1779 1683 1850 curie
1706 1787 1822 1850 nostre
1844 1799 1949 1871 quam

409 1887 415 1904 '
540 1902 584 1974 ab
597 1901 729 1994 Angelo
747 1901 792 1974 de
805 1901 919 1973 llarra
935 1901 1061 1973 debeas
1083 1903 1249 1996 recipere,
1272 1901 1484 1996 adquorum
1503 1901 1752 1996 reparationem
1767 1899 1949 1972 domorum

541 2027 625 2098 dum
646 2025 778 2098 tamdiu
795 2025 993 2098 intenderes
1011 2047 1194 2120 quousque
1211 2025 1311 2099 luerit
1329 2026 1522 2098 necessaria
1540 2025 1688 2120 pecnnia
1707 2046 1768 2119 per
1786 2024 1949 2097 eumdem

540 2149 713 2240 Angelum
729 2149 934 2238 ministrata,
956 2151 1192 2222 intelleximus
1209 2149 1305 2245 quod
1323 2148 1446 2222 eodem
1460 2149 1504 2220 Α.
1524 2149 1569 2220 ab
1585 2148 1698 2220 officio
1717 2169 1780 2220 suo
1800 2157 1950 2220 ammoto

540 2273 586 2344 ab
604 2273 753 2366 ipsarum
773 2272 955 2345 domorum
971 2273 1184 2366 reparatione
1199 2282 1236 2345 tu
1253 2272 1455 2346 destitisses.
1472 2271 1522 2344 Ne
1538 2271 1644 2363 igitur
1663 2279 1799 2365 propter
1812 2292 1951 2366 expen-
2015 2355 2020 2364 .

540 2415 655 2465 sarum
681 2395 947 2468 subtractionem
971 2396 1258 2490 complementum
1282 2396 1435 2490 ipsarum
1458 2395 1640 2467 domorum
1665 2394 1814 2490 patiatur
1833 2393 1952 2466 delec-

541 2527 631 2604 tum,
648 2539 736 2612 quas
754 2519 894 2591 omnino
911 2519 1073 2591 volumus
1090 2518 1332 2613 percompleri,
1351 2539 1432 2590 ecce
1448 2517 1543 2611 quod
1556 2515 1724 2589 Riccardo
1746 2515 1791 2590 de
1807 2515 1951 2588 Pulcero

541 2640 664 2712 damus
680 2643 803 2713 nostris
819 2643 945 2714 licteris
961 2643 997 2713 in
1014 2643 1184 2715 mandatis
1200 2652 1239 2713 ut
1255 2641 1302 2713 ad
1317 2641 1578 2736 requisitionem
1593 2651 1688 2713 tuam
1712 2660 1773 2735 pru
1789 2637 1951 2711 domibus

540 2762 623 2856 ipsis
643 2763 865 2837 sufficientem
888 2766 1068 2860 pecuniam
1093 2764 1218 2838 debeat
1235 2763 1413 2840 exhibete.
1436 2765 1576 2858 Propter
1597 2761 1695 2858 quod
1716 2761 1873 2834 fidelitati
1893 2772 1953 2834 tue
2013 2779 2016 2786 ·

543 2885 762 2981 precipiendo
777 2887 981 2960 mandamus
996 2899 1169 2982 quatenus
1184 2911 1205 2960 a
1222 2888 1458 2983 prenominato
1471 2889 1513 2960 ll.
1531 2887 1712 2982 pecuniam
1725 2885 1952 2958 sufficientem

541 3012 695 3103 requiras
713 3022 748 3082 et
761 3013 917 3083 conseras
937 3022 971 3084 te
988 3012 1035 3084 ad
1049 3012 1192 3100 Urbem,
1212 3021 1247 3084 et
1258 3011 1301 3084 ad
1317 3013 1605 3107 complementum
1621 3011 1772 3106 ipsarum
1791 3009 1954 3081 intendas

541 3143 576 3204 et
590 3133 651 3204 des
666 3154 806 3228 operam
822 3135 916 3228 quod
929 3135 1083 3207 celeriter
1099 3136 1349 3228 compleantur,
1365 3137 1468 3226 juxta
1485 3133 1581 3228 quod
1597 3133 1659 3204 tibi
1681 3154 1785 3228 super
1801 3131 1869 3204 hoc
1883 3131 1952 3206 du·

543 3253 626 3324 dum
647 3255 806 3328 dedimus
820 3279 881 3352 per
894 3258 1023 3351 priores
1037 3269 1171 3331 nostras
1185 3257 1318 3329 licteras
1336 3259 1372 3328 in
1386 3255 1570 3329 mandatis.

590 3379 714 3448 [latum
734 3375 784 3475 [ut
802 3377 931 3478 supra}

754 3681 1738 3690 ——-—-—--——-.—-——-——-.—.————-

594 3954 772 4038 Mandata
797 3954 846 4034 de
872 3950 1093 4034 necessariis
1121 3950 1295 4058 expensis
1323 3949 1487 4034 Guidoni
1520 3949 1569 4031 de
1601 3949 1743 4033 Guusto
1769 3950 1956 4058 provisori

541 4097 753 4170 castrorum
780 4085 821 4164 in
851 4083 989 4191 Apulia
1015 4081 1237 4164 exhibendis
1268 4107 1351 4190 pro,
1364 4081 1499 4163 castris
1533 4081 1659 4163 curiae
1692 4091 1729 4164 et
1754 4082 1956 4191 praecipue

542 4231 665 4303 castro
683 4217 826 4300 ldronti
843 4215 1079 4324 reparandis.

625 4426 751 4506 (Περσεῖ.
764 4425 866 4503 imper.
879 4373 998 4482 l'rcdcr.
1011 4421 1051 4496 11,
1068 4421 1118 4482 iol.
1137 4429 1173 4482 89
1189 4425 1283 4492 τωως
1298 4421 1329 4480 lu
1343 4418 1415 4480 edlt.
1431 4418 1569 4492 cacan,
1584 4435 1615 4496 p.
1632 4415 1718 4499 380.)

591 4599 638 4666 De
652 4595 818 4689 imperiali
836 4593 995 4665 mundato
1012 4596 1100 4685 sacto
1112 4613 1175 4685 per
1195 4589 1363 4662 domim
1382 4588 1552 4661 Tuddcum
1572 4589 1705 4681 scripsit
1727 4591 1954 4662 Laurentius:

591 4719 805 4808 Fredericus,
818 4727 901 4806 etc,
914 4715 1061 4788 Gnidoni
1075 4715 1258 4787 deGuasto
1277 4713 1452 4809 provisori
1471 4725 1662 4786 castrorum
1675 4713 1711 4782 in
1728 4712 1869 4807 Apulia,
1885 4723 1953 4786 etc.
