4468 6010
243 688 340 747 lmen.
361 682 420 768 la]
691 687 883 750 HISTORIA
909 687 1203 750 ulsnottatlcn
1594 685 1655 750 815

243 821 388 894 miratus
403 819 523 894 statuit
534 821 571 892 in
584 823 740 896 Messana
756 823 803 897 ad
826 824 1105 919 cognoscendum
1125 821 1170 894 de
1185 821 1426 916 questionibus
1447 820 1535 892 inter
1551 821 1657 892 mari·

243 943 360 1016 narios
370 943 520 1038 agitatis,
536 968 639 1040 quem
653 947 777 1020 asseris
789 969 827 1020 sa
840 948 885 1020 de
896 949 962 1044 hys
974 947 1203 1018 intromictere
1215 966 1284 1016 non
1298 944 1426 1016 debere
1440 943 1507 1014 nisi
1524 951 1656 1014 tanturn

243 1085 325 1148 cum
350 1077 525 1159 armatur,
547 1071 709 1142 volumus
732 1081 772 1142 ut
796 1071 843 1145 da
867 1071 1109 1165 questionibus
1130 1089 1200 1164 que
1225 1068 1399 1141 derebus
1425 1067 1523 1160 galee
1544 1076 1657 1142 nostra

244 1189 403 1263 llessane
419 1193 559 1265 servitio
572 1193 733 1286 obligatis
743 1203 934 1268 nascuntur
945 1193 976 1292 (l
984 1195 1012 1288 ),
1027 1192 1190 1266 eumdem
1205 1191 1359 1284 judicem
1378 1190 1560 1284 parmictas
1578 1198 1656 1284 cog·

246 1334 409 1401 nosoere,
443 1317 533 1388 sieut
558 1327 761 1390 consuetum
794 1318 921 1390 dicitur
944 1317 1131 1402 hacoenns,
1157 1313 1269 1388 donec
1299 1335 1405 1409 super
1434 1314 1500 1386 hoc
1523 1313 1659 1408 plenius

246 1434 475 1532 disponamus
503 1447 538 1510 at
558 1439 741 1512 mictamus
768 1437 852 1513 inda
878 1439 940 1512 tibi
966 1449 1082 1512 nostre
1110 1437 1362 1532 beneplacitum
1386 1437 1587 1530 majestatis.
1610 1439 1660 1510 De

243 1558 479 1634 laonensibns
493 1563 555 1656 qui
573 1563 729 1636 Messana
742 1573 915 1636 morantes
932 1571 1062 1636 armata
1077 1583 1181 1634 manu
1201 1581 1322 1657 paoem
1340 1571 1492 1634 nostram
1512 1569 1548 1634 et
1565 1571 1659 1633 tran·

244 1683 450 1777 quillitatem
474 1685 670 1776 frangentes
695 1687 731 1758 in
752 1687 923 1780 quosdam
947 1687 1139 1759 Saonensas
1161 1683 1281 1757 fideles
1298 1694 1433 1758 nostros
1455 1684 1661 1756 insiluerunt

245 1806 281 1876 in
308 1808 423 1901 platea
448 1809 624 1899 Messana,
651 1811 688 1882 in
715 1832 826 1882 unum
850 1831 969 1884 eorum
994 1809 1167 1905 privatum
1191 1829 1361 1880 carcerem
1381 1819 1578 1882 cosroentes
1593 1807 1658 1904 (a),

245 1931 347 2021 cnjus
363 1929 414 2002 rei
428 1933 659 2025 cognitionem
672 1933 847 2026 objectum
866 1941 1000 2006 estnon
1015 1930 1061 2003 ad
1078 1940 1123 2021 tc,
1140 1931 1202 2004 sod
1217 1929 1263 2002 ad
1277 1929 1493 2022 stratigotum
1508 1931 1662 2003 Messene

245 2063 415 2148 spectare,
433 2056 545 2150 planet
558 2056 658 2130 nubis
673 2068 712 2129 nt
728 2057 867 2150 singula
882 2056 1074 2130 secundum
1087 2055 1182 2151 quod
1197 2054 1243 2127 ad
1261 2075 1406 2148 suaque
1423 2054 1568 2128 discreta
1581 2067 1663 2127 sunt

246 2185 405 2274 spectant
419 2179 532 2252 officia
547 2180 791 2272 terminantem
812 2192 850 2254 tu
872 2193 986 2255 tumen
1007 2181 1161 2277 predicto
1178 2179 1355 2274 stratigoto
1373 2178 1527 2252 districte
1546 2182 1663 2274 preci-

250 2303 323 2396 pias
338 2311 380 2372 nt
398 2303 562 2397 inquisita
576 2303 780 2400 diligentius
795 2306 953 2396 veritate,
971 2305 999 2378 si
1016 2328 1087 2378 rem
1106 2305 1278 2378 invenerit
1298 2305 1345 2376 ita
1360 2323 1453 2395 esse,
1474 2304 1662 2377 lannanses

245 2425 418 2519 predictos
433 2427 546 2520 capiat
559 2429 604 2500 de
620 2429 774 2522 persoms
790 2439 825 2500 et
838 2449 950 2523 usque
967 2429 1013 2502 ad
1031 2427 1232 2500 mandatum
1252 2436 1406 2500 nostrum
1429 2427 1530 2499 iaciat
1543 2437 1663 2500 custo-

248 2546 336 2635 diri,
364 2547 456 2620 sicut
480 2549 594 2622 eidem
621 2571 684 2622 nos
707 2551 811 2624 etiam
836 2551 1035 2623 mandatum
1058 2550 1240 2643 dirigimus
1262 2550 1424 2644 speciale.
1447 2551 1498 2622 De
1514 2549 1661 2646 pecnnia

248 2680 366 2742 autern
388 2672 530 2746 collecte
553 2673 689 2747 dudum
713 2674 871 2769 imponite
896 2697 958 2771 per
982 2674 1031 2746 M.
1057 2673 1311 2745 Marchalabam
1336 2695 1441 2768 super
1463 2673 1663 2746 hominibus

248 2794 392 2867 domine
407 2796 625 2870 Paternionis
644 2799 679 2870 in
704 2819 797 2872 annu
814 2799 978 2895 preterito
994 2799 1056 2870 xll
1076 2797 1291 2885 indictionis,
1317 2819 1421 2890 quam
1434 2799 1663 2889 recollegisse

246 2927 281 2990 te
294 2919 465 3014 scripsisti
484 2920 530 2992 ab
545 2921 609 3013 eis,
628 2930 663 2994 et
680 2922 725 2994 de
741 2922 889 3019 pecunia
907 2944 1011 3016 quam
1027 2921 1151 2994 dedisti
1173 2941 1236 3015 pro
1253 2919 1411 2992 lacienda
1434 2920 1598 2992 sambuca
1616 2921 1663 2993 ad

246 3062 333 3138 opus
350 3042 531 3116 karissime
550 3046 717 3117 consortis
739 3055 872 3138 nostre,
899 3045 1041 3117 culmini
1065 3055 1179 3116 nostro
1202 3045 1325 3139 placet.
1344 3044 1522 3116 Prisonum
1546 3053 1661 3115 autem

246 3165 344 3235 illum
360 3167 423 3258 qui
439 3165 590 3239 venitde
603 3168 756 3262 partibus
773 3169 1004 3240 ultramarinis
1020 3191 1098 3240 eum
1115 3167 1287 3241 Guaiterio
1303 3167 1348 3240 de
1363 3167 1512 3252 Fisaulo‚
1524 3167 1664 3258 jamdu-

246 3286 333 3359 dum
346 3287 395 3360 ad
411 3289 619 3382 presentiam
635 3301 786 3364 nostram
802 3293 923 3364 venire
944 3291 1198 3363 mandavimus.
1222 3293 1272 3363 De
1292 3291 1396 3362 rebus
1413 3289 1568 3362 similiter
1593 3289 1662 3362 de·

246 3411 383 3483 latisin
404 3414 487 3484 navi
510 3415 604 3486 curie
620 3423 735 3487 nostre
755 3437 825 3509 que
844 3425 988 3488 vocatur
1005 3415 1130 3508 Aquila
1155 3414 1200 3486 de
1228 3414 1382 3509 partibus
1408 3415 1657 3504 ultramarinis,

247 3555 329 3605 curn
343 3535 496 3608 rationes
511 3537 657 3609 velimus
671 3559 746 3610 esse
764 3535 927 3610 discretas
941 3547 977 3612 et
997 3539 1097 3609 navis
1114 3537 1265 3632 predicta
1285 3558 1353 3607 non
1371 3538 1472 3609 luerit
1492 3558 1556 3609 suo
1574 3547 1660 3608 tem·

249 3677 330 3750 pore
342 3665 484 3730 onerata
497 3681 563 3732 nec
576 3659 694 3752 missa,
711 3660 888 3755 scripsisse
902 3661 1083 3732 recolimus
1095 3659 1240 3732 iohanni
1262 3658 1306 3731 da
1318 3660 1424 3732 Ciolio
1438 3659 1530 3732 lidali
1546 3669 1660 3732 nostro

248 3781 309 3874 qui
325 3779 478 3853 Mattheo
493 3781 713 3856 llarchalaba
731 3793 866 3856 mortuo
886 3783 1004 3856 navim
1026 3785 1135 3879 ipsam
1153 3784 1293 3854 micterc
1313 3784 1525 3877 procuravit,
1544 3793 1582 3853 ut
1599 3803 1660 3855 eas

248 3901 294 3974 ad
310 3903 445 3975 curiam
465 3914 617 3978 nostram
636 3907 774 3996 miclat,
791 3929 871 3979 cum
887 3906 934 3980 ad
950 3929 1052 3978 suom
1069 3905 1226 3977 videatur
1240 3905 1456 3978 ratiocinium
1475 3905 1656 4000 pertinere.

248 4025 298 4096 lla
320 4027 454 4098 ratione
479 4027 636 4120 ejusdem
658 4029 823 4100 iohannis
849 4028 896 4102 de
918 4029 1024 4100 Ciolio
1047 4051 1151 4122 quarn
1174 4028 1237 4099 tibi
1259 4029 1490 4121 recipiendam
1511 4029 1659 4099 commi-

248 4144 374 4236 simus,
393 4147 553 4219 volnmus
570 4157 610 4220 nt
623 4170 700 4221 eam
716 4148 910 4222 secundum
926 4148 1212 4222 consuetudinem
1233 4147 1346 4222 doanc
1364 4151 1520 4245 recipias.
1538 4151 1659 4246 lnqui-

287 4307 331 4387 (ι)
353 4309 437 4371 mna
450 4327 520 4372 varo
531 4319 734 4388 mm,
750 4313 830 4373 nudo
842 4314 891 4374 hlc
904 4313 1061 4392 legendum
1075 4319 1121 4373 ast
1134 4320 1307 4374 exurentes.

841 4483 1087 4492 -ιι-...ι--ιι-ι--α
1095 4481 1653 4500 ...ιι-...ΨΜ

285 4577 322 4650 (t)
341 4577 420 4635 Hunc
432 4577 520 4636 locum
532 4549 735 4636 emendavimus
748 4593 764 4636 a
776 4581 849 4636 Patr.
864 4579 1016 4653 Vincentio,
1032 4581 1120 4638 Tanta.
1136 4581 1176 4638 de'
1192 4581 1295 4654 proed
1309 4581 1484 4655 ommtrnplt,
1498 4599 1526 4657 p.
1538 4587 1573 4641 20
1586 4583 1655 4656 (Na-

249 4673 317 4746 poli‚
335 4674 435 4746 raas),
451 4675 499 4747 qrri
511 4683 584 4734 reete
596 4675 774 4748 lragnnentnun
794 4675 889 4748 reiert,
908 4691 1020 4735 atrones
1039 4683 1128 4739 umen
1148 4679 1300 4737 Menandro
1318 4681 1372 4736 lito
1387 4679 1496 4737 tlenrici
1519 4681 1655 4738 ammirati

250 4769 355 4826 titulum
369 4769 506 4828 admisit.
