4564 6038
873 871 1186 935 lllllll'l'llblllN'l'A.

1281 1153 1519 1165 *ι*

460 1405 830 1494 DOCUMENTUM
864 1407 1171 1496 SUSPECTUM
1204 1406 1301 1492 SEU
1336 1406 1575 1494 SPURIUM.

367 1614 602 1722 Fridericus‚
634 1616 893 1700 Romanorum
931 1617 1153 1726 imperator,
1186 1615 1337 1726 Ligurio
1375 1614 1589 1698 Caracoiolo
1624 1613 1727 1698 fideli
1753 1634 1855 1680 m
1870 1633 1931 1678 ¹²³⁹·

315 1773 407 1857 suo,
428 1748 478 1832 ob
500 1749 636 1832 merita
657 1749 808 1832 servitia
831 1749 1013 1833 lobannis
1033 1748 1237 1833 Caracoioli
1261 1749 1373 1832 Russi
1398 1749 1446 1830 de
1469 1747 1626 1857 Neapoli
1654 1775 1729 1858 pa·

314 1879 384 1960 tris
411 1879 513 1988 ejus,
544 1881 585 1961 in
616 1891 841 1990 perpetuum
871 1882 1044 1965 concedit
1069 1882 1229 1966 feudum
1267 1882 1462 1991 quondam
1495 1881 1649 1964 lloberti
1681 1882 1729 1964 de

316 2013 443 2096 Concu
460 2012 500 2093 in
520 2013 660 2096 Caleno
679 2023 718 2096 et
733 2013 983 2122 pertinentiis.

399 2225 524 2306 (Edldlt,
540 2233 672 2289 attamen
689 2245 751 2289 non
764 2230 929 2308 lntegrum‚
943 2228 1127 2301 Aumuaro,
1142 2225 1268 2309 Fumlql.
1284 2225 1374 2289 nobil.
1393 2224 1513 2308 Napol„
1531 2245 1562 2306 p.
1588 2237 1661 2308 109,
1676 2231 1730 2308 qul

435 2332 494 2393 boc
507 2332 693 2410 prlvlleglum
709 2334 748 2394 ad
764 2350 835 2394 ann.
853 2341 930 2394 12³8
950 2333 1040 2394 refert
1055 2336 1169 2410 ecople
1183 2337 1306 2411 malque
1320 2341 1355 2395 ut
1374 2334 1463 2411 dicit,
1484 2337 1570 2412 cujus
1588 2333 1730 2413 originale

437 2439 501 2500 slve
513 2440 662 2519 integrum
676 2439 879 2518 apographum
892 2457 1040 2518 nusquam
1053 2438 1186 2518 prodiit.)

364 2619 576 2712 Fridcrious,
599 2621 662 2693 Dei
688 2619 799 2714 gratia
825 2621 1057 2692 Romanorum
1084 2619 1269 2714 imperator
1293 2640 1428 2715 semper
1455 2629 1641 2714 augustus,
1664 2643 1730 2694 rex

315 2742 528 2816 Hierusalem
545 2753 580 2816 et
597 2745 723 2818 Sicilie.
748 2744 946 2838 Augustalis
964 2743 1166 2816 excellentie
1188 2751 1271 2814 tunc
1290 2743 1468 2814 extollitur
1489 2744 1635 2830 solium,
1656 2752 1729 2816 tum

316 2867 372 2939 sui
397 2868 547 2941 nominis
566 2870 681 2941 titulos
703 2869 846 2964 ampliat
870 2889 950 2941 cnm
976 2868 1093 2960 dignis
1109 2867 1309 2940 meritorum
1331 2867 1471 2962 premiis
1497 2867 1730 2960 subjectorum

317 3001 516 3085 compensat
529 2992 714 3087 obsequia,
732 2992 870 3064 illorum
886 2991 1051 3087 precipue
1073 3013 1161 3086 quos
1179 2991 1314 3064 sincera
1330 2989 1419 3063 fides
1438 3000 1473 3063 et
1486 3013 1574 3086 pura
1590 2990 1731 3065 devotio

317 3114 432 3187 reddit
450 3124 623 3210 expertos.
645 3115 729 3188 lude
745 3114 906 3209 estquod
925 3137 989 3187 nos
1005 3115 1221 3188 attendentes
1235 3113 1340 3188 fidem
1356 3137 1479 3209 puram
1495 3123 1529 3186 et
1545 3124 1642 3207 grata
1659 3137 1732 3187 ser-

317 3239 404 3310 vitia
420 3240 571 3334 presenti
590 3239 698 3334 digna
720 3240 829 3312 relatu
855 3249 890 3311 et
917 3240 1033 3312 lutura
1056 3239 1234 3330 memoria,
1257 3259 1326 3333 que
1353 3238 1528 3333 quondam
1559 3239 1732 3313 lohannes

318 3363 532 3460 Cpracciolus
546 3364 677 3435 Russus
691 3362 736 3435 de
756 3363 910 3458 Neapoli,
928 3371 1024 3457 pater
1040 3363 1166 3456 Ligorii
1183 3363 1368 3435 Caracoioli
1386 3362 1496 3435 fidelis
1511 3364 1632 3453 nostri,
1655 3387 1732 3437 ma·

314 3487 429 3578 jestati
442 3495 559 3559 nostre
571 3508 707 3581 semper
721 3485 892 3576 exhibuit,
907 3494 942 3558 et
955 3487 1148 3580 specialiter
1159 3487 1256 3581 quod
1271 3486 1355 3560 dum
1367 3508 1429 3580 pro
1440 3486 1590 3560 servitiis
1606 3488 1732 3560 nostris

317 3619 352 3682 et
370 3610 504 3704 imperii
524 3610 708 3706 deputatus
725 3609 771 3682 ad
785 3609 978 3682 custodiam
995 3610 1097 3682 castri
1115 3611 1215 3697 lsole,
1234 3633 1255 3683 a
1272 3590 1398 3683 nostris
1416 3610 1604 3683 rebellibus
1619 3612 1733 3706 impu·

319 3743 444 3827 gnatus
463 3735 584 3806 maluit
610 3734 647 3804 in
674 3757 745 3806 una
772 3736 918 3806 turrium
943 3735 1143 3806 munitionis
1168 3735 1294 3829 ipsius,
1319 3755 1398 3806 cum
1426 3757 1464 3807 se
1489 3736 1637 3830 amplius
1663 3757 1733 3808 non

316 3865 433 3950 posset
447 3856 646 3949 defendere,
666 3857 747 3950 igne
758 3857 900 3930 cremari
914 3880 1020 3952 quam
1036 3879 1075 3930 se
1090 3869 1214 3952 sponte
1231 3858 1448 3930 inimicorum
1471 3859 1606 3932 tradere
1621 3869 1734 3954 potes-

320 3980 399 4072 tati;
422 3980 675 4054 considerantes
687 3981 788 4054 etiem
802 3981 1066 4075 quodLigorius
1080 3983 1235 4076 prelatus
1249 3991 1388 4076 paterne
1407 3981 1490 4054 lidei
1508 3983 1733 4056 constantiam

318 4104 487 4177 imitando
504 4113 600 4196 grata
619 4105 719 4177 nobis
741 4105 909 4199 obsequia
930 4105 1097 4178 exhibere
1116 4105 1239 4200 poterit
1255 4106 1290 4176 in
1312 4108 1486 4196 luturum;
1513 4105 1557 4178 de
1573 4107 1733 4200 benigni·

318 4225 398 4296 tatis
416 4235 531 4299 nostre
546 4227 656 4320 gratia
672 4250 743 4321 qua
760 4228 1004 4301 consuevimus
1026 4229 1117 4300 bene
1140 4229 1270 4300 meritis
1290 4227 1490 4322 providere,
1517 4229 1563 4302 ad
1588 4229 1734 4302 aliorum

320 4370 461 4443 quoque
473 4349 625 4422 fidelium
639 4361 835 4423 nostrorum
855 4350 998 4442 dignam
1018 4351 1241 4423 imitationem
1263 4352 1430 4446 exempli,
1449 4352 1573 4424 damus
1596 4361 1631 4424 et
1650 4373 1734 4424 con-

319 4472 476 4545 cedimus
499 4474 675 4547 nominato
693 4475 829 4568 Ligorio
850 4473 944 4547 fideli
970 4481 1085 4546 nostro
1108 4483 1143 4547 et
1166 4473 1355 4546 heredibus
1373 4477 1410 4547 in
1434 4485 1638 4572 perpetuum
1658 4477 1736 4547 leu-

318 4594 404 4669 dum
421 4597 518 4691 quod
533 4599 598 4670 tuit
615 4599 759 4672 Gerardi
772 4599 817 4672 de
831 4600 930 4695 Ripa,
949 4598 1046 4693 quod
1060 4599 1170 4671 tenuit
1188 4597 1355 4671 liebertus
1370 4599 1415 4672 de
1431 4599 1544 4674 Conca
1559 4599 1595 4672 in
1609 4599 1735 4672 Caleno

318 4729 354 4791 et
368 4721 581 4814 pertinentiis
595 4724 684 4816 ejus,
701 4731 737 4794 et
752 4744 846 4794 nunc
860 4723 973 4818 ipsum
986 4723 1082 4796 curia
1096 4731 1213 4796 nostra
1229 4731 1334 4810 tenet,
1351 4733 1415 4796 etc.
1435 4722 1522 4820 (sic).

804 4935 1254 4967 4...-
