4524 6012
279 705 373 766 trucr.
393 700 452 784 lb]
724 699 921 762 HISTORIA
944 697 1237 763 uteuortsurce.
1625 696 1684 758 687

281 838 422 914 modum
435 835 532 910 curie
547 844 662 908 nostre
674 834 886 930 quibusdum
897 835 1144 911 mercatoribus
1154 831 1350 923 naulinusti,
1363 853 1405 906 ec
1415 830 1512 926 quod
1521 833 1685 927 scripsisti

283 959 444 1032 victualia
460 967 576 1030 nostra
592 979 654 1030 seu
673 977 804 1031 merces
824 959 910 1031 alius
929 957 964 1030 in
987 957 1113 1053 Apulia
1137 979 1206 1030 non
1231 955 1404 1029 invenisse
1417 956 1545 1050 quibus
1564 953 1687 1029 cased

285 1083 494 1158 urcundum
518 1081 701 1158 utilitatem
724 1092 839 1156 nostre
862 1081 957 1156 curie
978 1102 1150 1156 onerares.
1172 1079 1275 1165 Quod
1296 1099 1381 1154 varo
1400 1079 1501 1156 uobis
1525 1078 1570 1153 de
1592 1101 1688 1152 cero-

284 1209 371 1280 benu
391 1215 619 1284 mercaturam
637 1205 859 1280 Junueusium
883 1215 918 1279 et
933 1205 1141 1280 Venetorum
1163 1202 1364 1298 significasti
1385 1203 1447 1296 qui
1464 1202 1511 1276 de
1533 1204 1691 1277 ultrama-

286 1331 366 1402 rinis
383 1330 540 1426 partibus
554 1329 643 1402 circa
663 1349 815 1404 mensem
833 1329 938 1404 medii
959 1329 1049 1403 soliti
1067 1338 1148 1402 sunt
1164 1329 1296 1417 venire,
1310 1336 1345 1400 et
1364 1349 1458 1400 nunc
1473 1328 1555 1420 quia
1570 1336 1691 1421 tregua

288 1455 371 1526 inter
386 1452 596 1526 Cbristiaucs
607 1461 643 1524 et
654 1453 843 1527 Saracenos
855 1461 955 1547 rupto
969 1463 1021 1526 eet
1038 1456 1074 1526 in
1090 1453 1247 1548 partibus
1259 1451 1337 1542 illis,
1357 1450 1537 1546 providisti
1551 1452 1691 1546 quodsi

288 1578 442 1650 venirent
460 1576 560 1648 facile
583 1585 722 1670 possent
744 1577 819 1672 capi
843 1577 873 1650 si
900 1588 1047 1670 quatuor
1071 1598 1179 1650 neves
1201 1586 1235 1648 et
1256 1575 1395 1648 totidem
1421 1576 1536 1668 guleus
1559 1583 1693 1650 nostras

289 1701 408 1774 armari
422 1710 540 1774 centra
556 1721 617 1774 ecs
629 1710 665 1774 et
681 1701 771 1774 bene
785 1700 1028 1776 mandaremus
1044 1701 1183 1786 muniri,
1201 1701 1311 1794 placet
1324 1699 1424 1772 uobis
1437 1709 1472 1772 et
1484 1701 1645 1772 volumus
1656 1709 1695 1774 ut

290 1825 352 1898 boc
367 1822 509 1896 studeas
521 1822 683 1898 ordinere
695 1833 733 1896 et
743 1824 883 1898 micterc
895 1833 1016 1896 contra
1029 1844 1101 1913 eos,
1117 1825 1206 1896 sicut
1224 1823 1345 1896 honori
1360 1833 1394 1896 et
1408 1823 1599 1896 commodis
1617 1845 1697 1896 ncc-

291 1949 347 2022 trie
361 1948 487 2020 melius
504 1947 634 2020 videris
649 1947 824 2040 expedire.
844 1950 894 2020 Dc
910 1947 999 2020 iacto
1015 1957 1133 2020 autem
1146 1947 1238 2039 regis
1251 1947 1395 2020 Tunnisi
1409 1955 1447 2018 ut
1460 1947 1625 2041 scripsisti
1639 1947 1696 2018 cui

291 2071 334 2144 ud
349 2079 482 2144 certum
502 2081 637 2164 tempus
652 2079 806 2162 treguam
825 2070 870 2142 de
888 2071 1000 2163 gretie
1018 2079 1135 2144 nostra
1151 2071 1397 2161 concessimus,
1420 2079 1455 2142 et
1470 2070 1598 2165 ipsein
1615 2091 1697 2165 pur-

292 2195 382 2267 tibus
394 2195 470 2268 suis
478 2195 666 2268 lanueuses
676 2194 865 2268 etllenetoe
879 2193 1039 2268 infideles
1052 2205 1185 2268 nostros
1198 2195 1322 2290 recipit
1330 2203 1435 2288 atque
1444 2195 1549 2285 iovet3
1561 2195 1698 2268 noueris

294 2341 355 2394 nos
377 2319 544 2414 speciales
570 2319 716 2392 nuncios
740 2327 875 2392 nostros
901 2318 947 2392 ad
974 2319 1136 2392 eumdem
1157 2321 1193 2392 in
1219 2319 1378 2414 proximo
1396 2317 1604 2410 directuros,
1623 2328 1700 2414 post

293 2465 437 2537 quorum
452 2443 601 2516 reditum
617 2442 784 2537 pmoedas
801 2443 891 2516 sicut
909 2453 942 2516 ts
961 2444 1084 2515 instrui
1104 2445 1288 2527 faciemue3
1310 2443 1448 2517 interim
1463 2465 1568 2538 super
1581 2444 1647 2517 boc
1664 2445 1699 2516 in

294 2569 407 2662 aliquo
420 2589 491 2640 non
505 2567 684 2661 procedes.
700 2570 751 2642 lle
763 2568 895 2640 Sclavis
911 2567 972 2662 qui
988 2567 1024 2638 iu
1040 2567 1194 2662 portibus
1205 2567 1331 2662 Apulie
1346 2567 1525 2662 piraticam
1540 2589 1702 2642 exercere

294 2713 360 2764 non
375 2700 536 2766 metuunt
550 2699 585 2766 et
600 2692 667 2766 sub
680 2693 796 2786 specie
809 2699 1039 2766 mercatorum
1057 2691 1220 2765 fidelibus
1235 2692 1361 2764 nostris
1375 2691 1557 2786 dampnosi
1572 2694 1702 2767 suntin

295 2815 447 2909 personis
471 2825 506 2888 et
521 2815 643 2905 rebus,
664 2825 801 2909 propter
820 2815 916 2908 quod
933 2815 1063 2888 bonum
1086 2837 1162 2888 esse
1180 2815 1343 2910 scripsisti
1369 2825 1406 2886 ut
1424 2823 1495 2888 totu
1520 2816 1703 2892 Sclavouiu

296 2939 431 3012 banniri
447 2939 587 3034 publice
605 2939 741 3028 debeat,
759 2949 799 3010 ut
814 2961 876 3033 per
890 2937 1052 3033 pacificos
1069 2949 1274 3012 mercatores
1289 2939 1425 3010 illarum
1444 2940 1594 3034 partium
1607 2941 1704 3036 pira-

297 3073 407 3136 tamm
424 3067 499 3136 looa
514 3064 665 3137 strictius
678 3073 871 3155 arceantur,
892 3067 1001 3158 placat
1017 3064 1119 3137 nobis
1135 3073 1171 3137 et
1186 3065 1350 3138 volumus
1368 3073 1407 3136 ut
1421 3065 1489 3137 hcc
1507 3064 1581 3138 lieri
1598 3065 1704 3140 molar

300 3197 332 3260 et
356 3187 600 3260 nichilominus
623 3195 666 3260 ut
689 3187 853 3282 scripsisti
882 3189 1007 3261 armari
1036 3187 1142 3261 iacias
1167 3189 1285 3282 aliqua
1312 3191 1460 3262 remella
1486 3191 1523 3262 in
1547 3191 1705 3286 partibus

301 3309 437 3404 Apulis,
455 3318 538 3380 tunc
550 3307 713 3382 videlicet
726 3329 806 3380 cum
824 3308 956 3382 videris
971 3307 1159 3404 expedire,
1178 3329 1248 3404 que
1263 3309 1333 3382 sint
1350 3309 1396 3384 ad
1410 3310 1602 3384 custodiam
1622 3331 1705 3408 par-

302 3433 381 3504 tium
397 3431 609 3523 earumdem,
619 3451 843 3525 processurus
858 3441 972 3504 umen
991 3433 1028 3504 in
1042 3431 1203 3504 omnibus
1218 3441 1322 3528 prout
1338 3433 1460 3504 melius
1473 3433 1604 3506 videris
1618 3457 1705 3508 nos-

303 3556 359 3628 tris
375 3556 578 3628 utilitatibus
592 3556 794 3650 provenire,
815 3555 861 3628 de
878 3556 1007 3629 licteris
1020 3555 1146 3628 nostris
1158 3579 1246 3650 quus
1263 3556 1337 3629 lieri
1355 3555 1400 3630 ad
1420 3579 1529 3630 novos
1544 3559 1707 3633 officiales

305 3681 397 3772 regni
412 3679 521 3752 iecisti
540 3680 619 3772 (lep.
632 3680 776 3774 petisti),
793 3701 874 3752 ecce
888 3681 951 3751 tibi
966 3679 1133 3752 duximus
1151 3680 1386 3753 destinandas.
1401 3681 1452 3752 Tu
1470 3681 1590 3776 igitur,
1612 3693 1678 3756 etc.

348 3803 470 3878 Datum
486 3802 523 3876 iu
541 3802 687 3885 Ciuitate
700 3801 861 3894 Custelle,
880 3803 989 3879 XXlll
1002 3803 1170 3898 junuarii„
1189 3805 1265 3878 Xlll
1280 3803 1492 3878 indictionis.

1083 4094 1503 4104 Ἦ

357 4339 575 4425 Mandatum
600 4344 650 4426 ud
670 4327 948 4452 Alexandrum,
968 4348 1091 4431 filium
1114 4347 1283 4454 llenrici,
1303 4356 1346 4429 ut
1362 4324 1574 4427 ‘ammirato
1601 4344 1710 4454 regni

313 4460 450 4554 Siciliae
467 4474 507 4554 in
526 4474 705 4599 omnibus
723 4479 943 4596 necessariis
961 4481 1009 4564 de
1026 4477 1271 4592 proventibus
1289 4477 1415 4562 curiae
1442 4476 1509 4588 qui
1537 4487 1628 4560 sunt
1643 4502 1711 4586 per

313 4624 440 4720 manus
458 4605 559 4716 ejus,
580 4603 774 4717 intendere
791 4623 828 4694 ct
845 4613 1073 4722 respondere
1091 4623 1281 4722 procuret.

386 4804 511 4888 tuaac
526 4809 629 4890 uapor.
644 4810 763 4875 nae.
775 4809 816 4892 rr,
831 4813 884 4876 ru.
901 4822 937 4874 ιι
952 4821 1045 4889 murm
1060 4816 1093 4876 u
1105 4815 1175 4876 mr.
1191 4813 1323 4894 uren,
1338 4831 1369 4892 p.
1387 4813 1470 4892 rur.)

1763 4365 1791 4408 ln
1800 4363 1894 4408 Girltete

1764 4418 1876 4461 catellus

1755 4447 1895 4526 carnunti.
