4564 6038
1134 696 1318 758 counanr
1342 697 1493 771 conari
1831 698 1917 782 [aaa.
1940 699 2029 762 reae.

837 989 1222 1004 fi———t-nu—mu--e--n

397 1286 578 1385 *liwir
660 1280 858 1366 Conradus
888 1283 928 1364 in
955 1281 1219 1368 Romanorum
1244 1284 1565 1393 regemelectus,
1593 1283 1818 1394 priorissam
1852 1293 1896 1368 et
1924 1307 2031 1368 cou-

605 1425 761 1498 ventum
788 1416 828 1496 in
854 1416 940 1500 loco
962 1416 1069 1501 Griez
1098 1419 1201 1526 apud
1227 1417 1460 1528 Augustam,
1484 1443 1572 1500 oum
1589 1417 1770 1502 omnibus
1787 1417 1970 1528 personis
1997 1425 2036 1500 et

605 1548 930 1657 possessionibus,
951 1549 1024 1632 sub
1044 1549 1197 1659 speciali
1216 1575 1286 1634 sua
1303 1550 1536 1658 protectione
1554 1551 1700 1660 recipit.

689 1762 784 1842 (Edit.
800 1767 832 1824 ln
843 1765 974 1828 Menum.
988 1765 1080 1840 Boia„
1096 1773 1117 1826 t.
1136 1766 1233 1844 XXX,
1245 1783 1314 1844 pars
1329 1765 1355 1844 Ι,
1370 1783 1400 1844 p.
1418 1774 1490 1842 atr,
1504 1777 1537 1827 n⁰
1552 1775 1622 1840 ror,
1637 1783 1674 1826 ex
1687 1767 1821 1845 originali
1836 1769 1931 1844 cujus
1944 1763 2032 1842 eigil-

726 1871 789 1930 lum
803 1874 905 1950 periit,
922 1879 1092 1933 remanente
1110 1873 1318 1932 tantummodo
1331 1877 1417 1950 perte
1430 1875 1578 1950 superiore
1590 1871 1710 1935 illorum
1724 1875 1888 1935 aeduorum
1903 1870 1991 1932 rubri
2003 1873 2033 1930 et

726 1975 798 2037 ueri
811 1975 941 2055 coloris.)

656 2161 882 2258 condedas),
907 2163 982 2237 divi
1002 2163 1140 2257 augusti
1158 2163 1373 2260 imperatoris
1390 2161 1591 2260 Fr(iderici)
1610 2161 1720 2254 iilius,
1744 2162 1806 2235 Dei
1825 2162 1944 2257 gratia
1963 2163 2031 2235 llo·

608 2306 793 2359 mauorum
810 2287 846 2358 in
862 2307 980 2382 regem
1002 2288 1146 2382 electus,
1165 2308 1303 2383 semper
1321 2295 1510 2380 augustus,
1528 2295 1564 2360 et
1579 2286 1679 2360 beree
1700 2287 1799 2382 regni
1815 2285 2031 2360 lerosoiimi·

608 2419 735 2501 tarum,
755 2411 927 2484 universis
950 2411 1087 2507 imperii
1105 2409 1266 2484 fidelibus
1287 2419 1465 2506 presentes
1479 2411 1607 2484 litteras
1623 2409 1830 2506 inspecturis
1848 2409 2033 2504 imperpe-

608 2541 721 2605 tuum.
740 2534 880 2618 Quanto
899 2533 1021 2608 divina
1038 2535 1191 2629 potentia
1207 2543 1343 2607 nostros
1362 2535 1505 2630 ampliat
1526 2534 1645 2606 titulos
1664 2543 1699 2606 et
1712 2533 1844 2606 extollit
1866 2533 2027 2620 uberius,

609 2667 704 2730 tanto
727 2658 775 2728 ilii
800 2657 960 2732 devotius
989 2659 1082 2731 circa
1099 2657 1322 2730 ecclesiarum
1342 2658 1514 2752 proiectus
1535 2679 1715 2731 censemus
1737 2678 1800 2730 nes
1817 2658 1943 2730 merito
1965 2655 2031 2727 de·

607 2781 750 2854 bitures.
784 2783 856 2854 Hac
887 2781 1061 2876 siquidem
1090 2782 1222 2854 ratione
1251 2790 1371 2854 notum
1405 2801 1482 2854 esee
1513 2781 1675 2854 uolumus
1707 2789 1777 2852 tam
1806 2780 2030 2876 presentibus

608 2926 715 3000 quam
733 2907 875 2993 tuturis,
893 2905 989 3000 quod
1008 2927 1071 2980 nos
1094 2905 1231 2978 deuotis
1255 2903 1567 3000 supplicationibus
1589 2903 1752 3000 priorisse
1775 2913 1811 2976 et
1834 2913 2029 2976 conventus

609 3030 646 3100 iu
665 3030 739 3103 ioco
756 3030 817 3123 qui
834 3029 962 3102 dicitur
983 3030 1080 3103 Griez
1098 3029 1194 3125 apud
1211 3027 1405 3118 Augustam
1422 3028 1489 3100 sub
1507 3028 1629 3120 regula
1648 3028 1740 3100 beati
1756 3025 1948 3121 Augustini
1967 3027 2028 3100 de·

609 3153 764 3244 gentium
784 3153 1017 3226 favorabiliter
1038 3152 1211 3242 inclinati,
1234 3153 1480 3226 monasterium
1504 3151 1658 3246 ipsarum
1681 3161 1716 3224 et
1737 3171 1906 3246 personas
1928 3151 1966 3222 in
1987 3171 2028 3221 eo

610 3276 755 3348 Domino
782 3277 1004 3366 temulentas,
1031 3297 1111 3349 cum
1135 3278 1307 3352 universis
1331 3275 1607 3372 possessionibus
1627 3285 1662 3347 et
1681 3275 1782 3348 bouis
1804 3273 1877 3346 suis
1898 3295 1971 3368 que
1992 3271 2027 3342 in

609 3397 858 3491 presentiarum
872 3399 965 3489 juste
985 3397 1164 3492 possident
1184 3411 1245 3473 aut
1268 3400 1304 3472 iu
1328 3401 1483 3470 suturam
1505 3395 1743 3490 justismodis
1766 3405 1932 3491 poterunt
1951 3392 2027 3466 edi·

609 3520 709 3614 pisci,
732 3521 798 3591 sub
821 3529 934 3593 nostre
958 3529 992 3593 et
1010 3521 1145 3616 imperii
1168 3522 1390 3617 protectionis
1407 3520 1517 3614 gratia
1536 3519 1730 3616 recepimus
1750 3517 1903 3613 speciali.
1927 3519 2026 3591 blau-

610 3641 733 3716 dentes
752 3653 787 3716 et
812 3664 875 3738 per
903 3653 1081 3740 optentum
1112 3653 1255 3740 paterne
1282 3656 1317 3718 et
1344 3653 1461 3717 nostre
1489 3645 1600 3735 gratie
1626 3641 1854 3738 precipientes
1882 3639 2027 3713 firmiter

609 3775 643 3840 et
664 3765 833 3855 districte,
867 3776 1040 3861 quatenus
1066 3768 1162 3841 nulla
1187 3789 1332 3864 persone
1353 3767 1495 3840 humilis
1516 3767 1574 3838 vel
1601 3766 1687 3856 alta,
1716 3764 1949 3838 ecclesiastica
1973 3763 2026 3838 vel

608 3889 803 3982 mundana,
826 3891 971 3966 eandem
996 3892 1193 3987 priorissam
1215 3893 1273 3966 vel
1297 3913 1431 3966 sorores
1447 3889 1587 3964 easdem
1608 3897 1727 3962 contra
1754 3887 1922 3984 presentis
1947 3909 2024 3982 pro·

608 4013 765 4088 tectioris
794 4023 910 4090 nostre
934 4015 1077 4110 gratiam
1105 4023 1280 4111 presumat
1304 4016 1359 4088 vel
1385 4013 1513 4088 audeat
1540 4011 1720 4109 impedire.
1743 4011 1845 4098 Quod
1863 4012 1925 4106 qui
1946 4033 2024 4106 pre-

609 4138 794 4234 sumpserit
813 4139 1086 4232 indignationem
1105 4149 1257 4214 nostram
1275 4147 1309 4212 et
1327 4137 1463 4234 imperii
1482 4159 1521 4210 se
1536 4138 1622 4210 sciet
1641 4135 1950 4232 irrecuperabiliter
1968 4135 2025 4206 in·

608 4261 768 4334 currisse.

658 4386 781 4456 Datum
801 4383 897 4480 apud
915 4385 1071 4458 Herburc
1084 4385 1147 4482 (l),
1169 4407 1261 4460 auno
1278 4385 1450 4458 dominice
1478 4385 1723 4457 incarnationis
1747 4383 1929 4457 millesimo
1953 4381 2023 4457 du·-

609 4509 796 4583 ceutesimo
812 4509 985 4608 tricesimu
1001 4531 1106 4598 nouo,
1124 4531 1243 4584 mense
1260 4511 1355 4601 maii,
1375 4508 1583 4582 duodecime
1601 4507 1814 4579 indictionis.

614 4707 748 4720 unp-u..-—
754 4707 891 4716 ..σιμ-...υ
905 4709 909 4715 .
916 4709 920 4715 .
928 4706 1036 4716 ωηο-ι.-
1044 4707 1091 4716 ο-ο-
1100 4706 1191 4716 -nm
1199 4707 1246 4718 ..0-
1434 4705 1533 4714 -u—m-
1540 4704 1700 4714 -1-——a--nu
1712 4703 1827 4712 —u——a
1835 4699 2019 4712 ,μα-...Μ

645 4815 680 4888 (l)
699 4815 783 4872 llcdie
798 4815 925 4886 Herburp
936 4816 1005 4872 inter
1017 4814 1191 4872 Diulrelsbtibl
1202 4821 1229 4872 et
1243 4813 1435 4872 ffiuauwertb.
