4468 6010
263 713 442 790 normae]
711 707 910 770 nrsroars
936 705 1228 770 ursnouarrca.
1616 713 1676 776 ⁸35

263 850 395 936 vitans,
414 846 548 922 solvisti
565 845 615 919 eis
632 844 858 940 quantitatem
877 843 914 916 in
926 842 1059 916 lictoris
1072 842 1198 916 nostris
1213 851 1427 936 contentam,
1449 846 1560 942 placet
1576 848 1676 922 nobis

263 983 408 1046 cttuam
421 973 459 1044 in
475 971 542 1044 hoc
556 969 772 1065 diligentiam
790 966 1089 1042 commendamus.

309 1097 436 1170 Datum
454 1093 614 1184 viterbii,
629 1093 707 1167 XIV
719 1091 851 1183 martii,
868 1089 946 1164 Xlll
959 1090 1172 1164 indictionis.

309 1219 441 1293 Mam
452 1217 522 1310 die,
537 1215 582 1290 de
596 1215 758 1290 mandato
772 1215 940 1312 imperiali
954 1215 1044 1288 lacto
1056 1236 1117 1309 par
1131 1213 1336 1308 magistrum
1347 1211 1526 1292 Albertum
1540 1219 1676 1314 scripsit

262 1341 436 1416 lohannes
452 1341 579 1417 ldronti
596 1341 730 1436 Augalo
749 1339 794 1414 de
810 1341 921 1414 llarra
940 1347 979 1412 ut
994 1340 1097 1412 iaciat
1117 1339 1284 1413 rationem
1307 1339 1353 1414 de
1375 1341 1565 1435 quantitate
1587 1353 1676 1416 tem-

263 1467 356 1562 poris
369 1467 478 1564 elapsi
491 1477 527 1540 et
537 1465 678 1539 residuo
693 1465 789 1560 quod
801 1465 930 1538 Paulus
944 1463 990 1538 de
1003 1463 1168 1559 Gregorio
1180 1473 1348 1538 mercator
1365 1465 1542 1538 llomanus
1560 1487 1623 1562 pro
1637 1489 1675 1540 se

262 1601 296 1664 at
312 1591 417 1664 sociis
439 1589 513 1663 suis
537 1589 623 1662 dicit
646 1610 685 1661 se
706 1587 836 1662 habore
853 1587 982 1662 debore
998 1609 1062 1683 pro
1084 1586 1247 1683 dampnis
1271 1597 1306 1662 et
1330 1589 1514 1678 interesse,
1545 1591 1675 1664 ratione

262 1715 374 1788 mutui
388 1713 485 1809 quod
502 1712 594 1786 idem
611 1711 768 1806 Angelos
781 1712 865 1808 ipsis
880 1713 1028 1786 restituit
1045 1711 1091 1786 de
1104 1711 1267 1786 mandato
1283 1713 1503 1786 familiarium
1520 1713 1673 1810 Capuani

262 1849 298 1912 et
312 1837 539 1912 davaliensis.

310 1963 412 2037 Facto
424 1971 506 2034 sunt
521 1971 696 2058 presentes
711 1961 828 2034 lictore
843 1959 1035 2034 secundum
1050 1960 1196 2033 lormam
1206 1959 1352 2034 aliarum
1368 1983 1438 2058 que
1452 1961 1577 2058 scripte
1594 1971 1675 2036 sunt

263 2088 362 2162 tertio
375 2087 539 2161 februarii
552 2087 588 2159 in
604 2088 757 2160 Fulineo.

310 2213 396 2283 ltam
413 2210 571 2282 similiter
585 2209 703 2282 lictere
717 2209 806 2281 lacte
822 2204 964 2279 suntad
980 2205 1144 2280 eumdem
1155 2205 1326 2302 Angelum
1339 2230 1402 2304 pro
1413 2209 1554 2283 Nicolao
1566 2211 1675 2285 llusso

264 2343 482 2428 procuratore
498 2333 636 2408 Honrioi
649 2331 832 2421 Iohannis,
848 2331 938 2404 Petri
956 2329 1111 2403 Bastardi
1129 2339 1164 2403 et
1178 2331 1344 2404 Iohannis
1365 2331 1527 2406 Tridenta
1546 2333 1673 2407 civium

264 2459 506 2530 llomanorum.

314 2913 538 2996 Mandatum
564 2915 613 2996 ad
633 2912 887 3024 justiciarium
910 2912 1059 3022 Aprutii
1089 2919 1132 2994 ut
1156 2909 1366 2996 iohannem
1396 2912 1579 2996 Tbeodini
1606 2918 1673 3026 qui

261 3042 381 3126 filiam
403 3045 581 3156 Raynerii
598 3046 647 3128 de
664 3045 807 3129 Filecta
825 3045 906 3128 sine
923 3043 1171 3154 permissione
1193 3044 1374 3156 principis
1392 3045 1501 3129 duxit
1524 3057 1562 3130 et
1578 3074 1674 3157 pos-

262 3176 448 3260 sessiones
475 3175 647 3288 ejusdem
674 3175 853 3287 Raynerii
877 3175 949 3260 sibi
973 3203 1167 3260 assumere
1188 3203 1267 3262 non
1292 3179 1461 3288 expauit,
1486 3180 1610 3289 capiat
1635 3192 1673 3266 et

261 3307 372 3392 bonis
391 3310 571 3393 omnibus
588 3309 770 3394 infiscatis
788 3311 969 3396 custodiri
987 3309 1112 3394 iaciat.

256 3579 259 3584 ,
286 3532 290 3540 ·
342 3511 471 3594 (Rogare.
485 3512 589 3594 sape.
603 3509 722 3574 bledo.
737 3511 778 3587 11,
794 3513 847 3575 lol.
864 3521 902 3574 so
916 3528 1016 3586 rursm
1036 3515 1068 3572 ln
1080 3513 1152 3574 edlt.
1168 3514 1306 3590 causan,
1321 3532 1348 3593 p.
1367 3515 1450 3594 sto.)

309 3683 357 3754 lte
371 3683 529 3756 mundato
546 3684 714 3779 imperiali
728 3687 817 3776 sueto
831 3706 894 3777 per
915 3685 1112 3778 magistrum
1137 3687 1273 3756 Petrum
1292 3685 1332 3756 de
1354 3687 1456 3758 Vinea
1475 3691 1609 3783 scripsit
1627 3694 1668 3764 P.

263 3805 302 3877 de
320 3807 464 3900 Capeto:

309 3913 529 4019 Fredericus‚
549 3939 631 4021 otc,
651 3931 691 4002 B.
709 3931 850 4002 Pissono
861 3927 1047 4020 justitiario
1064 3927 1217 4022 Aprutii,
1233 3939 1300 4002 etc.
1317 3911 1490 4026 Exposuit
1504 3939 1672 4028 majestati

262 4039 511 4126 nostre·l’etrus
533 4053 686 4146 magistri
708 4053 851 4126 Gentilis
875 4051 921 4125 de
942 4051 1066 4123 Filecta
1085 4053 1170 4123 lator
1189 4053 1399 4146 presentium
1424 4055 1538 4129 fidelis
1558 4070 1673 4132 noster

260 4173 355 4268 quod
380 4197 460 4247 cum
481 4175 672 4270 Raynerins
695 4175 741 4249 de
761 4177 887 4248 Filecta
915 4185 1053 4270 propter
1075 4174 1300 4248 homicidium
1327 4180 1504 4272 quondam
1529 4182 1671 4256 Gentilis

261 4295 369 4391 bajuli
385 4297 542 4390 ejusdem
561 4308 650 4371 terre
665 4298 760 4392 quod
778 4298 871 4371 idem
892 4299 1083 4392 Raynerius
1103 4321 1183 4369 cum
1200 4299 1327 4373 Jacobo
1342 4302 1446 4376 fratre
1466 4325 1531 4377 suo
1545 4305 1672 4378 dicitur

261 4421 492 4512 omisisse,
510 4426 572 4516 per
591 4422 782 4494 Iohannem
808 4420 855 4494 de
871 4421 1008 4518 Senicio¹
1023 4429 1106 4492 tuuc
1128 4422 1329 4514 magistrum
1347 4427 1570 4498 camerarium
1587 4450 1672 4501 nos·

262 4536 351 4616 uum
364 4543 403 4615 in
417 4544 560 4637 Aprutio
575 4545 674 4616 tertia
694 4555 791 4640 parte
808 4545 908 4616 castri
921 4544 1047 4617 Filecte
1061 4553 1095 4616 et
1111 4545 1211 4617 bonis
1224 4547 1297 4618 suis
1311 4549 1472 4622 omnibus
1493 4553 1595 4624 luerit
1608 4553 1671 4627 de·

261 4668 418 4748 stitutus,
442 4665 531 4738 siout
548 4687 609 4761 per
632 4667 792 4740 eumdem
821 4667 1045 4740 camerarium
1070 4668 1164 4739 curis
1186 4677 1301 4741 nostre
1325 4681 1478 4763 constat,
1498 4676 1671 4750 lohannes

261 4789 428 4863 Theodini
451 4790 536 4874 sine¹
550 4791 771 4885 permissione
791 4801 905 4864 nostra
928 4790 1033 4864 liliam
1055 4791 1177 4886 prolati
1204 4791 1362 4888 Raynerii
1388 4796 1424 4866 in
1449 4819 1593 4871 uxorem
1616 4824 1672 4874 as-
