4384 6004
207 720 307 782 horor.
327 715 388 801 lt]
659 713 854 776 HISTORIA
880 711 1175 773 olatouamcs.
1550 712 1628 774 1107

209 853 379 951 impedire
396 851 447 949 (a)
464 853 659 945 contingat,
677 873 758 924 cum
779 849 823 921 sit
841 847 994 921 melioris
1011 848 1143 920 cautela
1169 847 1205 918 in
1230 845 1398 940 presentis
1418 846 1629 919 necessitatis

210 978 357 1053 articulo
372 978 409 1049 iu
424 976 567 1070 navigio
583 974 779 1064 abundare,
796 972 911 1047 adhuc
924 994 1005 1045 cum
1018 971 1162 1045 oonsilio
1172 970 1384 1044 venerabilis
1398 969 1509 1042 fratris
1522 971 1629 1042 nostri

211 1101 407 1200 patriarcba
425 1099 699 1197 lerosolymitani
713 1121 756 1172 ac
773 1099 919 1170 aliorum
933 1097 995 1191 qui
1016 1105 1097 1169 sunt
1113 1094 1210 1192 apud
1226 1095 1372 1168 tanuam
1392 1095 1544 1168 Ecclesia
1560 1093 1630 1168 dc-

210 1235 386 1316 votorum,
404 1224 450 1297 de
465 1245 507 1297 ea
522 1223 714 1318 quantitate
729 1243 893 1295 vasorum
906 1241 976 1316 que
988 1221 1089 1315 plene
1102 1219 1274 1292 sufficiant
1287 1240 1350 1313 pro
1366 1219 1508 1313 prelatis
1520 1217 1629 1290 omni·

209 1349 277 1423 bus
290 1359 325 1422 et
340 1349 418 1422 aliis
431 1347 629 1421 deferendis
647 1345 791 1420 sollicite
806 1344 946 1418 studeas
962 1342 1160 1441 providere.

257 1473 385 1546 Datum
399 1472 575 1562 Laterani,
591 1469 711 1543 idibus
728 1469 860 1560 martii,
876 1467 1095 1565 pontificatus
1108 1467 1215 1540 nostri
1230 1485 1322 1538 anno
1339 1465 1428 1538 XIV.

430 1773 829 1783 -—--..--—--—-———--
835 1773 871 1780 -..
877 1767 1396 1779 -a—-ffl-m—-a

266 2043 468 2150 ilenricus,
499 2069 565 2125 rex
588 2042 786 2125 Sardiniae
813 2049 850 2123 et
879 2039 1026 2150 imperii
1054 2040 1095 2120 in
1125 2039 1233 2122 ltalia
1259 2039 1409 2151 legatus
1440 2043 1627 2154 generalis
1693 2077 1747 2162 πῖ.

211 2177 400 2285 hospitale
418 2177 577 2259 Sanctae
594 2175 735 2260 Mariae
752 2175 801 2258 dc
820 2173 929 2257 Senis
948 2173 1020 2256 sub
1038 2173 1187 2283 imperii
1204 2174 1435 2282 protectione
1454 2177 1623 2286 suscipit.
1722 2185 1746 2217 ¹²¹

292 2386 417 2468 (lnedlt.
434 2405 471 2448 ex
483 2388 611 2464 exempl.
627 2388 830 2449 authenticam
841 2405 890 2465 ap.
906 2384 996 2448 Arria.
1008 2384 1157 2466 hospitalia
1171 2386 1316 2465 semme,
1326 2405 1457 2468 pergam.
1471 2395 1544 2453 tom.
1557 2390 1626 2463 vll,

330 2511 393 2574 reg.
406 2495 457 2570 B,
472 2504 505 2555 rr
519 2493 624 2574 arra.)

258 2680 441 2771 Henricus,
457 2683 517 2756 llei
532 2691 566 2755 et
582 2680 752 2776 imperiali
767 2681 878 2772 gratia
894 2702 960 2752 rex
975 2679 1179 2752 Turritanns
1193 2691 1227 2752 et
1238 2678 1471 2752 Galluritanus
1485 2691 1520 2754 et
1536 2683 1625 2754 sacri

211 2803 346 2899 imperii
374 2805 478 2878 totius
505 2805 602 2877 ltalia
628 2803 763 2896 legatus
789 2803 961 2898 generalis
979 2813 1014 2876 ot
1034 2801 1168 2876 domini
1195 2801 1366 2874 Frederici
1389 2804 1533 2877 secundi
1552 2805 1624 2876 divi

211 2929 349 3020 augusti
375 2927 479 3001 iilius.
505 2929 568 3001 Per
587 2949 728 3022 presens
753 2929 919 3023 scriptum
942 2936 1062 3000 notum
1086 2927 1343 2999 essevolumus
1369 2928 1541 3000 universis
1559 2929 1625 3000 im-

211 3053 295 3146 perii
324 3049 485 3125 fidelibus
519 3063 589 3124 tam
613 3052 832 3148 presentibus
866 3073 972 3144 quam
1004 3051 1129 3122 futuris
1155 3049 1251 3144 quod
1282 3072 1362 3122 cum
1389 3050 1626 3127 Caeciacomes

209 3183 320 3248 motor
344 3175 524 3271 hospitalis
545 3197 736 3271 pauperum
761 3175 1017 3263 Sanctalblarie
1039 3174 1083 3246 de
1112 3175 1213 3246 Senis
1235 3173 1282 3246 ad
1308 3184 1462 3248 nostram
1484 3198 1625 3270 presen-

209 3299 291 3372 tiam
312 3300 513 3374 accessisset
529 3309 647 3373 nostre
671 3298 903 3392 magnitudini
927 3297 1104 3370 humiliter
1120 3297 1326 3393 supplicavit
1350 3308 1388 3370 ut
1404 3301 1520 3396 ipsum
1545 3301 1624 3373 bos·

207 3422 313 3519 pitale
331 3425 456 3496 Sancte
476 3423 584 3496 illaria
599 3423 666 3494 sub
684 3422 899 3516 protectione
926 3443 967 3494 ac
994 3421 1195 3494 defensione
1221 3422 1357 3516 imperii
1377 3423 1530 3519 recipere
1552 3425 1625 3519 dig·

206 3568 381 3620 nmemur.
409 3547 480 3619 Nos
507 3547 613 3641 igitur
636 3545 792 3639 ejusdem
822 3547 963 3618 rectoris
990 3545 1302 3640 supplicationibus
1326 3547 1371 3620 do
1396 3547 1491 3641 regie
1511 3559 1626 3623 nostre

206 3669 431 3765 benignitatis
452 3670 563 3764 gratia
582 3669 846 3742 clementissime
859 3669 1035 3758 inclinati,
1052 3669 1098 3741 ob
1115 3670 1343 3743 reverentiam
1360 3671 1523 3766 precipue
1543 3675 1623 3746 Jesu

206 3792 331 3866 Christi
345 3815 406 3889 par
421 3815 526 3887 quem
543 3794 648 3866 totius
663 3792 804 3866 honoris
822 3793 917 3886 regie
940 3791 1119 3883 dignitatis
1137 3793 1378 3888 cognoscimus
1395 3793 1620 3886 incrementa,

208 3918 370 3991 eumdem
385 3925 553 3990 rectorem
572 3927 605 3990 et
623 3917 754 3990 dictum
769 3916 940 4011 hospitale
958 3917 1084 3988 Sancte
1102 3915 1211 3988 Mario
1225 3939 1304 3988 cum
1322 3918 1477 4012 personis
1494 3919 1622 3992 ibidem

208 4039 355 4112 Domino
374 4039 637 4132 famulantibus,
657 4039 788 4112 lamilia
810 4048 845 4110 et
868 4039 1029 4110 omnibus
1054 4038 1159 4110 rebus
1182 4039 1368 4112 mobilibus
1389 4051 1424 4114 et
1443 4041 1624 4114 stabilibus

207 4183 276 4256 qua
291 4163 406 4258 ipsum
424 4161 593 4258 hospitale
613 4163 649 4234 in
668 4161 917 4258 presentiarum
940 4163 1033 4254 juste
1054 4169 1148 4233 tenet
1164 4171 1199 4233 et
1220 4162 1373 4256 possidet
1393 4165 1449 4236 vel
1466 4164 1502 4235 in
1523 4174 1623 4238 antea

201 4287 296 4378 justo
314 4287 414 4360 titulo
437 4288 562 4382 poterit
584 4285 751 4382 adipisci,
771 4285 839 4359 sub
856 4285 991 4380 imperii
1013 4285 1226 4380 protectione
1251 4287 1438 4382 recipimus
1463 4288 1620 4384 speciali,

205 4410 423 4484 universitati
439 4419 554 4484 vestre
580 4409 786 4482 mandantes
811 4407 979 4504 imperiali
1002 4407 1103 4480 vobis
1127 4408 1331 4482 auctoritate
1355 4408 1495 4482 firmiter
1510 4410 1625 4503 injun-

206 4533 322 4625 gendo
340 4542 512 4628 quatenus
531 4533 646 4605 nullus
665 4534 709 4604 sit
728 4532 789 4626 qui
808 4517 1082 4627 prenominatum
1096 4531 1267 4626 hospitale
1283 4533 1407 4605 Sancte
1421 4533 1526 4606 Maris
1544 4555 1624 4604 cum

206 4657 391 4730 nominatis
410 4656 585 4753 personis,
610 4657 739 4728 familia
762 4666 797 4728 et
815 4655 978 4728 omnibus
1005 4655 1109 4727 rebus
1134 4677 1255 4728 corum
1282 4656 1473 4728 constitutis
1495 4657 1626 4751 ubique

208 4818 289 4914 Ὶ(ιι)
312 4820 521 4884 Verlslmlllter
534 4820 694 4901 legendnm
708 4818 884 4882 advertar...
900 4817 1046 4899 impediri.
1119 4875 1122 4892 ,
1234 4881 1238 4892 ,
