4374 6010
226 655 404 741 nnuma]
680 657 1183 724 srsronmnrrnouarrcn

1095 970 1431 986 Μ

282 1232 506 1318 Mandatum
530 1232 579 1318 nd
597 1233 845 1344 justitiarium
863 1231 1013 1342 Aprutii
1035 1241 1079 1314 ut
1099 1229 1237 1312 milites
1259 1255 1356 1340 quos
1380 1227 1571 1316 Menenius
1592 1227 1641 1314 de

233 1365 417 1452 Castanea
435 1367 485 1450 ad
503 1366 699 1451 servitium
722 1366 904 1476 principis
930 1364 1103 1476 elegerit,
1131 1363 1164 1446 si
1187 1373 1321 1473 sponte
1346 1361 1402 1446 ire
1426 1361 1638 1468 noluerint,

232 1499 377 1609 accingi
393 1499 609 1608 compellat.

313 1699 439 1782 (Requi.
453 1700 559 1782 aspa.
572 1697 692 1762 Μαι
711 1699 751 1776 11,
766 1697 818 1761 tol.
831 1708 869 1761 97
884 1715 986 1775 verso3
1001 1699 1034 1760 ln
1046 1697 1118 1759 edlt.
1134 1696 1272 1778 Comen,
1285 1713 1315 1776 p.
1333 1696 1417 1777 stt.)

283 1874 330 1944 no
346 1873 505 1946 mandato
521 1873 677 1966 ampistm'
692 1875 735 1946 lt.
753 1873 793 1944 de
809 1874 957 1966 Trojecto
972 1873 1132 1966 scriptum
1149 1883 1197 1944 est
1207 1895 1270 1966 por
1285 1894 1403 1944 morsus
1420 1873 1593 1968 Procopii:

281 1995 500 2088 Frederious,
522 2005 605 2090 etc,
626 1999 665 2068 B.
685 1995 826 2068 Pissono
835 1995 1021 2088 justitiario
1037 1994 1192 2089 Aprutii,
1213 2004 1279 2068 etc.
1300 1995 1390 2068 Eoos
1409 1995 1583 2068 mictimus
1599 1994 1645 2070 ad

234 2129 348 2215 partes
371 2121 465 2215 ipsas
481 2120 674 2194 Manerium
697 2119 744 2194 do
765 2119 931 2194 Castanea
955 2118 1093 2193 fidelem
1119 2128 1274 2192 nostrum
1292 2129 1331 2192 ut
1351 2119 1496 2194 retincat
1516 2119 1562 2194 ad
1585 2141 1646 2194 so-

234 2243 323 2317 lidos
340 2244 437 2318 curie
458 2253 574 2318 nostro
594 2242 760 2318 ducentos
778 2244 903 2317 milites
921 2245 982 2339 qui
1007 2243 1076 2315 sint
1101 2243 1137 2316 in
1162 2243 1302 2317 servitio
1328 2253 1444 2318 nostro
1471 2265 1551 2316 oum
1577 2243 1647 2317 lilio

236 2377 352 2440 nonno
378 2367 504 2440 illustri
524 2387 607 2460 rege
632 2367 792 2440 Turrium
819 2377 854 2441 ot
882 2365 1038 2457 Gallum,
1058 2366 1147 2439 sacri
1175 2366 1310 2462 imperii
1333 2367 1370 2438 in
1397 2367 1493 2441 ltalia
1518 2367 1645 2463 legato.

1695 1225 1821 1334 offis

237 2490 349 2576 Quam
370 2487 527 2564 fidelitati
550 2499 609 2562 tue
630 2489 838 2563 mandamns
857 2491 1022 2584 quatinus
1047 2489 1174 2562 militas
1197 2489 1274 2563 illos
1300 2511 1389 2584 quos
1412 2489 1506 2562 idem
1531 2491 1580 2564 Μ.
1601 2492 1649 2565 ad
1707 2539 1711 2547 -

236 2611 417 2685 servitium
444 2621 600 2686 nostrum
624 2613 785 2708 elegerit,
805 2613 836 2686 si
860 2622 983 2708 sponte
1003 2613 1053 2686 ire
1071 2611 1244 2685 noluerint
1269 2613 1453 2706 compellas
1466 2614 1570 2706 juxta
1592 2635 1648 2688 re·

238 2735 458 2830 quisitionom
483 2756 583 2808 suam
607 2736 653 2809 ad
675 2735 856 2810 servitium
884 2745 1041 2809 nostrum
1063 2735 1214 2830 accingi,
1234 2735 1301 2807 nisi
1322 2735 1431 2830 aliqui
1456 2736 1582 2810 luerint
1604 2736 1650 2810 ds

239 2858 377 2954 speciali
402 2857 566 2932 mandato
589 2867 706 2932 nosue
735 2859 862 2932 nostris
892 2860 1045 2933 servitiis
1075 2859 1230 2956 deputati
1264 2859 1321 2932 vel
1355 2859 1573 2933 ratiocinium
1603 2862 1649 2935 de

239 2981 354 3075 aliquo
370 2981 485 3055 officio
500 2981 597 3055 curie
614 2990 729 3056 nostre
742 2982 890 3058 reddere
906 2991 1100 3056 teneantur.

286 3107 412 3176 Datum
429 3104 546 3198 Pogla,
565 3105 627 3178 Xll
646 3105 785 3201 aprelis,
806 3107 884 3179 Xlll
900 3106 1110 3179 indictionis.
1127 3095 1129 3098 ’

286 3226 419 3300 nodam
435 3227 495 3302 die
514 3227 645 3302 ibidem
661 3227 885 3304 demandato
902 3230 1057 3324 magistri
1073 3227 1164 3302 Petri
1183 3227 1230 3302 de
1247 3227 1375 3322 Vinea,
1394 3229 1530 3326 scripsit
1545 3231 1583 3304 P.
1605 3230 1650 3304 de

241 3349 357 3445 Capua
374 3349 422 3424 ad
435 3349 589 3444 judicem
605 3351 774 3426 Iacobum
798 3352 844 3427 de
862 3354 978 3449 Capua
1002 3363 1042 3426 ut
1065 3353 1152 3426 visis
1178 3352 1304 3426 lictoris
1330 3352 1448 3426 veniat
1473 3376 1554 3428 oum
1579 3364 1651 3440 tota

241 3473 388 3567 pecunia
403 3476 500 3548 cume
513 3495 619 3570 quam
636 3474 753 3548 habet.

268 3603 271 3611 '
288 3597 426 3672 Similes
443 3599 532 3672 lacte
548 3607 631 3672 sunt
645 3598 814 3674 Stantioni
830 3596 1037 3673 Amalfitano
1053 3598 1098 3674 de
1114 3598 1244 3696 Capua.

295 4112 518 4198 Mandatum
536 4121 574 4195 et
590 4111 737 4196 litterae
762 4120 934 4222 potentes
956 4112 1006 4195 ad
1033 4111 1230 4196 universos
1251 4112 1429 4199 officiales
1455 4128 1498 4200 ut
1527 4121 1653 4202 assis-

247 4251 327 4325 tant
343 4243 519 4352 Philippo
536 4243 585 4326 de
603 4243 787 4328 Surrento
805 4255 843 4326 et
857 4244 976 4353 judici
992 4243 1126 4354 Majori
1148 4246 1197 4328 de
1216 4245 1414 4332 Juvenatio
1434 4248 1475 4331 in
1493 4251 1653 4342 servitiis

247 4373 424 4483 principis
441 4376 683 4486 exequendis.

325 4560 455 4643 (Καμεὶ.
468 4563 572 4644 imper.
587 4563 708 4628 Fredcr.
721 4566 762 4646 11,
777 4566 829 4629 tol.
846 4575 884 4629 cs
898 4573 995 4638 κοῖος
1009 4568 1042 4627 ln
1053 4567 1125 4628 edtt.
1141 4567 1278 4646 Curcum,
1293 4585 1324 4647 p.
1342 4568 1424 4650 394.)

295 4721 341 4792 llo
357 4721 516 4796 moodoto
532 4729 683 4821 mopistri
699 4729 742 4800 ll.
760 4728 801 4800 do
818 4730 965 4820 Trojooto
975 4729 1109 4821 scripsit
1122 4729 1164 4800 P.
1180 4727 1220 4799 do
1236 4729 1352 4823 Capua
1368 4753 1381 4800 .·

328 4843 363 4907 V.
385 4860 474 4908 rma
1437 4863 1493 4918 sta

1722 4125 1818 4180 Foqlae.

1706 4181 1733 4224 Ι
1745 4181 1832 4236 nprtlls.
