4524 6012
516 656 575 718 722
1015 661 1229 726 releuaret
1259 665 1431 727 sectant
1739 667 1820 748 [dett
1840 671 1929 736 1240.

562 790 780 883 Fredericns,
801 799 885 885 etc,
904 801 1034 867 secreto
1059 797 1235 890 Messana,
1263 807 1330 872 etc.
1350 798 1453 884 Quod
1471 807 1588 872 antam
1610 799 1812 895 significasti
1832 812 1867 878 te
1885 805 1932 880 ad

514 917 677 1009 majorem
701 917 883 991 utilitatem
912 929 1144 1012 proventuum
1162 922 1259 994 curie
1283 932 1399 996 nostre
1422 923 1458 994 in
1481 922 1699 1016 camerariis,
1719 927 1932 1020 granlcteriis

513 1051 547 1114 et
562 1041 724 1114 omnibns
746 1063 816 1137 que
837 1042 884 1114 ad
900 1043 1078 1116 secretiam
1094 1047 1266 1139 pertinent
1287 1047 1382 1120 omni
1404 1046 1520 1120 studio
1541 1057 1576 1120 et
1596 1047 1827 1124 sollicitudine
1847 1075 1932 1150 prn-

515 1185 671 1257 movere,
692 1186 843 1238 necnon
870 1165 1010 1258 vineas,
1035 1174 1144 1240 terrae
1172 1175 1206 1241 et
1231 1169 1320 1242 alios
1336 1179 1527 1265 proventus
1543 1181 1678 1246 nostros
1703 1183 1931 1250 cenantes

512 1290 673 1364 ecclesias
691 1311 761 1384 que
784 1297 866 1362 sunt
889 1290 925 1361 in
949 1312 1054 1363 manu
1080 1293 1184 1364 curie·
1197 1302 1315 1367 nostre
1336 1315 1416 1366 cum
1437 1297 1533 1368 omni
1553 1295 1671 1370 studio
1690 1298 1869 1392 poenali
1897 1307 1932 1372 et

511 1437 638 1488 novam
669 1414 883 1508 diligentiam
913 1437 1019 1511 snper
1049 1417 1212 1490 omnibus
1243 1419 1415 1492 revocatis
1445 1419 1560 1492 lacere
1585 1419 1745 1494 adhiberi
1769 1431 1803 1494 et
1828 1422 1931 1518 ’qnod

511 1541 558 1614 ad
576 1539 805 1613 ordinandam
832 1540 1108 1634 procurationem
1135 1541 1338 1615 animalium
1361 1551 1556 1616 nostrornm
1581 1545 1697 1618 Sicilie
1718 1554 1755 1617 et
1776 1545 1930 1620 Calabria

511 1664 639 1737 habere
655 1663 808 1737 studium
832 1663 1008 1759 incepisti,
1027 1665 1140 1759 planet
1157 1653 1259 1738 nobis
1274 1667 1304 1738 si
1322 1688 1368 1738 ex
1389 1667 1566 1762 premissis
1591 1668 1810 1762 procoesibns
1834 1670 1930 1744 curie

511 1798 626 1862 nostre
647 1789 775 1860 utilitas
792 1795 994 1882 procuratur
1012 1797 1047 1862 et
1068 1799 1167 1860 tuum
1191 1790 1347 1864 studium
1369 1792 1664 1866 commendamus.
1687 1793 1737 1865 De
1760 1794 1925 1889 pecnnia,

512 1917 624 2006 lerro,
644 1914 738 2009 pice,
756 1912 873 2006 tuppis
889 1921 923 1984 et
943 1913 1020 1984 aliis
1036 1914 1222 2008 oportunis
1238 1937 1302 2010 pro
1326 1915 1477 1987 navibus
1501 1925 1536 1988 et
1553 1916 1662 2010 galeis
1681 1917 1808 1988 nostris
1826 1919 1929 2010 juxta

511 2038 713 2112 mandatnm
731 2047 899 2125 nostrum,
914 2036 1011 2132 qnod
1027 2037 1229 2133 significasti
1246 2050 1281 2112 te
1295 2040 1474 2112 annuatim
1489 2048 1605 2113 nostro
1618 2040 1749 2112 vicario
1763 2040 1929 2113 exhibere

512 2184 575 2259 pro
594 2163 720 2234 nostris
741 2160 909 2253 servitiis,
924 2171 1159 2256 acceptamus.
1181 2161 1284 2256 Quod
1298 2171 1416 2236 autem
1434 2163 1582 2236 statuisti
1596 2178 1701 2260 super
1716 2163 1809 2236 balio
1826 2165 1928 2236 castri

512 2287 619 2360 nostri
638 2286 795 2358 Messene
811 2285 1014 2375 complendo
1026 2285 1212 2380 quemdam
1229 2288 1378 2382 probum
1390 2296 1425 2358 et
1441 2285 1578 2360 fidelem
1597 2286 1709 2358 virum
1728 2308 1791 2382 pro
1802 2309 1928 2382 cogen-

513 2413 568 2486 dis
587 2411 786 2485 hominibus
810 2410 855 2482 ad
875 2410 1049 2483 mictenda
1073 2411 1236 2484 animalia
1259 2412 1305 2484 ad
1327 2412 1506 2485 servitium
1531 2411 1631 2484 castri
1655 2411 1781 2506 ipsius,
1806 2413 1868 2508 qui
1885 2433 1927 2485 ea

512 2538 654 2610 mictere
667 2543 921 2610 consueverunt
939 2544 973 2607 et
993 2534 1139 2626 debent,
1156 2544 1254 2607 tuum
1272 2536 1426 2609 studium
1442 2536 1737 2609 commendamus.
1758 2539 1809 2610 De
1830 2535 1926 2610 Guil-

511 2665 615 2736 lelmo
630 2662 674 2734 de
691 2659 914 2732 Pedcvillano
935 2659 997 2753 qni
1014 2658 1103 2731 sicut
1120 2659 1288 2754 scripsisti
1306 2680 1375 2732 non
1396 2658 1569 2754 permictit
1583 2659 1620 2730 in
1641 2659 1717 2754 ipso
1733 2681 1839 2758 opere
1860 2660 1927 2733 alla

512 2807 589 2862 esse
605 2785 765 2860 animalia
781 2783 849 2856 nisi
864 2805 945 2875 sna,
961 2782 1058 2879 quod
1076 2784 1112 2854 in
1132 2783 1321 2877 dampnum
1340 2784 1436 2856 curie
1451 2793 1567 2856 nostre
1582 2793 1617 2855 et
1634 2803 1823 2877 gravamen
1844 2805 1925 2858 nos·

513 2923 641 2986 trorum
661 2909 815 2983 fidelium
840 2907 949 3002 cedit,
972 2906 1180 2981 mandamns
1198 2915 1237 2978 ut
1259 2907 1442 3002 diligenter
1457 2907 1611 3002 inquiras
1633 2917 1668 2980 et
1690 2907 1720 2980 si
1740 2907 1806 2984 hoc
1826 2907 1926 2982 inve-

512 3039 606 3110 neris
621 3034 667 3110 ad
682 3034 874 3130 dampnum
897 3033 993 3106 curie
1008 3041 1122 3104 nostre
1137 3041 1171 3104 et
1191 3051 1379 3126 gravamen
1396 3041 1589 3104 nostrorum
1608 3029 1763 3104 fidelium
1780 3031 1922 3124 cedere,

512 3159 587 3234 lieri
600 3181 669 3232 non
687 3158 870 3253 permictas
883 3167 917 3230 et
939 3157 1039 3230 uobis
1067 3155 1208 3229 studeas
1231 3155 1401 3228 intimare.
1422 3157 1472 3227 De
1490 3155 1574 3228 LIlll
1594 3157 1772 3249 quaternis
1788 3156 1924 3251 scriptis

512 3285 557 3358 de
573 3285 660 3358 libro
681 3279 873 3354 Palamides
891 3280 950 3373 qui
969 3281 1108 3352 luerunt
1129 3279 1306 3373 qnondam
1331 3278 1486 3372 magistri
1506 3277 1673 3354 Johannis
1692 3275 1922 3380 Romannodi]

510 3430 599 3505 qnos
625 3406 727 3479 nobis
747 3426 809 3500 per
829 3403 999 3476 notarium
1013 3403 1198 3498 Symonem
1221 3402 1266 3476 de
1281 3402 1508 3494 Petramajore
1530 3402 1671 3476 mictere
1684 3411 1718 3476 te
1736 3403 1919 3499 scripsisti,

511 3541 647 3628 gratnm
667 3529 827 3603 ducimus
843 3537 877 3600 et
892 3535 1085 3620 acceptum.
1098 3529 1148 3600 lle
1163 3535 1274 3600 castro
1288 3527 1369 3598 lacii
1379 3535 1414 3600 et
1425 3528 1550 3600 Sancte
1566 3525 1745 3600 Anastasio
1758 3547 1778 3600 a
1793 3527 1923 3621 quibus

510 3655 735 3729 castellanum
746 3663 910 3746 tanquam
923 3671 991 3722 non
1002 3648 1177 3746 ydoneum
1186 3647 1360 3741 amovisti,
1367 3647 1574 3741 jamdudum
1583 3649 1798 3744 providimus
1809 3658 1923 3723 nostre

511 3776 764 3873 heneplacitum
793 3775 993 3866 maiestatis.
1020 3775 1069 3848 De
1095 3771 1229 3846 ancillis
1257 3773 1354 3846 curie
1382 3779 1495 3845 nostre
1526 3794 1596 3866 que
1622 3783 1703 3845 sunt
1730 3771 1766 3844 in
1795 3773 1921 3869 palatio

511 3912 628 3976 nostro
645 3901 803 3973 Messene
820 3905 871 3987 et,
893 3920 971 3969 cnm
988 3897 1120 3968 nullum
1139 3897 1318 3970 servitium
1341 3895 1487 3987 iaciant,
1508 3896 1639 3968 victum
1656 3875 1788 3968 acaria
1806 3905 1922 3970 nostra

511 4023 695 4122 recipiunt,
717 4019 924 4095 mandamns
944 4029 980 4092 ut
1001 4027 1131 4093 statuas
1149 4041 1207 4093 eas
1229 4017 1275 4092 ad
1299 4017 1417 4112 aliqua
1439 4019 1579 4092 servitia
1602 4017 1762 4092 iacienda
1782 4018 1857 4092 sive
1874 4017 1921 4093 ad

510 4149 677 4224 lilandum
693 4147 768 4220 sive
783 4144 830 4219 ad
843 4145 911 4218 alia
924 4163 1143 4238 quecumque
1156 4163 1261 4239 opera
1274 4153 1312 4215 ut
1327 4163 1452 4238 panem
1472 4163 1541 4216 non
1560 4139 1742 4215 comedant
1756 4142 1917 4215 otiosum.

510 4277 562 4348 De
576 4275 642 4347 hoc
659 4271 755 4367 qnod
775 4268 948 4363 magistris
972 4267 1177 4360 asbergeriie
1192 4267 1349 4360 quisunt
1368 4265 1404 4336 in
1422 4265 1554 4361 palatio
1571 4275 1686 4339 nostro
1702 4265 1858 4339 llessane
1873 4265 1920 4338 ed

510 4395 738 4470 laborandum
753 4415 814 4488 pro
832 4393 927 4465 curia
944 4399 1060 4463 nostra
1083 4389 1216 4480 statuti,
1237 4397 1306 4462 tam
1329 4410 1391 4484 pro
1404 4388 1454 4463 eis
1469 4409 1575 4482 qnam
1593 4409 1654 4484 pro
1671 4387 1839 4464 iaciendis
1853 4389 1919 4461 ler-

510 4520 674 4593 ramentis
689 4538 810 4591 eornm
826 4525 993 4611 oportuna
1011 4512 1096 4586 facis
1112 4511 1230 4602 tribui,
1250 4513 1363 4609 placet
1384 4499 1494 4585 nobis.
1515 4511 1617 4597 Quod
1632 4519 1747 4584 autem
1769 4511 1806 4582 in
1823 4496 1915 4584 Mes-

510 4666 597 4718 sana
608 4642 762 4738 magistri
775 4640 833 4714 alii
850 4661 919 4712 non
936 4647 1017 4712 sunt
1038 4637 1100 4732 qui
1121 4636 1229 4709 sciant
1242 4657 1323 4708 cum
1341 4636 1392 4708 eis
1411 4635 1456 4709 de
1471 4655 1590 4709 eornm
1608 4634 1797 4707 ministerio
1818 4635 1915 4708 labo·

511 4789 600 4862 rare,
614 4788 695 4840 ecce
709 4763 805 4862 quod
821 4763 911 4836 sicut
928 4761 1095 4858 scripsisti
1110 4760 1246 4834 licteras
1260 4769 1391 4834 noemae
1407 4759 1583 4833 mictimns
1597 4756 1694 4856 apud
1708 4759 1804 4832 Pisas
1816 4767 1857 4831 ut
1870 4758 1918 4833 de
2009 4800 2013 4806 ·
