4358 5996
244 639 342 698 laurar.
360 633 420 718 tt]
672 631 868 692 HISTORIA
892 632 1186 696 oratottathtt
1214 581 1218 588 *
1575 631 1651 691 loct

245 792 350 858 num,
372 771 420 842 ita
444 767 540 862 quod
564 775 677 864 prater
705 766 823 840 divine
847 768 1081 841 retributionis
1103 770 1271 864 premium
1297 768 1441 862 gratiam
1466 767 1653 862 apostolice

244 891 339 967 sedis
357 904 392 966 et
404 901 555 966 nostram
574 889 703 964 exinde
721 890 861 964 uberius
880 891 1054 966 merearis.

915 1144 980 1214 lll.

293 1305 544 1378 llacommeudut
555 1301 650 1400 popa
662 1305 859 1396 maistam
871 1303 1038 1375 diductam
1052 1304 1182 1375 domino
1191 1307 1295 1398 thuias
1309 1305 1461 1396 maytstri
1471 1303 1603 1375 Alhcrti.

295 1467 515 1567 [Gregorius,
540 1478 624 1556 otc,
645 1467 728 1541 duci
753 1467 917 1558 Bavaris,
942 1466 1029 1566 em]
1052 1470 1095 1541 Ut
1115 1469 1278 1561 magister
1298 1466 1458 1540 Alhertus
1481 1467 1653 1540 archidia-

248 1613 356 1665 conus
365 1593 607 1664 laureacensis
616 1589 683 1686 (l),
696 1613 800 1686 quem
813 1612 876 1663 sue
887 1592 1008 1664 merito
1021 1591 1198 1686 probitatis
1207 1592 1340 1664 sincere
1350 1591 1499 1662 caritatis
1508 1591 1656 1665 brachiis

247 1715 503 1810 amplexamur,
520 1723 580 1784 tuo
598 1714 716 1784 lavore
731 1713 892 1784 suffultus
916 1713 961 1786 ab
978 1713 1134 1786 indebita
1157 1713 1351 1785 emulorum
1371 1734 1512 1784 suorum
1535 1713 1580 1784 sit
1605 1713 1657 1785 in·

246 1836 460 1930 quietationa
480 1855 622 1906 securus
644 1843 737 1904 etse
759 1833 820 1904 tibi
845 1853 905 1926 pro
927 1833 1079 1926 eoquod
1100 1833 1195 1925 apud
1216 1854 1279 1904 nos
1301 1831 1447 1904 fideliter
1470 1833 1655 1925 laboravit,

247 1959 361 2053 magis
377 1957 541 2029 exhibere
554 1958 669 2030 valeat
686 1959 912 2048 fructuosum,
934 1956 1147 2029 nobilitatem
1166 1965 1261 2027 tuam
1285 1954 1476 2048 rogandam
1491 1955 1659 2030 duximus

248 2093 284 2156 et
305 2079 514 2154 monendam
540 2080 704 2174 quatinus
729 2079 796 2151 sibi
819 2079 988 2153 adversus
1013 2077 1228 2169 injuriatores
1254 2098 1336 2149 suos
1360 2078 1465 2150 laicos
1489 2089 1577 2152 terre
1601 2089 1660 2152 tue

249 2204 400 2301 presidio
424 2203 633 2276 detensionis
654 2204 837 2294 assistens,
861 2226 930 2276 non
956 2202 1131 2298 permittas
1154 2201 1332 2274 evidenter
1348 2224 1451 2296 super
1467 2203 1660 2276 redditibus

251 2327 322 2399 suis
336 2347 357 2398 a
369 2346 580 2420 quocunque
593 2326 681 2398 laico
698 2327 775 2418 ejus
788 2335 892 2413 terre,
913 2335 1214 2420 quantuscumque
1226 2324 1346 2412 luerit,
1366 2325 1520 2399 indebita
1535 2327 1660 2400 moles·

252 2451 333 2540 tari,
353 2450 585 2522 molestatores
600 2449 801 2540 hujusmodi
819 2450 935 2522 taliter
952 2447 1202 2542 compescendo
1214 2447 1310 2542 quod
1332 2445 1552 2522 devotionem
1566 2458 1661 2522 tuam

252 2573 424 2667 possimus
436 2573 557 2645 morito
575 2571 828 2646 commendare.

307 3057 541 3166 Fridericus‚
579 3059 839 3142 Romanorum
875 3058 1099 3167 imperator,
1128 3068 1259 3140 narrat
1285 3059 1365 3168 rogi
1402 3059 1563 3170 Angliae
1598 3087 1665 3145 seu
1725 3105 1846 3149 amn.

1709 3162 1733 3202 ln
1747 3160 1861 3202 ubaldione

257 3190 437 3273 Francius
460 3191 685 3274 calliditates
707 3190 851 3273 summi
868 3190 1058 3272 Pontificio
1076 3191 1143 3301 qui
1161 3189 1365 3273 concilium
1386 3201 1517 3274 contra
1539 3193 1666 3300 ipsum
1695 3213 1874 3320 ¹5:333&

259 3347 465 3406 convocare
483 3323 704 3431 disponens,
725 3347 794 3430 per
821 3322 1041 3432 episcopum
1067 3322 1299 3405 Brixieusom
1324 3322 1431 3430 petiit
1457 3321 1497 3402 iu
1523 3324 1667 3433 treugis

259 3455 456 3564 usquead
485 3453 625 3538 iustum
657 3454 824 3538 Paschae
852 3453 1117 3538 contrahendis
1147 3453 1381 3537 Lombardos
1410 3453 1570 3537 rebelles
1595 3455 1666 3536 in-

262 3586 363 3669 cludi
390 3615 400 3665 :
426 3611 523 3696 quas
550 3585 705 3696 quidem
737 3610 824 3668 cum
853 3587 954 3694 Papa
982 3586 1078 3667 inire
1104 3586 1295 3692 concedit,
1323 3585 1548 3668 Lombardis
1578 3613 1668 3670 vero

261 3719 411 3825 penitus
428 3719 610 3823 exclusis3
631 3718 699 3800 sad
716 3717 843 3802 vocari
864 3717 1067 3801 concilium
1086 3717 1247 3799 durante
1269 3717 1458 3800 discordia
1476 3743 1553 3801 non
1571 3745 1667 3827 per-

262 3850 378 3932 mittit
395 3850 709 3959 secmitutemque
726 3849 963 3932 venientibus
981 3849 1138 3931 omniuo
1156 3849 1331 3958 denegat.

345 4036 441 4113 (unt.
460 4053 509 4112 ap.
531 4035 614 4096 retr.
630 4033 665 4095 ιιι
683 4035 747 4096 rra.
771 4035 886 4116 Epist,
903 4036 955 4096 ru.
974 4037 1006 4110 1,
1030 4051 1096 4112 ap.
1117 4043 1166 4096 ιι.
1185 4065 1226 4080 -
1243 4035 1338 4096 nnn.
1361 4035 1479 4114 rma,
1501 4015 1576 4098 aas.
1596 4038 1668 4118 maj.

383 4138 506 4221 Aeolon
526 4141 565 4214 ad
587 4150 816 4220 ann.1240,p.
835 4151 904 4218 tut,
919 4145 950 4202 ln
968 4141 1039 4202 edit.
1058 4149 1152 4218 1644,
1173 4140 1225 4200 ubl
1242 4148 1329 4201 notate
1348 4142 1570 4220 chronologicae
1584 4160 1670 4220 rapa·

384 4244 512 4322 rluutur,
524 4243 575 4304 sed
587 4245 706 4304 lnttlum
718 4243 800 4304 deest
810 4260 904 4322 usque
916 4244 955 4303 ad
965 4243 1072 4304 verba:
1086 4237 1219 4319 Ouulitcr
1231 4239 1669 4323 mimadmtdtum-Pnurz,
1701 4305 1703 4309 ,
1723 4250 1726 4257 ’

383 4350 511 4409 itonam.
528 4350 623 4411 Gerar.
638 4349 728 4423 aot,
742 4355 766 4409 t.
785 4349 838 4422 lv,
856 4365 887 4425 p.
908 4357 977 4422 tat,
996 4365 1033 4408 ex
1047 4349 1140 4408 codlo.
1156 4347 1230 4408 blbl.
1247 4348 1391 4426 Vindob.‚
1410 4349 1462 4410 nhl
1475 4350 1668 4411 lnscrlbltur=

303 4529 340 4603 (1)
359 4531 418 4586 tam
438 4544 509 4586 anuo
533 4531 603 4588 tato
622 4529 868 4587 archidiaconatum
888 4529 1074 4586 Patariensom
1095 4527 1314 4587 archidiaconatu
1332 4531 1510 4588 Lauraaconsi
1531 4529 1628 4604 (lorch
1644 4530 1671 4587 in

268 4625 388 4698 dustria)
405 4626 588 4684 cumrdarerat
601 4625 739 4698 hibertus,
757 4627 828 4684 sicut
843 4641 877 4685 ax
890 4625 974 4699 ipsius
987 4625 1083 4683 litteris
1096 4625 1242 4684 noscimus.
1258 4625 1300 4685 (ll.
1318 4627 1442 4698 Horma,
1459 4627 1509 4684 loc.
1524 4643 1600 4701 supr.
1612 4627 1672 4698 cit„

267 4738 296 4795 p.
312 4725 358 4781 tlt.

344 4820 383 4882 V.
406 4836 493 4883 rana.
1460 4832 1513 4884 tttt
