<?xml version="1.0" encoding="UTF-8"?>
<!DOCTYPE html PUBLIC "-//W3C//DTD XHTML 1.0 Transitional//EN"
    "http://www.w3.org/TR/xhtml1/DTD/xhtml1-transitional.dtd">
<html xmlns="http://www.w3.org/1999/xhtml" xml:lang="en" lang="en">
 <head>
  <title>
</title>
<meta http-equiv="Content-Type" content="text/html;charset=utf-8" />
  <meta name='ocr-system' content='tesseract 3.04.00' />
  <meta name='ocr-capabilities' content='ocr_page ocr_carea ocr_par ocr_line ocrx_word'/>
</head>
<body>
  <div class='ocr_page' id='page_1' title='image "./historiadiploma01fredgoog_0297.png"; bbox 0 0 4374 6010; ppageno 0'>
   <div class='ocr_carea' id='block_1_1' title="bbox 203 621 1624 705">
    <p class='ocr_par' dir='ltr' id='par_1_1' title="bbox 203 621 1624 705">
     <span class='ocr_line' id='line_1_1' title="bbox 203 621 1624 705; baseline -0.001 -14"><span class='ocrx_word' id='word_1_1' title='bbox 203 629 306 691; x_wconf 67' lang='lat' dir='ltr'>Inuum</span> <span class='ocrx_word' id='word_1_2' title='bbox 326 626 391 705; x_wconf 79' lang='lat' dir='ltr'>ta]</span> <span class='ocrx_word' id='word_1_3' title='bbox 658 623 858 688; x_wconf 75' lang='lat' dir='ltr'>HISTORIA</span> <span class='ocrx_word' id='word_1_4' title='bbox 884 621 1179 685; x_wconf 75' lang='lat' dir='ltr'>ututouautcn</span> <span class='ocrx_word' id='word_1_5' title='bbox 1565 626 1624 690; x_wconf 81' lang='lat' dir='ltr'>att</span> 
     </span>
    </p>
   </div>
   <div class='ocr_carea' id='block_1_2' title="bbox 204 757 1628 2832">
    <p class='ocr_par' dir='ltr' id='par_1_2' title="bbox 204 757 1628 2706">
     <span class='ocr_line' id='line_1_2' title="bbox 253 757 1628 857; baseline 0.004 -25"><span class='ocrx_word' id='word_1_6' title='bbox 253 760 480 852; x_wconf 84' lang='lat' dir='ltr'>Fredericus,</span> <span class='ocrx_word' id='word_1_7' title='bbox 501 767 584 852; x_wconf 79' lang='lat' dir='ltr'>ete,</span> <span class='ocrx_word' id='word_1_8' title='bbox 597 757 764 834; x_wconf 84' lang='lat' dir='ltr'>Rioeardo</span> <span class='ocrx_word' id='word_1_9' title='bbox 780 759 827 834; x_wconf 91' lang='lat' dir='ltr'>de</span> <span class='ocrx_word' id='word_1_10' title='bbox 842 759 1005 849; x_wconf 84' lang='lat' dir='ltr'>Poleam,</span> <span class='ocrx_word' id='word_1_11' title='bbox 1027 766 1093 832; x_wconf 89' lang='lat' dir='ltr'>etc.</span> <span class='ocrx_word' id='word_1_12' title='bbox 1112 757 1252 832; x_wconf 85' lang='lat' dir='ltr'>Dudum</span> <span class='ocrx_word' id='word_1_13' title='bbox 1275 759 1497 832; x_wconf 79' lang='lat' dir='ltr'><strong>Laurentium</strong></span> <span class='ocrx_word' id='word_1_14' title='bbox 1513 759 1564 857; x_wconf 88' lang='lat' dir='ltr'>(a)</span> <span class='ocrx_word' id='word_1_15' title='bbox 1582 761 1628 836; x_wconf 91' lang='lat' dir='ltr'>de</span> 
     </span>
     <span class='ocr_line' id='line_1_3' title="bbox 204 883 1628 978; baseline 0 -20"><span class='ocrx_word' id='word_1_16' title='bbox 204 887 335 959; x_wconf 78' lang='lat' dir='ltr'>Suessa</span> <span class='ocrx_word' id='word_1_17' title='bbox 349 883 488 959; x_wconf 85' lang='lat' dir='ltr'>fidelem</span> <span class='ocrx_word' id='word_1_18' title='bbox 501 892 655 956; x_wconf 88' lang='lat' dir='ltr'>nostrum</span> <span class='ocrx_word' id='word_1_19' title='bbox 671 883 882 978; x_wconf 87' lang='lat' dir='ltr'>provisorem</span> <span class='ocrx_word' id='word_1_20' title='bbox 897 892 1087 958; x_wconf 86' lang='lat' dir='ltr'>castrorum</span> <span class='ocrx_word' id='word_1_21' title='bbox 1100 891 1295 956; x_wconf 88' lang='lat' dir='ltr'>nostrorum</span> <span class='ocrx_word' id='word_1_22' title='bbox 1308 883 1344 954; x_wconf 93' lang='lat' dir='ltr'>in</span> <span class='ocrx_word' id='word_1_23' title='bbox 1355 883 1628 978; x_wconf 87' lang='lat' dir='ltr'>partibusTerre</span> 
     </span>
     <span class='ocr_line' id='line_1_4' title="bbox 205 1005 1627 1104; baseline 0.001 -23"><span class='ocrx_word' id='word_1_24' title='bbox 205 1007 352 1081; x_wconf 77' lang='lat' dir='ltr'>laboris</span> <span class='ocrx_word' id='word_1_25' title='bbox 375 1015 410 1080; x_wconf 88' lang='lat' dir='ltr'>et</span> <span class='ocrx_word' id='word_1_26' title='bbox 429 1005 646 1098; x_wconf 88' lang='lat' dir='ltr'>Principetus</span> <span class='ocrx_word' id='word_1_27' title='bbox 671 1007 934 1100; x_wconf 88' lang='lat' dir='ltr'>constituentes,</span> <span class='ocrx_word' id='word_1_28' title='bbox 955 1007 1157 1104; x_wconf 80' lang='lat' dir='ltr'>scripsimus</span> <span class='ocrx_word' id='word_1_29' title='bbox 1181 1005 1355 1102; x_wconf 86' lang='lat' dir='ltr'>Stephano</span> <span class='ocrx_word' id='word_1_30' title='bbox 1376 1006 1421 1081; x_wconf 91' lang='lat' dir='ltr'>de</span> <span class='ocrx_word' id='word_1_31' title='bbox 1438 1009 1627 1084; x_wconf 86' lang='lat' dir='ltr'>Romouldo</span> 
     </span>
     <span class='ocr_line' id='line_1_5' title="bbox 205 1129 1626 1228; baseline 0.001 -24"><span class='ocrx_word' id='word_1_32' title='bbox 205 1131 251 1204; x_wconf 91' lang='lat' dir='ltr'>de</span> <span class='ocrx_word' id='word_1_33' title='bbox 265 1132 359 1204; x_wconf 90' lang='lat' dir='ltr'>Baro</span> <span class='ocrx_word' id='word_1_34' title='bbox 376 1130 439 1226; x_wconf 89' lang='lat' dir='ltr'>qui</span> <span class='ocrx_word' id='word_1_35' title='bbox 454 1138 603 1204; x_wconf 90' lang='lat' dir='ltr'>statutus</span> <span class='ocrx_word' id='word_1_36' title='bbox 618 1139 692 1204; x_wconf 88' lang='lat' dir='ltr'>erat</span> <span class='ocrx_word' id='word_1_37' title='bbox 709 1130 869 1203; x_wconf 84' lang='lat' dir='ltr'>collector</span> <span class='ocrx_word' id='word_1_38' title='bbox 893 1129 1041 1226; x_wconf 79' lang='lat' dir='ltr'>pecunie</span> <span class='ocrx_word' id='word_1_39' title='bbox 1057 1129 1154 1204; x_wconf 89' lang='lat' dir='ltr'>curie</span> <span class='ocrx_word' id='word_1_40' title='bbox 1176 1138 1291 1204; x_wconf 89' lang='lat' dir='ltr'>nostre</span> <span class='ocrx_word' id='word_1_41' title='bbox 1312 1129 1349 1202; x_wconf 92' lang='lat' dir='ltr'>in</span> <span class='ocrx_word' id='word_1_42' title='bbox 1367 1130 1523 1226; x_wconf 90' lang='lat' dir='ltr'>partibus</span> <span class='ocrx_word' id='word_1_43' title='bbox 1542 1132 1626 1228; x_wconf 89' lang='lat' dir='ltr'>ipsis</span> 
     </span>
     <span class='ocr_line' id='line_1_6' title="bbox 204 1253 1626 1351; baseline 0 -23"><span class='ocrx_word' id='word_1_44' title='bbox 204 1263 244 1328; x_wconf 91' lang='lat' dir='ltr'>nt</span> <span class='ocrx_word' id='word_1_45' title='bbox 257 1253 377 1328; x_wconf 89' lang='lat' dir='ltr'>eidem</span> <span class='ocrx_word' id='word_1_46' title='bbox 392 1253 572 1328; x_wconf 86' lang='lat' dir='ltr'>GuiIIeImo</span> <span class='ocrx_word' id='word_1_47' title='bbox 585 1274 649 1348; x_wconf 91' lang='lat' dir='ltr'>pro</span> <span class='ocrx_word' id='word_1_48' title='bbox 664 1253 785 1328; x_wconf 89' lang='lat' dir='ltr'>solidis</span> <span class='ocrx_word' id='word_1_49' title='bbox 798 1273 1024 1350; x_wconf 89' lang='lat' dir='ltr'>personarum</span> <span class='ocrx_word' id='word_1_50' title='bbox 1046 1261 1252 1326; x_wconf 90' lang='lat' dir='ltr'>statutarum</span> <span class='ocrx_word' id='word_1_51' title='bbox 1265 1254 1301 1325; x_wconf 92' lang='lat' dir='ltr'>iu</span> <span class='ocrx_word' id='word_1_52' title='bbox 1319 1255 1441 1326; x_wconf 85' lang='lat' dir='ltr'>castris</span> <span class='ocrx_word' id='word_1_53' title='bbox 1457 1254 1542 1350; x_wconf 90' lang='lat' dir='ltr'>ipsis</span> <span class='ocrx_word' id='word_1_54' title='bbox 1564 1278 1626 1351; x_wconf 90' lang='lat' dir='ltr'>pe·</span> 
     </span>
     <span class='ocr_line' id='line_1_7' title="bbox 205 1376 1625 1474; baseline 0.001 -23"><span class='ocrx_word' id='word_1_55' title='bbox 205 1377 348 1452; x_wconf 81' lang='lat' dir='ltr'>ouuinm</span> <span class='ocrx_word' id='word_1_56' title='bbox 361 1377 590 1452; x_wconf 84' lang='lat' dir='ltr'>neeessariam</span> <span class='ocrx_word' id='word_1_57' title='bbox 602 1377 781 1471; x_wconf 80' lang='lat' dir='ltr'>exhibeat,</span> <span class='ocrx_word' id='word_1_58' title='bbox 796 1387 831 1452; x_wconf 91' lang='lat' dir='ltr'>et</span> <span class='ocrx_word' id='word_1_59' title='bbox 844 1399 906 1474; x_wconf 93' lang='lat' dir='ltr'>pro</span> <span class='ocrx_word' id='word_1_60' title='bbox 920 1377 1082 1473; x_wconf 85' lang='lat' dir='ltr'>expensis</span> <span class='ocrx_word' id='word_1_61' title='bbox 1096 1377 1183 1468; x_wconf 84' lang='lat' dir='ltr'>suis,</span> <span class='ocrx_word' id='word_1_62' title='bbox 1196 1376 1432 1472; x_wconf 79' lang='lat' dir='ltr'>videticctpro</span> <span class='ocrx_word' id='word_1_63' title='bbox 1445 1400 1495 1470; x_wconf 89' lang='lat' dir='ltr'>se,</span> <span class='ocrx_word' id='word_1_64' title='bbox 1515 1379 1625 1452; x_wconf 89' lang='lat' dir='ltr'>tribus</span> 
     </span>
     <span class='ocr_line' id='line_1_8' title="bbox 205 1500 1625 1597; baseline 0 -23"><span class='ocrx_word' id='word_1_65' title='bbox 205 1501 410 1576; x_wconf 89' lang='lat' dir='ltr'>hominibus</span> <span class='ocrx_word' id='word_1_66' title='bbox 425 1510 460 1576; x_wconf 91' lang='lat' dir='ltr'>et</span> <span class='ocrx_word' id='word_1_67' title='bbox 475 1511 626 1596; x_wconf 89' lang='lat' dir='ltr'>quatuor</span> <span class='ocrx_word' id='word_1_68' title='bbox 639 1501 752 1597; x_wconf 89' lang='lat' dir='ltr'>equis,</span> <span class='ocrx_word' id='word_1_69' title='bbox 767 1501 852 1575; x_wconf 90' lang='lat' dir='ltr'>dum</span> <span class='ocrx_word' id='word_1_70' title='bbox 865 1503 903 1574; x_wconf 92' lang='lat' dir='ltr'>iu</span> <span class='ocrx_word' id='word_1_71' title='bbox 921 1500 1045 1576; x_wconf 91' lang='lat' dir='ltr'>eodem</span> <span class='ocrx_word' id='word_1_72' title='bbox 1057 1501 1197 1574; x_wconf 88' lang='lat' dir='ltr'>servitio</span> <span class='ocrx_word' id='word_1_73' title='bbox 1213 1509 1328 1574; x_wconf 89' lang='lat' dir='ltr'>nostro</span> <span class='ocrx_word' id='word_1_74' title='bbox 1343 1512 1445 1591; x_wconf 86' lang='lat' dir='ltr'>esset,</span> <span class='ocrx_word' id='word_1_75' title='bbox 1460 1503 1625 1576; x_wconf 80' lang='lat' dir='ltr'>exhibeat</span> 
     </span>
     <span class='ocr_line' id='line_1_9' title="bbox 204 1623 1620 1720; baseline 0.002 -23"><span class='ocrx_word' id='word_1_76' title='bbox 204 1645 393 1720; x_wconf 83' lang='lat' dir='ltr'>expensas.</span> <span class='ocrx_word' id='word_1_77' title='bbox 408 1625 537 1698; x_wconf 79' lang='lat' dir='ltr'>Verum</span> <span class='ocrx_word' id='word_1_78' title='bbox 550 1646 631 1698; x_wconf 91' lang='lat' dir='ltr'>com</span> <span class='ocrx_word' id='word_1_79' title='bbox 648 1623 824 1720; x_wconf 87' lang='lat' dir='ltr'>predictus</span> <span class='ocrx_word' id='word_1_80' title='bbox 846 1625 1042 1720; x_wconf 80' lang='lat' dir='ltr'>Stephanus</span> <span class='ocrx_word' id='word_1_81' title='bbox 1065 1624 1111 1696; x_wconf 89' lang='lat' dir='ltr'>ab</span> <span class='ocrx_word' id='word_1_82' title='bbox 1127 1623 1250 1698; x_wconf 87' lang='lat' dir='ltr'>eodem</span> <span class='ocrx_word' id='word_1_83' title='bbox 1271 1624 1384 1698; x_wconf 87' lang='lat' dir='ltr'>officio</span> <span class='ocrx_word' id='word_1_84' title='bbox 1403 1626 1449 1697; x_wconf 89' lang='lat' dir='ltr'>sit</span> <span class='ocrx_word' id='word_1_85' title='bbox 1466 1636 1620 1716; x_wconf 88' lang='lat' dir='ltr'>amotus,</span> 
     </span>
     <span class='ocr_line' id='line_1_10' title="bbox 205 1745 1620 1844; baseline 0.002 -24"><span class='ocrx_word' id='word_1_86' title='bbox 205 1745 366 1822; x_wconf 82' lang='lat' dir='ltr'>fidelitati</span> <span class='ocrx_word' id='word_1_87' title='bbox 386 1755 446 1820; x_wconf 90' lang='lat' dir='ltr'>tue</span> <span class='ocrx_word' id='word_1_88' title='bbox 461 1745 686 1844; x_wconf 85' lang='lat' dir='ltr'>precipiendo</span> <span class='ocrx_word' id='word_1_89' title='bbox 707 1747 916 1822; x_wconf 89' lang='lat' dir='ltr'>mandamus</span> <span class='ocrx_word' id='word_1_90' title='bbox 938 1757 1109 1842; x_wconf 89' lang='lat' dir='ltr'>quatenus</span> <span class='ocrx_word' id='word_1_91' title='bbox 1134 1747 1249 1822; x_wconf 90' lang='lat' dir='ltr'>eidem</span> <span class='ocrx_word' id='word_1_92' title='bbox 1273 1747 1454 1822; x_wconf 86' lang='lat' dir='ltr'>Guiltelmo</span> <span class='ocrx_word' id='word_1_93' title='bbox 1480 1771 1542 1844; x_wconf 93' lang='lat' dir='ltr'>pro</span> <span class='ocrx_word' id='word_1_94' title='bbox 1565 1771 1620 1840; x_wconf 89' lang='lat' dir='ltr'>se,</span> 
     </span>
     <span class='ocr_line' id='line_1_11' title="bbox 205 1869 1623 1966; baseline 0.002 -26"><span class='ocrx_word' id='word_1_95' title='bbox 205 1869 316 1943; x_wconf 87' lang='lat' dir='ltr'>tribus</span> <span class='ocrx_word' id='word_1_96' title='bbox 342 1869 543 1943; x_wconf 89' lang='lat' dir='ltr'>hominibus</span> <span class='ocrx_word' id='word_1_97' title='bbox 566 1880 601 1944; x_wconf 90' lang='lat' dir='ltr'>et</span> <span class='ocrx_word' id='word_1_98' title='bbox 622 1879 771 1965; x_wconf 91' lang='lat' dir='ltr'>quatuor</span> <span class='ocrx_word' id='word_1_99' title='bbox 798 1871 898 1966; x_wconf 91' lang='lat' dir='ltr'>equis</span> <span class='ocrx_word' id='word_1_100' title='bbox 921 1871 1025 1963; x_wconf 84' lang='lat' dir='ltr'>juxta</span> <span class='ocrx_word' id='word_1_101' title='bbox 1046 1870 1189 1942; x_wconf 82' lang='lat' dir='ltr'>assisam</span> <span class='ocrx_word' id='word_1_102' title='bbox 1213 1869 1308 1941; x_wconf 89' lang='lat' dir='ltr'>curie</span> <span class='ocrx_word' id='word_1_103' title='bbox 1334 1879 1450 1942; x_wconf 91' lang='lat' dir='ltr'>nostre</span> <span class='ocrx_word' id='word_1_104' title='bbox 1474 1871 1559 1943; x_wconf 91' lang='lat' dir='ltr'>dum</span> <span class='ocrx_word' id='word_1_105' title='bbox 1587 1872 1623 1944; x_wconf 90' lang='lat' dir='ltr'>iu</span> 
     </span>
     <span class='ocr_line' id='line_1_12' title="bbox 208 1991 1624 2088; baseline 0.001 -24"><span class='ocrx_word' id='word_1_106' title='bbox 208 1991 332 2065; x_wconf 91' lang='lat' dir='ltr'>eodem</span> <span class='ocrx_word' id='word_1_107' title='bbox 355 1993 497 2066; x_wconf 84' lang='lat' dir='ltr'>servitio</span> <span class='ocrx_word' id='word_1_108' title='bbox 520 2003 638 2068; x_wconf 90' lang='lat' dir='ltr'>nostro</span> <span class='ocrx_word' id='word_1_109' title='bbox 655 1993 777 2086; x_wconf 82' lang='lat' dir='ltr'>tuerit,</span> <span class='ocrx_word' id='word_1_110' title='bbox 803 2015 865 2088; x_wconf 89' lang='lat' dir='ltr'>pro</span> <span class='ocrx_word' id='word_1_111' title='bbox 886 2004 1038 2088; x_wconf 88' lang='lat' dir='ltr'>tempora</span> <span class='ocrx_word' id='word_1_112' title='bbox 1063 2013 1135 2088; x_wconf 93' lang='lat' dir='ltr'>quo</span> <span class='ocrx_word' id='word_1_113' title='bbox 1160 2013 1334 2088; x_wconf 80' lang='lat' dir='ltr'>expensas</span> <span class='ocrx_word' id='word_1_114' title='bbox 1352 1992 1445 2088; x_wconf 88' lang='lat' dir='ltr'>ipsas</span> <span class='ocrx_word' id='word_1_115' title='bbox 1470 1994 1532 2066; x_wconf 92' lang='lat' dir='ltr'>tibi</span> <span class='ocrx_word' id='word_1_116' title='bbox 1553 2016 1624 2068; x_wconf 91' lang='lat' dir='ltr'>non</span> 
     </span>
     <span class='ocr_line' id='line_1_13' title="bbox 207 2116 1624 2212; baseline 0.001 -23"><span class='ocrx_word' id='word_1_117' title='bbox 207 2116 379 2212; x_wconf 83' lang='lat' dir='ltr'>recepisse</span> <span class='ocrx_word' id='word_1_118' title='bbox 394 2118 602 2208; x_wconf 88' lang='lat' dir='ltr'>constiterit,</span> <span class='ocrx_word' id='word_1_119' title='bbox 621 2118 750 2193; x_wconf 90' lang='lat' dir='ltr'>debeas</span> <span class='ocrx_word' id='word_1_120' title='bbox 762 2119 941 2192; x_wconf 84' lang='lat' dir='ltr'>exhibere.</span> <span class='ocrx_word' id='word_1_121' title='bbox 960 2117 1167 2191; x_wconf 88' lang='lat' dir='ltr'>Mandamus</span> <span class='ocrx_word' id='word_1_122' title='bbox 1183 2118 1286 2190; x_wconf 89' lang='lat' dir='ltr'>etiam</span> <span class='ocrx_word' id='word_1_123' title='bbox 1300 2126 1338 2188; x_wconf 92' lang='lat' dir='ltr'>ut</span> <span class='ocrx_word' id='word_1_124' title='bbox 1355 2138 1418 2211; x_wconf 92' lang='lat' dir='ltr'>pro</span> <span class='ocrx_word' id='word_1_125' title='bbox 1433 2119 1624 2192; x_wconf 88' lang='lat' dir='ltr'>munitione</span> 
     </span>
     <span class='ocr_line' id='line_1_14' title="bbox 210 2239 1623 2336; baseline 0.003 -24"><span class='ocrx_word' id='word_1_126' title='bbox 210 2249 402 2313; x_wconf 90' lang='lat' dir='ltr'>castrorum</span> <span class='ocrx_word' id='word_1_127' title='bbox 422 2249 617 2314; x_wconf 89' lang='lat' dir='ltr'>nostrorum</span> <span class='ocrx_word' id='word_1_128' title='bbox 635 2241 785 2336; x_wconf 88' lang='lat' dir='ltr'>partium</span> <span class='ocrx_word' id='word_1_129' title='bbox 808 2240 1038 2336; x_wconf 85' lang='lat' dir='ltr'>predictarum</span> <span class='ocrx_word' id='word_1_130' title='bbox 1059 2241 1242 2336; x_wconf 91' lang='lat' dir='ltr'>pecuniam</span> <span class='ocrx_word' id='word_1_131' title='bbox 1260 2261 1322 2335; x_wconf 89' lang='lat' dir='ltr'>por</span> <span class='ocrx_word' id='word_1_132' title='bbox 1337 2239 1483 2329; x_wconf 87' lang='lat' dir='ltr'>solidos,</span> <span class='ocrx_word' id='word_1_133' title='bbox 1501 2242 1623 2316; x_wconf 90' lang='lat' dir='ltr'>viuum</span> 
     </span>
     <span class='ocr_line' id='line_1_15' title="bbox 209 2361 1623 2459; baseline 0 -23"><span class='ocrx_word' id='word_1_134' title='bbox 209 2363 421 2443; x_wconf 83' lang='lat' dir='ltr'>etvictualia</span> <span class='ocrx_word' id='word_1_135' title='bbox 445 2385 507 2459; x_wconf 89' lang='lat' dir='ltr'>per</span> <span class='ocrx_word' id='word_1_136' title='bbox 524 2363 718 2456; x_wconf 84' lang='lat' dir='ltr'>videndas,</span> <span class='ocrx_word' id='word_1_137' title='bbox 740 2373 776 2436; x_wconf 93' lang='lat' dir='ltr'>et</span> <span class='ocrx_word' id='word_1_138' title='bbox 791 2364 858 2437; x_wconf 90' lang='lat' dir='ltr'>aIia</span> <span class='ocrx_word' id='word_1_139' title='bbox 879 2371 1051 2458; x_wconf 89' lang='lat' dir='ltr'>oportuna</span> <span class='ocrx_word' id='word_1_140' title='bbox 1072 2362 1186 2434; x_wconf 90' lang='lat' dir='ltr'>eidem</span> <span class='ocrx_word' id='word_1_141' title='bbox 1207 2361 1389 2436; x_wconf 89' lang='lat' dir='ltr'>GuiIIelmo</span> <span class='ocrx_word' id='word_1_142' title='bbox 1406 2362 1451 2436; x_wconf 87' lang='lat' dir='ltr'>ad</span> <span class='ocrx_word' id='word_1_143' title='bbox 1473 2366 1623 2458; x_wconf 84' lang='lat' dir='ltr'>requisi-</span> 
     </span>
     <span class='ocr_line' id='line_1_16' title="bbox 210 2477 1621 2590; baseline 0.002 -30"><span class='ocrx_word' id='word_1_144' title='bbox 210 2487 338 2561; x_wconf 90' lang='lat' dir='ltr'>tionem</span> <span class='ocrx_word' id='word_1_145' title='bbox 362 2487 471 2582; x_wconf 86' lang='lat' dir='ltr'>ipsios</span> <span class='ocrx_word' id='word_1_146' title='bbox 493 2487 598 2560; x_wconf 85' lang='lat' dir='ltr'>iacias</span> <span class='ocrx_word' id='word_1_147' title='bbox 615 2477 691 2560; x_wconf 86' lang='lat' dir='ltr'>siue</span> <span class='ocrx_word' id='word_1_148' title='bbox 712 2487 848 2590; x_wconf 78' lang='lat' dir='ltr'>defectu</span> <span class='ocrx_word' id='word_1_149' title='bbox 872 2488 1026 2582; x_wconf 90' lang='lat' dir='ltr'>quolibet</span> <span class='ocrx_word' id='word_1_150' title='bbox 1053 2485 1230 2574; x_wconf 85' lang='lat' dir='ltr'>exhiberi,</span> <span class='ocrx_word' id='word_1_151' title='bbox 1250 2495 1452 2582; x_wconf 87' lang='lat' dir='ltr'>recepturus</span> <span class='ocrx_word' id='word_1_152' title='bbox 1474 2487 1519 2562; x_wconf 89' lang='lat' dir='ltr'>de</span> <span class='ocrx_word' id='word_1_153' title='bbox 1546 2511 1621 2563; x_wconf 92' lang='lat' dir='ltr'>om·</span> 
     </span>
     <span class='ocr_line' id='line_1_17' title="bbox 208 2608 878 2706; baseline -0.001 -24"><span class='ocrx_word' id='word_1_154' title='bbox 208 2609 312 2684; x_wconf 92' lang='lat' dir='ltr'>uibus</span> <span class='ocrx_word' id='word_1_155' title='bbox 332 2632 403 2706; x_wconf 88' lang='lat' dir='ltr'>que</span> <span class='ocrx_word' id='word_1_156' title='bbox 423 2610 491 2684; x_wconf 91' lang='lat' dir='ltr'>sibi</span> <span class='ocrx_word' id='word_1_157' title='bbox 515 2608 653 2685; x_wconf 87' lang='lat' dir='ltr'>dederis</span> <span class='ocrx_word' id='word_1_158' title='bbox 675 2610 878 2706; x_wconf 84' lang='lat' dir='ltr'>apodixem.</span> 
     </span>
    </p>

    <p class='ocr_par' dir='ltr' id='par_1_3' title="bbox 256 2732 1132 2832">
     <span class='ocr_line' id='line_1_18' title="bbox 256 2732 1132 2832; baseline -0.001 -26"><span class='ocrx_word' id='word_1_159' title='bbox 256 2735 383 2807; x_wconf 88' lang='lat' dir='ltr'>Datum</span> <span class='ocrx_word' id='word_1_160' title='bbox 396 2734 491 2824; x_wconf 87' lang='lat' dir='ltr'>Orte,</span> <span class='ocrx_word' id='word_1_161' title='bbox 510 2735 651 2808; x_wconf 81' lang='lat' dir='ltr'>XXVIII</span> <span class='ocrx_word' id='word_1_162' title='bbox 667 2735 813 2832; x_wconf 89' lang='lat' dir='ltr'>aprelis,</span> <span class='ocrx_word' id='word_1_163' title='bbox 826 2734 904 2807; x_wconf 87' lang='lat' dir='ltr'>XIII</span> <span class='ocrx_word' id='word_1_164' title='bbox 921 2732 1132 2808; x_wconf 76' lang='lat' dir='ltr'>indictionis.</span> 
     </span>
    </p>
   </div>
   <div class='ocr_carea' id='block_1_3' title="bbox 262 3324 1800 3438">
    <p class='ocr_par' dir='ltr' id='par_1_4' title="bbox 262 3324 1800 3438">
     <span class='ocr_line' id='line_1_19' title="bbox 262 3324 1800 3438; baseline 0.005 -28"><span class='ocrx_word' id='word_1_165' title='bbox 262 3325 443 3411; x_wconf 84' lang='lat' dir='ltr'>Mandata</span> <span class='ocrx_word' id='word_1_166' title='bbox 460 3325 511 3408; x_wconf 89' lang='lat' dir='ltr'>ad</span> <span class='ocrx_word' id='word_1_167' title='bbox 531 3334 718 3408; x_wconf 87' lang='lat' dir='ltr'>secretum</span> <span class='ocrx_word' id='word_1_168' title='bbox 739 3324 936 3411; x_wconf 86' lang='lat' dir='ltr'>Messanae</span> <span class='ocrx_word' id='word_1_169' title='bbox 952 3333 996 3410; x_wconf 91' lang='lat' dir='ltr'>ut</span> <span class='ocrx_word' id='word_1_170' title='bbox 1014 3325 1139 3410; x_wconf 89' lang='lat' dir='ltr'>mittat</span> <span class='ocrx_word' id='word_1_171' title='bbox 1154 3326 1366 3412; x_wconf 86' lang='lat' dir='ltr'>Iohannem</span> <span class='ocrx_word' id='word_1_172' title='bbox 1384 3329 1433 3414; x_wconf 90' lang='lat' dir='ltr'>de</span> <span class='ocrx_word' id='word_1_173' title='bbox 1449 3331 1622 3420; x_wconf 86' lang='lat' dir='ltr'>Dracone</span> <span class='ocrx_word' id='word_1_174' title='bbox 1713 3405 1727 3437; x_wconf 76' lang='grc'><strong>,</strong></span> <span class='ocrx_word' id='word_1_175' title='bbox 1770 3371 1800 3438; x_wconf 63' lang='lat'>2,</span> 
     </span>
    </p>
   </div>
   <div class='ocr_carea' id='block_1_4' title="bbox 211 3457 1511 3571">
    <p class='ocr_par' dir='ltr' id='par_1_5' title="bbox 211 3457 1511 3571">
     <span class='ocr_line' id='line_1_20' title="bbox 211 3457 1511 3571; baseline 0.006 -30"><span class='ocrx_word' id='word_1_176' title='bbox 211 3457 401 3568; x_wconf 83' lang='lat' dir='ltr'>captiuum</span> <span class='ocrx_word' id='word_1_177' title='bbox 418 3482 541 3567; x_wconf 88' lang='lat' dir='ltr'>usquo</span> <span class='ocrx_word' id='word_1_178' title='bbox 552 3457 728 3566; x_wconf 82' lang='lat' dir='ltr'>Multam,</span> <span class='ocrx_word' id='word_1_179' title='bbox 745 3467 783 3544; x_wconf 90' lang='lat' dir='ltr'>et</span> <span class='ocrx_word' id='word_1_180' title='bbox 801 3459 852 3542; x_wconf 90' lang='lat' dir='ltr'>ed</span> <span class='ocrx_word' id='word_1_181' title='bbox 865 3458 1069 3548; x_wconf 88' lang='lat' dir='ltr'>Paulinum</span> <span class='ocrx_word' id='word_1_182' title='bbox 1086 3461 1135 3543; x_wconf 93' lang='lat' dir='ltr'>de</span> <span class='ocrx_word' id='word_1_183' title='bbox 1147 3459 1263 3548; x_wconf 85' lang='lat' dir='ltr'>Malta</span> <span class='ocrx_word' id='word_1_184' title='bbox 1280 3487 1350 3571; x_wconf 90' lang='lat' dir='ltr'>pro</span> <span class='ocrx_word' id='word_1_185' title='bbox 1363 3463 1511 3548; x_wconf 89' lang='lat' dir='ltr'>eodem.</span> 
     </span>
    </p>
   </div>
   <div class='ocr_carea' id='block_1_5' title="bbox 291 3677 1407 3766">
    <p class='ocr_par' dir='ltr' id='par_1_6' title="bbox 291 3677 1407 3766">
     <span class='ocr_line' id='line_1_21' title="bbox 291 3677 1407 3766; baseline 0.004 -24"><span class='ocrx_word' id='word_1_186' title='bbox 291 3679 418 3764; x_wconf 62' lang='lat' dir='ltr'>(umet.</span> <span class='ocrx_word' id='word_1_187' title='bbox 435 3680 540 3761; x_wconf 70' lang='lat' dir='ltr'>anper.</span> <span class='ocrx_word' id='word_1_188' title='bbox 551 3677 669 3742; x_wconf 62' lang='grc' dir='ltr'>Μαι.</span> <span class='ocrx_word' id='word_1_189' title='bbox 683 3680 725 3762; x_wconf 86' lang='lat'>11,</span> <span class='ocrx_word' id='word_1_190' title='bbox 739 3679 792 3743; x_wconf 87' lang='lat' dir='ltr'>IoI.</span> <span class='ocrx_word' id='word_1_191' title='bbox 810 3689 867 3744; x_wconf 75' lang='lat'>104</span> <span class='ocrx_word' id='word_1_192' title='bbox 881 3687 979 3757; x_wconf 56' lang='lat' dir='ltr'>tantm</span> <span class='ocrx_word' id='word_1_193' title='bbox 994 3684 1025 3744; x_wconf 89' lang='lat' dir='ltr'>in</span> <span class='ocrx_word' id='word_1_194' title='bbox 1037 3681 1110 3744; x_wconf 83' lang='lat' dir='ltr'>edit.</span> <span class='ocrx_word' id='word_1_195' title='bbox 1125 3683 1262 3766; x_wconf 69' lang='lat' dir='ltr'>Germ,</span> <span class='ocrx_word' id='word_1_196' title='bbox 1276 3701 1305 3762; x_wconf 88' lang='lat' dir='ltr'>p.</span> <span class='ocrx_word' id='word_1_197' title='bbox 1322 3684 1407 3766; x_wconf 79' lang='lat' dir='ltr'>tos.)</span> 
     </span>
    </p>
   </div>
   <div class='ocr_carea' id='block_1_6' title="bbox 214 3875 1622 4595">
    <p class='ocr_par' dir='ltr' id='par_1_7' title="bbox 259 3875 1330 3973">
     <span class='ocr_line' id='line_1_22' title="bbox 259 3875 1330 3973; baseline 0.006 -28"><span class='ocrx_word' id='word_1_198' title='bbox 259 3876 306 3948; x_wconf 80' lang='lat' dir='ltr'>Ite</span> <span class='ocrx_word' id='word_1_199' title='bbox 317 3875 474 3948; x_wconf 74' lang='lat' dir='ltr'>mndata</span> <span class='ocrx_word' id='word_1_200' title='bbox 490 3876 614 3949; x_wconf 69' lang='grc' dir='ltr'>Βαοιιιζς</span> <span class='ocrx_word' id='word_1_201' title='bbox 627 3875 668 3947; x_wconf 83' lang='lat' dir='ltr'>dc</span> <span class='ocrx_word' id='word_1_202' title='bbox 685 3875 906 3949; x_wconf 79' lang='lat' dir='ltr'>I&#39;rcutcnart&#39;c</span> <span class='ocrx_word' id='word_1_203' title='bbox 922 3875 1054 3970; x_wconf 70' lang='lat' dir='ltr'>scripsit</span> <span class='ocrx_word' id='word_1_204' title='bbox 1069 3875 1112 3948; x_wconf 86' lang='lat' dir='ltr'>P.</span> <span class='ocrx_word' id='word_1_205' title='bbox 1127 3875 1167 3950; x_wconf 81' lang='lat' dir='ltr'>dc</span> <span class='ocrx_word' id='word_1_206' title='bbox 1184 3876 1330 3973; x_wconf 79' lang='lat' dir='ltr'>Capua:</span> 
     </span>
    </p>

    <p class='ocr_par' dir='ltr' id='par_1_8' title="bbox 214 3997 1622 4595">
     <span class='ocr_line' id='line_1_23' title="bbox 259 3997 1619 4104; baseline 0.007 -32"><span class='ocrx_word' id='word_1_207' title='bbox 259 3998 474 4092; x_wconf 73' lang='lat' dir='ltr'>benenom,</span> <span class='ocrx_word' id='word_1_208' title='bbox 496 4008 581 4092; x_wconf 82' lang='lat' dir='ltr'>etc,</span> <span class='ocrx_word' id='word_1_209' title='bbox 596 3998 717 4092; x_wconf 76' lang='lat' dir='ltr'>Maiori</span> <span class='ocrx_word' id='word_1_210' title='bbox 739 3997 784 4073; x_wconf 94' lang='lat' dir='ltr'>de</span> <span class='ocrx_word' id='word_1_211' title='bbox 799 3999 1006 4074; x_wconf 84' lang='lat' dir='ltr'>Ptanaatone</span> <span class='ocrx_word' id='word_1_212' title='bbox 1022 4009 1170 4094; x_wconf 87' lang='lat' dir='ltr'>secreto,</span> <span class='ocrx_word' id='word_1_213' title='bbox 1194 4009 1261 4075; x_wconf 88' lang='lat' dir='ltr'>ete.</span> <span class='ocrx_word' id='word_1_214' title='bbox 1280 4001 1450 4078; x_wconf 82' lang='lat' dir='ltr'>Fidelitati</span> <span class='ocrx_word' id='word_1_215' title='bbox 1468 4014 1527 4080; x_wconf 91' lang='lat' dir='ltr'>tue</span> <span class='ocrx_word' id='word_1_216' title='bbox 1541 4029 1619 4104; x_wconf 87' lang='lat' dir='ltr'>pre·</span> 
     </span>
     <span class='ocr_line' id='line_1_24' title="bbox 214 4120 1621 4223; baseline 0.009 -31"><span class='ocrx_word' id='word_1_217' title='bbox 214 4120 371 4217; x_wconf 88' lang='lat' dir='ltr'>cipieudo</span> <span class='ocrx_word' id='word_1_218' title='bbox 391 4121 598 4197; x_wconf 86' lang='lat' dir='ltr'>mandamus</span> <span class='ocrx_word' id='word_1_219' title='bbox 613 4130 786 4217; x_wconf 88' lang='lat' dir='ltr'>quatenus</span> <span class='ocrx_word' id='word_1_220' title='bbox 809 4121 999 4198; x_wconf 87' lang='lat' dir='ltr'>Iohannem</span> <span class='ocrx_word' id='word_1_221' title='bbox 1026 4124 1072 4198; x_wconf 90' lang='lat' dir='ltr'>de</span> <span class='ocrx_word' id='word_1_222' title='bbox 1094 4125 1251 4200; x_wconf 86' lang='lat' dir='ltr'>Dracone</span> <span class='ocrx_word' id='word_1_223' title='bbox 1270 4127 1333 4221; x_wconf 89' lang='lat' dir='ltr'>qui</span> <span class='ocrx_word' id='word_1_224' title='bbox 1350 4129 1507 4223; x_wconf 90' lang='lat' dir='ltr'>captivos</span> <span class='ocrx_word' id='word_1_225' title='bbox 1526 4130 1621 4205; x_wconf 90' lang='lat' dir='ltr'>deti-</span> 
     </span>
     <span class='ocr_line' id='line_1_25' title="bbox 214 4245 1620 4347; baseline 0.009 -33"><span class='ocrx_word' id='word_1_226' title='bbox 214 4251 309 4316; x_wconf 87' lang='lat' dir='ltr'>netur</span> <span class='ocrx_word' id='word_1_227' title='bbox 319 4245 356 4318; x_wconf 85' lang='lat' dir='ltr'>iu</span> <span class='ocrx_word' id='word_1_228' title='bbox 371 4245 572 4320; x_wconf 78' lang='lat' dir='ltr'>marescallo</span> <span class='ocrx_word' id='word_1_229' title='bbox 587 4255 717 4339; x_wconf 89' lang='lat' dir='ltr'>nostra,</span> <span class='ocrx_word' id='word_1_230' title='bbox 732 4245 882 4342; x_wconf 87' lang='lat' dir='ltr'>receptis</span> <span class='ocrx_word' id='word_1_231' title='bbox 894 4245 960 4344; x_wconf 79' lang='lat' dir='ltr'>bys</span> <span class='ocrx_word' id='word_1_232' title='bbox 976 4247 1117 4340; x_wconf 74' lang='lat' dir='ltr'>limeris,</span> <span class='ocrx_word' id='word_1_233' title='bbox 1133 4247 1280 4322; x_wconf 86' lang='lat' dir='ltr'>fideliter</span> <span class='ocrx_word' id='word_1_234' title='bbox 1292 4259 1327 4322; x_wconf 91' lang='lat' dir='ltr'>et</span> <span class='ocrx_word' id='word_1_235' title='bbox 1342 4251 1524 4347; x_wconf 78' lang='lat' dir='ltr'>diligenter</span> <span class='ocrx_word' id='word_1_236' title='bbox 1539 4253 1620 4328; x_wconf 88' lang='lat' dir='ltr'>duci</span> 
     </span>
     <span class='ocr_line' id='line_1_26' title="bbox 216 4365 1621 4469; baseline 0.006 -28"><span class='ocrx_word' id='word_1_237' title='bbox 216 4365 313 4441; x_wconf 70' lang='lat' dir='ltr'>facus</span> <span class='ocrx_word' id='word_1_238' title='bbox 325 4389 439 4464; x_wconf 88' lang='lat' dir='ltr'>usqne</span> <span class='ocrx_word' id='word_1_239' title='bbox 459 4367 617 4462; x_wconf 86' lang='lat' dir='ltr'>hiaitam,</span> <span class='ocrx_word' id='word_1_240' title='bbox 634 4369 779 4444; x_wconf 88' lang='lat' dir='ltr'>Paulino</span> <span class='ocrx_word' id='word_1_241' title='bbox 797 4369 843 4443; x_wconf 89' lang='lat' dir='ltr'>de</span> <span class='ocrx_word' id='word_1_242' title='bbox 860 4369 965 4445; x_wconf 81' lang='lat' dir='ltr'>Malta</span> <span class='ocrx_word' id='word_1_243' title='bbox 978 4369 1072 4444; x_wconf 89' lang='lat' dir='ltr'>fideii</span> <span class='ocrx_word' id='word_1_244' title='bbox 1090 4379 1207 4446; x_wconf 89' lang='lat' dir='ltr'>nostro</span> <span class='ocrx_word' id='word_1_245' title='bbox 1220 4372 1469 4469; x_wconf 82' lang='lat' dir='ltr'>assignandum</span> <span class='ocrx_word' id='word_1_246' title='bbox 1485 4385 1525 4449; x_wconf 93' lang='lat' dir='ltr'>ut</span> <span class='ocrx_word' id='word_1_247' title='bbox 1542 4397 1621 4450; x_wconf 88' lang='lat' dir='ltr'>cus·</span> 
     </span>
     <span class='ocr_line' id='line_1_27' title="bbox 216 4489 1622 4595; baseline 0.008 -31"><span class='ocrx_word' id='word_1_248' title='bbox 216 4489 361 4566; x_wconf 79' lang='lat' dir='ltr'>udatur</span> <span class='ocrx_word' id='word_1_249' title='bbox 384 4491 537 4588; x_wconf 88' lang='lat' dir='ltr'>ibidem,</span> <span class='ocrx_word' id='word_1_250' title='bbox 563 4491 657 4592; x_wconf 69' lang='lat' dir='ltr'>daus]</span> <span class='ocrx_word' id='word_1_251' title='bbox 674 4493 788 4568; x_wconf 88' lang='lat' dir='ltr'>eidem</span> <span class='ocrx_word' id='word_1_252' title='bbox 814 4493 962 4569; x_wconf 84' lang='lat' dir='ltr'>Iohanni</span> <span class='ocrx_word' id='word_1_253' title='bbox 985 4517 1157 4592; x_wconf 86' lang='lat' dir='ltr'>expensas</span> <span class='ocrx_word' id='word_1_254' title='bbox 1175 4498 1386 4573; x_wconf 87' lang='lat' dir='ltr'>necessarias</span> <span class='ocrx_word' id='word_1_255' title='bbox 1411 4520 1472 4595; x_wconf 88' lang='lat' dir='ltr'>per</span> <span class='ocrx_word' id='word_1_256' title='bbox 1496 4508 1622 4575; x_wconf 84' lang='lat' dir='ltr'>terram</span> 
     </span>
    </p>
   </div>
   <div class='ocr_carea' id='block_1_7' title="bbox 257 4707 1268 4796">
    <p class='ocr_par' dir='ltr' id='par_1_9' title="bbox 257 4707 1268 4796">
     <span class='ocr_line' id='line_1_28' title="bbox 257 4707 1268 4796; baseline 0.004 -23"><span class='ocrx_word' id='word_1_257' title='bbox 257 4707 297 4791; x_wconf 78' lang='lat' dir='ltr'>(a)</span> <span class='ocrx_word' id='word_1_258' title='bbox 318 4709 436 4776; x_wconf 76' lang='lat' dir='ltr'>scilieet</span> <span class='ocrx_word' id='word_1_259' title='bbox 450 4709 755 4796; x_wconf 54' lang='lat' dir='ltr'>mmmdcc·</span> <span class='ocrx_word' id='word_1_260' title='bbox 769 4712 935 4780; x_wconf 66' lang='lat' dir='ltr'>mmcd.</span> <span class='ocrx_word' id='word_1_261' title='bbox 950 4712 1018 4778; x_wconf 88' lang='lat' dir='ltr'>th.</span> <span class='ocrx_word' id='word_1_262' title='bbox 1035 4729 1136 4796; x_wconf 83' lang='lat' dir='ltr'>supra,</span> <span class='ocrx_word' id='word_1_263' title='bbox 1149 4731 1182 4794; x_wconf 90' lang='lat' dir='ltr'>p.</span> <span class='ocrx_word' id='word_1_264' title='bbox 1198 4723 1268 4779; x_wconf 81' lang='lat' dir='ltr'>tta.</span> 
     </span>
    </p>
   </div>
   <div class='ocr_carea' id='block_1_8' title="bbox 0 0 2192 6004">
    <p class='ocr_par' dir='ltr' id='par_1_10' title="bbox 0 0 2192 6004">
     <span class='ocr_line' id='line_1_29' title="bbox 0 0 2192 6004; baseline 0 0"><span class='ocrx_word' id='word_1_265' title='bbox 0 0 2192 6004; x_wconf 95' lang='lat' dir='ltr'> </span> 
     </span>
    </p>
   </div>
  </div>
 </body>
</html>
