4468 6010
262 724 359 786 irnrur.
378 719 443 800 itt]
709 715 905 779 HISTORIA
929 711 1223 776 nlenottartct.
1612 710 1672 774 tes

264 861 377 954 pimus
391 853 548 928 fidelitati
559 861 619 928 tue
629 861 803 948 quaterms
816 852 862 927 ud
873 850 1132 947 requisitionem
1140 847 1288 922 Simonis
1297 847 1343 921 de
1353 847 1485 922 Ursoue
1500 844 1545 920 de
1556 845 1673 943 Capua

265 979 375 1054 fidelis
392 977 503 1053 nostri
516 997 621 1073 mem
637 976 732 1072 apud
748 977 955 1072 Fulgineum
974 974 1141 1049 duximus
1156 968 1408 1046 dimietendum
1423 989 1485 1066 pro
1497 969 1675 1044 solvendis

265 1101 509 1177 mercatoribus
525 1101 589 1196 qui
611 1101 795 1196 pecuniam
812 1107 928 1174 nostre
944 1098 1040 1172 curie
1058 1103 1272 1188 mutuarunt,
1290 1093 1562 1190 quadringentas
1585 1114 1674 1189 qua·

264 1226 422 1322 draginta
438 1224 562 1300 uncias
586 1224 663 1298 auri
680 1223 728 1298 ud
749 1224 909 1319 gaumeis
929 1221 1066 1318 pondus
1088 1219 1188 1312 regui
1213 1220 1258 1295 da
1276 1219 1422 1317 pecunia
1446 1218 1540 1291 curie
1559 1225 1675 1290 nostre

266 1373 370 1446 quam
396 1349 525 1440 defers,
549 1347 679 1423 debeas
699 1349 775 1424 sine
797 1347 1000 1423 difficultate
1022 1345 1176 1441 qualibet
1198 1345 1392 1442 assignare,
1419 1343 1548 1438 quibus
1570 1363 1677 1440 expe-

269 1474 348 1547 ditis
364 1473 412 1548 ad
426 1472 558 1547 curiam
578 1481 730 1545 nostram
750 1494 830 1546 cum
844 1471 976 1566 reliqua
991 1469 1140 1566 pecunia
1153 1478 1189 1543 te
1207 1469 1362 1542 conteras
1376 1468 1452 1542 siue
1468 1488 1576 1541 mora.

315 1599 440 1671 Datum
453 1595 624 1690 Fulgiuei‚
644 1595 692 1668 IX
709 1593 760 1691 (a)
774 1595 951 1689 februarii,
970 1595 1048 1667 Xill
1063 1592 1274 1666 indictionis.

315 1721 451 1795 Similes
472 1719 610 1816 scripsit
634 1719 838 1793 Laurentius
862 1740 927 1816 pro
953 1717 1170 1812 assignandis
1192 1715 1304 1790 eidem
1327 1714 1449 1787 Ursoui
1470 1713 1581 1786 unciis
1603 1712 1678 1786 auri

270 1843 343 1918 COC
363 1844 410 1918 ad
438 1843 599 1938 generale
621 1841 759 1938 pondus
783 1842 830 1917 ad
858 1840 1066 1936 quietandos
1084 1850 1289 1914 mercatores
1310 1837 1480 1933 quosdam
1510 1839 1680 1910 Romanos

269 1969 329 2063 qni
344 1967 534 2063 nonaginta
548 1967 654 2041 libras
671 1967 939 2041 Venetianorum
957 1986 1154 2060 grossorum
1168 1984 1302 2038 camere
1324 1969 1537 2034 mutuarent.

319 2213 448 2288 &dem
475 2214 533 2288 dic
560 2215 697 2312 scripsit
724 2215 914 2310 Roggerius
941 2214 988 2290 de
1014 2212 1271 2286 Petrasturmila
1300 2211 1473 2284 Guaiterio
1500 2209 1545 2284 de
1571 2211 1682 2286 Cicaia

272 2347 310 2410 nt
333 2337 478 2434 recipiat
501 2347 679 2412 austurem
703 2359 725 2410 a
745 2337 917 2413 Robberto
941 2338 987 2412 de
1008 2337 1159 2432 Cagiano
1181 2346 1216 2409 et
1237 2336 1363 2410 mutari
1384 2337 1487 2410 faciat
1503 2334 1683 2432 diligenter

273 2471 307 2533 et
322 2461 424 2535 bene.

485 2687 1471 2700 ——fflss——m———fflm

325 2983 459 3066 Petrus
476 2984 525 3068 de
542 2983 662 3066 Vinea
679 3010 844 3096 magnae
860 2984 988 3068 curiae
998 2981 1117 3092 judex
1135 2980 1176 3060 in
1198 2977 1436 3088 parlamento
1454 2978 1623 3089 generali
1640 3005 1687 3064 ex

273 3124 380 3223 parte
396 3117 637 3225 imperatoris
654 3117 807 3200 firmem
825 3143 959 3228 pacem
981 3116 1081 3199 iuter
1098 3139 1232 3198 omnes
1256 3114 1417 3196 ducatus
1436 3120 1473 3195 et
1495 3113 1687 3198 marchiae

274 3245 404 3330 fideles
423 3249 650 3333 servandam
667 3249 863 3358 praecipit.

356 3439 571 3519 (Memoratum
588 3443 789 3522 potiusquam
801 3437 1265 3522 editumap.ztunur1,2acclrc
1283 3436 1395 3513 erat,
1415 3447 1440 3503 t.
1455 3441 1486 3504 11
1492 3485 1501 3518 ‚
1524 3439 1606 3505 Dede
1624 3459 1686 3504 mo-

392 3555 459 3610 natt
471 3545 504 3609 di
515 3545 655 3631 More,
671 3567 704 3628 p.
720 3547 767 3630 5.)

323 3713 425 3787 Anno
454 3715 616 3808 MCCXL,
637 3718 685 3790 lx
715 3717 865 3790 octobris
887 3715 951 3812 (t),
976 3713 1165 3788 indictione
1189 3713 1287 3802 Xili,
1314 3712 1475 3788 dominus
1500 3715 1620 3790 Petrus
1644 3717 1687 3792 de

277 3837 382 3910 Vinea
394 3837 510 3931 judex
528 3839 659 3913 domini
674 3839 829 3912 Federici
848 3838 1059 3912 serenissimi
1078 3838 1306 3933 imperatoris,
1323 3847 1481 3932 presente
1495 3849 1530 3912 et
1545 3861 1688 3914 consen·

277 3961 380 4034 tiente
411 3961 504 4036 dicto
529 3961 668 4037 domino
694 3963 858 4036 Federico
878 3965 1082 4057 imperatore
1107 3972 1141 4034 et
1168 3960 1261 4034 dieto
1289 3959 1429 4035 domino
1453 3964 1552 4036 Petro
1577 3973 1688 4036 stante

275 4085 376 4175 Juxta
396 4083 529 4159 dictum
552 4084 731 4159 dominnm
750 4087 1005 4182 imperatorem,
1035 4087 1071 4157 in
1095 4085 1247 4180 generali
1265 4085 1477 4181 parlamento
1497 4107 1560 4158 sen
1583 4087 1687 4158 collo·

279 4207 361 4301 quio
377 4207 665 4282 ambasciatorum
681 4211 867 4283 muitarum
883 4209 1061 4282 civitatum
1077 4217 1285 4304 congregato
1301 4209 1338 4280 in
1354 4210 1474 4301 majori
1491 4230 1552 4282 seu
1571 4208 1687 4284 cathu-

322 4369 363 4450 (a)
384 4373 421 4434 n
433 4373 577 4450 mpmro
590 4373 741 4452 remes.

316 4625 352 4700 (t)
370 4625 418 4685 Sic
429 4628 458 4685 iu
471 4628 618 4703 impresso,
633 4631 667 4688 ad
678 4630 760 4689 tidem
772 4632 870 4706 regesti
886 4633 915 4688 iu
927 4632 1037 4691 archivo
1053 4630 1174 4690 Ciuitatis
1188 4629 1317 4688 &stellae
1330 4631 1474 4708 asservati3
1490 4645 1584 4690 varam
1599 4639 1689 4694 umen

280 4729 308 4779 et
325 4725 466 4796 genuinam
483 4725 624 4784 lectionem
641 4727 725 4786 inisse
743 4728 905 4787 arbitramur
919 4731 966 4787 IX
977 4729 1127 4803 februum,
1142 4729 1206 4786 dum
1222 4729 1274 4786 hoc
1290 4743 1359 4785 anuo
1372 4743 1465 4785 meuse
1480 4730 1599 4790 octobris
1617 4734 1689 4807 apud

280 4817 418 4893 hircum
430 4820 584 4881 Fridericus
597 4839 686 4898 nsque
699 4831 819 4885 moratus
831 4825 866 4884 sit
881 4842 970 4900 neque
983 4827 1081 4885 morari
1091 4825 1220 4900 potuerit,
1236 4824 1306 4883 siem
1318 4824 1389 4883 intra
1401 4824 1563 4887 ridebimus.

1750 2967 1856 3022 Minis

1733 3021 1870 3066 stonum.
1964 3015 1968 3024 '
