4384 6004
223 649 321 710 lenter.
342 645 405 726 lt]
677 641 875 704 HISTORIA
900 637 1192 700 Dll'LOhlthGll.
1562 637 1640 701 loss

441 931 650 944 Ἤ

277 1193 515 1300 FridericuS,
544 1193 804 1276 Romanorum
832 1192 1053 1300 imperator,
1078 1189 1266 1272 universis
1291 1187 1438 1297 imperii
1461 1185 1637 1269 fidelibus
1688 1191 1697 1242 1

223 1325 391 1436 injungit
409 1335 452 1408 ut
469 1325 648 1408 omnibus
666 1325 863 1435 praelatis,
886 1321 1191 1431 archiepiscopis,
1211 1321 1412 1429 episcopis,
1433 1318 1636 1402 abbatibus

223 1458 456 1567 caeterisque
491 1457 753 1567 cujuscunque
784 1457 930 1540 ordinis
964 1456 1013 1536 ad
1044 1453 1249 1537 concilium
1277 1453 1477 1558 euntibus,
1505 1453 1577 1534 iter
1599 1464 1637 1534 ct

222 1591 427 1674 transitum
455 1601 556 1673 tarra
584 1592 727 1674 marive
756 1589 1031 1695 intercludant,
1060 1612 1201 1696 eosque
1230 1586 1381 1694 capiant
1407 1600 1444 1666 et
1475 1584 1637 1692 spolient

221 1724 334 1808 honis
352 1725 533 1808 omnibus
551 1726 600 1808 ad
617 1725 792 1834 proprios
806 1721 1037 1832 capientium
1055 1747 1149 1803 usus
1167 1719 1409 1828 deputandis.

305 1936 439 2014 (Edtdsr.
456 1937 608 1997 Meamne
625 1945 655 1997 ct
667 1936 816 2009 Domo,
831 1932 968 2014 emptos.
985 1930 1106 2006 coutet,
1124 1939 1149 1993 t.
1164 1933 1205 2012 11,
1221 1935 1278 1994 cot.
1297 1941 1477 2010 trra-114⁷,
1493 1942 1526 1992 ιιο
1545 1933 1633 2011 xllt,

344 2044 412 2103 coll.
427 2060 496 2104 cum
510 2043 577 2103 cod.
593 2041 670 2103 Btbl.
687 2042 785 2103 Cesar.
808 2041 917 2117 Paris,
930 2037 1023 2118 fonde
1036 2033 1418 2117 Sciat-Germct'u-Hcrlcy,
1438 2045 1511 2110 tot,
1526 2055 1594 2115 pers
1609 2038 1635 2116 l,

346 2157 458 2210 etcum
472 2151 538 2210 eod.
555 2149 633 2210 Btht.
649 2148 844 2209 Medtomcut.
860 2145 1009 2224 Puttttps,
1022 2157 1056 2205 n⁰
1071 2145 1175 2222 8³90.)

271 2333 483 2420 Fridericus,
503 2343 588 2422 etc,
603 2331 774 2403 universis
790 2331 924 2425 imperii
940 2329 1118 2421 fidelibus,
1133 2339 1198 2402 etc.
1221 2331 1293 2402 Hoc
1306 2340 1360 2402 est
1378 2328 1551 2402 fidelitatis
1567 2333 1636 2404 de-

223 2455 333 2527 bitum
354 2478 425 2550 quo
445 2456 590 2548 subjecti
610 2465 770 2528 tenentur
790 2454 836 2527 ad
852 2453 1030 2540 dominos,
1051 2453 1116 2524 hec
1134 2463 1186 2524 est
1201 2453 1386 2546 singularis
1407 2454 1545 2527 devotio
1566 2479 1635 2550 que

223 2578 368 2652 debetur
382 2590 420 2651 ut
435 2581 471 2651 in
488 2581 634 2672 hiisque
651 2588 733 2650 sunt
748 2576 854 2648 noxia
870 2576 1143 2648 sibicaveantet
1158 2577 1258 2649 adea
1274 2597 1343 2670 que
1361 2586 1442 2647 sunt
1458 2579 1635 2670 protutura

223 2701 405 2795 dihgenter
416 2701 608 2776 intendant.
629 2702 714 2772 Cum
729 2700 835 2794 igitur
852 2699 981 2771 nedum
996 2699 1163 2793 proximis
1179 2708 1213 2770 et
1226 2700 1383 2788 remotis,
1402 2699 1464 2772 sed
1477 2700 1521 2770 sit
1536 2711 1635 2773 noto·

221 2823 312 2896 dnm
332 2827 392 2897 toti
410 2826 484 2898 orbi
503 2836 670 2898 terrarum
685 2832 816 2917 quanta
838 2821 1004 2896 dissentio
1024 2843 1086 2915 per
1101 2823 1292 2893 Romanum
1312 2822 1505 2916 pontificem
1528 2846 1634 2917 gene·
1690 2903 1692 2908 ,

222 2948 337 3020 raliter
352 2949 397 3022 sit
411 2950 551 3022 suborta
565 2959 600 3022 et
613 2950 773 3044 generale
788 2946 916 3021 nedum
934 2947 967 3018 in
984 2947 1119 3018 ruinam
1133 2947 1228 3039 cleri,
1246 2945 1309 3020 sed
1328 2947 1433 3020 totius
1450 2948 1633 3022 discrimen

221 3072 343 3167 populi
361 3072 536 3144 christiani
555 3071 757 3144 scandalum
780 3080 950 3163 augeatur
973 3081 1006 3144 et
1031 3071 1131 3163 signa
1154 3092 1223 3164 que
1240 3071 1285 3142 ab
1307 3071 1392 3165 ipsis
1412 3071 1584 3168 prodeunt
1602 3083 1636 3144 et

1698 1190 1818 1234 Februanto

1699 1246 1810 1297 laeuam]

221 3205 381 3290 precepta
402 3196 438 3266 in
454 3197 653 3267 continuam
670 3195 796 3268 adeant
809 3197 1050 3290 corruptelam,
1068 3195 1302 3269 necessarium
1320 3194 1482 3268 videmus
1496 3207 1531 3268 et
1551 3199 1636 3270 utile
1743 3187 1747 3194 ’

221 3317 382 3411 malignis
400 3339 518 3391 corum
537 3318 894 3392 adinventionibuset
912 3319 1093 3390 conatibus
1106 3317 1341 3410 obviandum,
1359 3320 1420 3414 qui
1433 3321 1637 3395 mentientes

219 3439 380 3534 spiritum
405 3439 455 3538 (c)
481 3441 671 3514 honestatis
699 3441 914 3514 contendunt
939 3442 1125 3514 universali
1149 3441 1302 3536 periculo
1328 3443 1501 3534 subjicere
1528 3453 1637 3516 totum

218 3563 361 3654 orbem,
389 3574 621 3638 convocantes
645 3565 808 3659 prelatos,
835 3564 1128 3660 archiepiscopos,
1154 3566 1351 3660 episcopm,
1375 3567 1518 3640 abbates
1532 3577 1637 3662 atquc

219 3687 353 3781 priores
366 3685 412 3758 ad
428 3687 601 3783 synodum
621 3689 818 3782 generalem
834 3696 874 3758 ut
892 3687 992 3760 liceat
1013 3688 1065 3760 eis
1082 3687 1213 3760 ibidem
1228 3697 1430 3784 conceptum
1445 3689 1541 3762 virus
1553 3712 1638 3763 evo·

219 3831 314 3883 mera
331 3811 366 3881 in
380 3832 501 3905 regum
514 3821 548 3883 et
563 3811 759 3907 principum
772 3821 807 3884 et
819 3812 925 3883 totius
936 3810 1030 3882 orbis
1042 3811 1231 3906 periculum
1245 3821 1280 3883 et
1286 3813 1468 3904 jacturam.
1479 3813 1637 3885 Volentas

219 3932 326 4026 igitur
344 3953 415 4006 non
433 3935 550 4006 minus
569 3934 651 4008 odio
665 3955 735 4029 quo
752 3933 927 4030 premissis
943 3935 1083 4007 offensis
1099 3933 1144 4006 de
1164 3934 1394 4007 benivolentia
1412 3945 1526 4008 nostra
1541 3936 1637 4009 diffi-

220 4051 321 4147 dunt,
342 4077 447 4150 quam
463 4058 614 4151 generali
639 4059 746 4129 totius
763 4057 1019 4129 christianitatis
1038 4055 1221 4151 dispendio
1240 4067 1274 4129 et
1288 4057 1417 4128 zizanie
1432 4079 1634 4152 precavere,

219 4177 298 4251 licet
314 4199 379 4251 vos
397 4189 560 4275 tanquam
585 4179 704 4254 fideles
720 4191 856 4254 nostros
873 4179 919 4252 ad
934 4179 1111 4273 dignitatis
1135 4188 1170 4251 et
1191 4179 1329 4252 honoris
1346 4180 1453 4250 nostri
1469 4183 1635 4254 cautelam

220 4321 290 4374 non
306 4302 424 4375 minus
441 4326 547 4398 quam
571 4303 724 4378 scandali
741 4302 979 4375 universaliter
998 4302 1206 4394 emergentis
1224 4303 1295 4375 tore
1310 4303 1473 4374 sollicitos
1488 4305 1631 4398 prescia-

222 4445 313 4517 mus,
333 4427 480 4498 verbum
506 4425 589 4500 fidei
609 4426 769 4499 fidelibus
793 4426 995 4520 adjicimus,
1021 4424 1270 4498 exhortationis
1289 4425 1449 4500 mandata
1472 4427 1637 4500 describi·

221 4567 299 4620 mus
314 4558 349 4619 et
363 4569 409 4621 ex
426 4549 595 4644 imperiali
612 4559 708 4646 parte
724 4548 948 4635 mandamus,
974 4549 1040 4620 suh
1060 4570 1148 4644 pena
1162 4549 1274 4643 gratie
1290 4558 1405 4623 nostre
1419 4559 1454 4623 et
1471 4561 1636 4647 perpetuo

263 4722 306 4804 (a)
329 4723 366 4785 ln
379 4726 446 4787 cod.
462 4726 597 4804 Phtlltps.
613 4727 742 4806 mecum
