4648 6056
833 689 960 750 illitati
983 688 1330 750 uocumsuioittiii.
1712 690 1786 753 1251

389 890 501 966 1259

374 993 511 1094 'sa-iffi
564 1011 710 1076 Veronae.
759 1041 800 1056 ·-
818 1009 876 1072 Per
895 1013 1017 1074 Petrum
1040 1011 1078 1071 de
1097 1009 1191 1072 Vinea
1210 1010 1342 1090 iudicem
1361 1009 1521 1090 imperialis
1541 1011 1626 1071 aulae
1645 1011 1789 1088 publicari

799 1107 871 1168 lacit
897 1111 1074 1169 sententiam
1100 1109 1317 1184 proscriptionis
1339 1113 1370 1168 et
1392 1108 1484 1168 banni
1510 1115 1611 1168 contra
1641 1109 1788 1168 Amorem

799 1204 999 1264 marchionem
1011 1205 1179 1276 Estensem,
1190 1204 1391 1282 Ugucclouem
1403 1206 1540 1265 comitem
1553 1203 1719 1280 vicentiae,
1734 1206 1786 1266 iti-

798 1299 944 1360 chardum
956 1302 1093 1360 comitem
1110 1297 1210 1360 Sancti
1229 1299 1372 1361 Bonllacss
1392 1305 1580 1378 caeterosque
1593 1300 1648 1361 sibi
1666 1301 1787 1363 rebelles

797 1395 908 1455 ibidem
921 1397 1100 1456 nominatos.
1728 1405 1785 1457 313

386 1495 485 1573 iunio.
560 1490 705 1554 Veronae.
758 1521 797 1538 -·
817 1490 866 1552 Ad
885 1491 1127 1568 supplicationem
1144 1492 1355 1552 canonicorum
1372 1497 1402 1551 et
1420 1491 1540 1568 capituli
1554 1492 1674 1568 majoris
1692 1493 1786 1554 eccle·

797 1588 856 1648 siae
869 1585 1057 1665 Vemneusis,
1071 1601 1121 1646 eos
1134 1591 1165 1646 ei
1184 1586 1338 1646 ecclesiam
1356 1587 1450 1663 ipsam
1463 1602 1532 1646 cum
1551 1587 1689 1647 omnibus
1702 1587 1788 1649 bonis

796 1681 853 1742 sub
871 1685 968 1767 suaet
986 1681 1100 1757 imperil
1112 1681 1291 1756 protectione
1305 1682 1423 1756 recipit,
1437 1681 1581 1740 mandans
1594 1681 1674 1758 quod
1687 1683 1787 1744 nullus

796 1792 846 1836 eos
863 1775 1019 1836 molestare
1035 1781 1217 1852 praesumat,
1231 1778 1289 1835 nisi
1305 1775 1362 1836 sibi
1377 1777 1490 1836 inuenti
1503 1775 1615 1836 1333131
1630 1775 1721 1837 uerbo
1739 1778 1787 1838 vel

796 1887 883 1948 opere
896 1871 1065 1932 3133133111.
1728 1879 1784 1934 aas

386 1977 482 2052 iunio.
559 1971 706 2036 Veromo.
757 1999 797 2012 -
815 1967 865 2028 Ad
883 1968 1126 2044 supplicationem
1148 1968 1303 2028 Bertrandl
1315 1968 1353 2028 de
1364 1968 1484 2041 Bonas,
1507 1968 1614 2044 prioris
1633 1968 1787 2046 hospitalis

796 2061 898 2123 Sancti
915 2064 1060 2124 iohannis
1077 2065 1337 2143 Hierosolymltuni
1353 2065 1385 2123 ln
1401 2068 1533 2140 prioratu
1552 2063 1651 2124 Sancti
1670 2065 1784 2143 Egidii,

796 2158 899 2220 domos
912 2159 1066 2237 hospitalis
1083 2161 1213 2238 eiusdem
1229 2177 1280 2238 per
1291 2163 1446 2238 imperium
1459 2163 1530 2222 sitas
1543 2177 1611 2222 cum
1623 2164 1785 2239 possessio·

795 2254 884 2316 nibus
896 2272 998 2316 earum
1011 2257 1067 2318 sub
1080 2273 1134 2318 sua
1145 2257 1264 2334 speciali
1275 2257 1453 2333 protectione
1464 2259 1578 2334 recipit.
1728 2266 1786 2320 311

384 2361 484 2438 Jonlo.
523 2357 579 2436 Ap.
602 2359 741 2438 Regium.
755 2382 797 2394 -
816 2351 1009 2412 Universitati
1027 2354 1137 2412 civium
1154 2354 1327 2429 aptensium
1340 2355 1393 2430 qui
1411 2352 1537 2414 33313331
1557 2352 1678 2414 fuerunt
1691 2354 1786 2416 asoto

795 2447 918 2522 imperio
935 2453 965 2508 et
977 2463 996 2506 a
1009 2463 1041 2506 se
1058 2449 1227 2508 consulatus
1244 2448 1419 2526 dignitatem
1436 2448 1603 2508 immediate
1621 2447 1746 2528 habere,
1767 2465 1786 2510 a

795 2547 927 2618 tempore
944 2545 1030 2618 eujus
1044 2557 1104 2601 non
1117 2547 1200 2602 extat
1212 2545 1363 2617 memoria,
1378 2543 1512 2602 eamdem
1525 2542 1699 2620 dignitatem
1711 2559 1785 2604 con·

796 2637 919 2698 caditat
939 2643 1078 2714 perpetuo
1099 2637 1264 2717 confirmat,
1279 2653 1348 2700 eum
1370 2637 1505 2698 omnibus
1524 2638 1643 2716 juribus
1656 2655 1732 2716 quae
1745 2639 1785 2701 ad

795 2733 982 2794 consulatum
995 2736 1153 2810 pertinent.
1726 2745 1780 2798 311

394 2838 483 2922 [eim
523 2876 740 2900 .......
757 2860 795 2875 -
816 2827 1013 2906 Conqueritur
1032 2829 1070 2888 de
1093 2829 1272 2906 depositione
1291 2827 1391 2889 fratris
1412 2828 1515 2890 Heliae
1534 2831 1660 2890 ministri
1682 2831 1783 2894 Mino·

383 2935 493 3012 julium
794 2943 861 2986 rum
876 2925 1030 3004 generalis,
1041 2925 1164 2986 fautoris
1175 2928 1234 3005 sui,
1243 2931 1273 2986 et
1285 2940 1392 3002 papam
1406 2925 1501 2986 malae
1513 2924 1582 2986 ildei
1596 2929 1693 3004 arguit
1702 2929 1784 3005 quod

386 3033 494 3092 pneun.
795 3021 932 3082 eumdem
945 3023 1065 3082 fratrem
1078 3023 1117 3084 ad
1130 3024 1256 3084 Romam
1272 3021 1458 3084 accedentem
1471 3038 1540 3083 cum
1557 3025 1722 3085 securitatis
1734 3024 1783 3084 lit-

395 3129 480 3205 im]
795 3121 877 3192 teris,
892 3119 1064 3196 intercipere
1076 3119 1213 3179 voluerit.
1724 3129 1782 3182 313

394 3223 486 3300 [eim
526 3263 741 3284 .......
756 3243 797 3260 ·-
816 3213 994 3276 Criminibus
1006 3214 1062 3274 eibi
1073 3231 1092 3274 a
1102 3231 1178 3292 papa
1190 3214 1229 3274 de
1241 3212 1300 3274 ilde
1312 3212 1470 3274 christiana
1480 3212 1603 3292 objectis
1616 3217 1781 3292 respondet,

378 3319 489 3396 julium
796 3311 958 3373 cardinales
976 3312 1149 3372 adhortatus
1165 3317 1200 3373 ut
1217 3326 1367 3372 summum
1383 3310 1550 3388 pontissoem
1565 3327 1583 3372 a
1596 3313 1657 3373 suis
1674 3313 1784 3375 illicitis
1908 3339 1910 3344 ·

385 3417 495 3478 menn.
796 3407 926 3467 motibus
944 3402 1146 3484 compescant;
1169 3408 1300 3486 alioquin
1317 3409 1439 3467 timeant
1455 3424 1494 3468 na
1510 3407 1548 3468 ad
1561 3408 1687 3470 ultiones
1700 3427 1784 3471 ocsu-

398 3513 480 3590 tem]
796 3504 1255 3582 reasipseprocederecogatur.
1725 3515 1782 3566 313

383 3607 492 3692 [jung]
525 3648 535 3668 .
559 3649 568 3667 .
592 3648 601 3666 .
625 3646 668 3668 ..
698 3633 797 3667 ..-
816 3598 971 3678 Significat
996 3602 1160 3676 captionem
1184 3603 1273 3660 castri
1295 3600 1435 3661 Plumatii
1457 3601 1665 3679 districtusque
1682 3603 1783 3663 Bono-

796 3697 906 3756 niensis
919 3695 1185 3771 depopulationem,
1198 3702 1228 3756 et
1246 3698 1364 3758 nuntiat
1376 3713 1408 3756 se
1421 3701 1556 3772 paratum
1574 3697 1613 3756 ad
1630 3703 1784 3758 conteren-

796 3791 850 3851 dos
872 3790 1105 3851 Mediolanenses
1125 3795 1160 3850 ut
1180 3790 1343 3852 Cumanam
1366 3794 1515 3853 3111131333
1541 3808 1617 3870 quae
1641 3793 1673 3852 in
1693 3791 1784 3853 fldem

796 3901 882 3946 suam
896 3885 983 3946 rediit
995 3902 1098 3946 eorum
1110 3887 1279 3947 incursibus
1290 3887 1404 3947 liberet.
1726 3896 1780 3948 eti

392 3991 480 4069 juno,
533 3993 570 4053 111
582 3993 686 4054 miris
696 3991 729 4052 in
757 4013 797 4028 -
813 3981 863 4042 iu
876 3983 1120 4058 supplicationem
1133 3983 1240 4043 Gualdl
1255 3985 1388 4061 magistri
1401 3983 1506 4043 domus
1518 3983 1671 4060 hospitalis
1684 3981 1786 4044 Sancti

546 4090 717 4166 episcopatu
795 4079 944 4158 Peregrini
957 4081 989 4139 in
1004 4077 1138 4154 Alpibus,
1153 4081 1211 4137 tria
1223 4079 1377 4156 privilegia
1393 4078 1431 4138 ab
1444 4079 1571 4138 ilenrico
1583 4080 1785 4140 Romanorum

552 4183 713 4244 Bononiae.
796 4192 864 4254 rege
877 4183 960 4253 patre
977 4191 1030 4235 suo
1048 4175 1144 4235 eidem
1162 4175 1299 4251 hospitali
1312 4175 1427 4236 indulta
1443 4180 1566 4236 renovat
1584 4180 1615 4235 et
1630 4177 1785 4237 inserendo

796 4271 962 4333 confirmat.
1726 4281 1783 4334 333

371 4383 409 4438 15
427 4377 507 4456 iulii.
535 4377 571 4437 ln
583 4375 687 4435 castris
701 4375 734 4433 in
757 4401 798 4413 -
816 4371 977 4429 Ilenrlcum
991 4367 1093 4429 Turris
1106 4373 1137 4426 et
1149 4365 1277 4427 Gallurls
1290 4382 1405 4446 regem,
1418 4365 1515 4429 ssllum
1528 4381 1631 4440 suum,
1646 4366 1786 4430 (13131313

548 4471 719 4546 episcopatu
797 4481 852 4526 suo
874 4465 1003 4541 legatum
1023 4465 1137 4540 impen'i
1156 4465 1189 4522 in
1208 4462 1326 4522 Italiam
1341 4463 1380 4522 ad
1401 4463 1535 4524 subditos
1553 4477 1622 4522 suos
1639 4462 1783 4539 destinat,

553 4568 715 4629 Bononiae.
797 4561 960 4621 concedens
977 4561 1004 4618 el
1026 4575 1142 4619 merum
1161 4561 1316 4635 imperium
1334 4563 1364 4618 et
1382 4559 1472 4636 gladii
1491 4562 1664 4636 potestatam
1683 4557 1787 4635 plena·

797 4659 1445 4739 rismquejudlclaexercendiauetorltatem.
1727 4667 1785 4720 331

385 4755 494 4842 flutio]
528 4803 537 4822 .
561 4802 571 4822 .
594 4802 603 4821 .
628 4801 638 4822 .
660 4801 670 4821 .
698 4802 706 4818 .
735 4801 743 4818 .
759 4789 800 4804 -
819 4759 1035 4836 crucesignatis
1048 4758 1128 4835 apud
1141 4757 1320 4835 Lugdunum
1332 4757 1514 4836 congregatis
1527 4756 1630 4820 scribit
1641 4761 1786 4835 quantum
