4468 6010
569 663 631 725 ἨΞ
1072 661 1285 724 FRlDElllGl
1305 662 1481 724 SECUNlll
1795 665 1875 744 [Au.
1893 667 1980 728 lato.

570 810 664 873 tuam
681 797 896 892 diligentiam
910 805 945 870 et
962 795 1118 870 studium
1132 800 1429 873 commendamus.
1448 801 1560 892 Super
1576 799 1776 872 facinorosis
1792 811 1921 891 antem,
1938 802 1982 877 de

567 945 719 1018 qnorum
738 931 777 993 nt
791 921 956 1016 scripsisti
980 920 1157 996 maleficiis
1175 924 1300 1017 liquet,
1325 925 1386 1018 qni
1407 933 1580 1016 qnatenus
1608 931 1647 993 nt
1670 943 1777 1016 penas
1792 946 1882 1018 quas
1906 947 1982 1000 me—

568 1055 688 1118 rentur
709 1043 850 1117 elndaut
872 1045 907 1114 iu
929 1065 1049 1116 vocem
1074 1045 1318 1139 appellationis
1342 1055 1586 1140 prorumpunt,
1604 1065 1710 1139 super
1730 1068 1802 1139 qno
1828 1055 1981 1120 uostmm

568 1168 827 1264 beneplacitum
840 1167 1019 1261 postulasti
1032 1189 1077 1238 au
1089 1168 1217 1239 talibus
1226 1169 1272 1240 sit
1282 1169 1569 1264 appellationibus
1581 1169 1820 1260 deferendum,
1831 1181 1981 1244 tenorem

568 1313 744 1364 sacrarum
772 1290 1054 1362 constitutionum
1073 1300 1267 1362 nostrornm
1290 1291 1467 1364 observari
1492 1291 1710 1364 mandamus.
1737 1293 1838 1377 Quod
1867 1305 1981 1367 anoem

567 1415 764 1487 straticctus
781 1415 938 1484 ltlcssauc
956 1412 1045 1484 sicut
1066 1414 1230 1508 scripsisti
1252 1416 1339 1486 nulli
1360 1415 1581 1510 appellationi
1605 1415 1640 1486 iu
1661 1417 1828 1488 criminali
1849 1417 1982 1510 judicio

568 1539 767 1634 interposite
784 1537 917 1624 desert,
939 1557 1096 1608 assereus
1117 1537 1184 1608 hoc
1207 1559 1283 1610 csse
1311 1537 1357 1610 de
1373 1538 1624 1610 consuetudine
1641 1539 1796 1611 Messene
1823 1549 1979 1634 optenta,

567 1685 647 1734 cum
667 1662 744 1733 talis
764 1659 977 1732 cousuetudo
993 1661 1064 1752 juri
1085 1660 1246 1734 videatur
1261 1662 1399 1756 penitus
1421 1661 1615 1750 adversari,
1631 1661 1836 1734 mandamus
1856 1673 1894 1734 ut
1918 1663 1982 1736 hoc

568 1787 614 1858 tle
634 1761 745 1857 cetero
770 1783 843 1856 lieri
869 1804 937 1855 uon
965 1784 1165 1874 permistam
1186 1796 1219 1856 et
1240 1807 1321 1858 ecoe
1342 1784 1439 1879 qnod
1464 1785 1577 1857 cidem
1603 1785 1776 1858 stratieoto
1801 1787 1981 1860 scribimus

568 1931 672 2003 snper
687 1909 767 1980 hoc.
784 1911 835 1980 De
850 1907 978 1980 exteris
995 1917 1111 1980 autem
1127 1909 1188 2002 qui
1205 1931 1274 1982 nou
1294 1919 1376 1982 suut
1387 1909 1527 1982 oriundi
1547 1908 1593 1981 de
1605 1930 1725 2000 regno,
1744 1907 1806 2004 scd
1822 1910 1857 1980 in
1876 1932 1981 2004 regno

568 2035 671 2126 longo
695 2043 847 2126 tempore
871 2033 990 2104 morati
1017 2033 1156 2104 suerunt
1178 2043 1217 2104 ut
1236 2035 1354 2122 cives,
1384 2033 1592 2106 conterendo
1615 2055 1693 2104 cum
1716 2033 1792 2105 aliis
1821 2031 1981 2106 fidelibus

568 2157 695 2229 nostris
713 2157 749 2228 in
770 2154 874 2227 datiis
901 2165 937 2226 et
959 2155 1129 2246 collectis,
1156 2157 1218 2249 qui
1243 2157 1388 2228 mortuis
1407 2158 1527 2250 primis
1553 2157 1723 2228 uxoribus
1744 2156 1829 2228 alias
1854 2155 1981 2229 ducere

566 2281 706 2366 volunt,
727 2277 825 2350 etde
844 2277 922 2350 aliis
944 2279 1048 2350 ctiam
1065 2279 1127 2373 qni
1148 2279 1229 2351 lioet
1254 2300 1381 2352 uxores
1394 2279 1548 2352 noudum
1574 2279 1612 2350 in
1633 2300 1739 2373 regno
1763 2279 1977 2364 habuerunt,

567 2403 690 2474 morati
710 2411 825 2473 tamen
843 2401 880 2472 iu
897 2421 1004 2494 reguo
1021 2422 1082 2494 per
1102 2401 1306 2474 decennium
1325 2413 1360 2476 et
1376 2403 1465 2476 ultra
1480 2403 1652 2476 habentur
1669 2412 1708 2474 nt
1721 2404 1833 2490 cives,
1860 2405 1981 2478 conlc-

567 2527 676 2600 reudo
705 2525 861 2597 similiter
887 2525 923 2595 iu
952 2525 1077 2596 uostris
1104 2525 1207 2598 datiis
1229 2536 1265 2598 ct
1291 2527 1463 2610 collectis,
1482 2535 1517 2600 et
1543 2546 1638 2598 nnuc
1663 2525 1835 2598 licentiam
1859 2535 1980 2620 petunt

568 2674 696 2725 uxores
709 2649 875 2738 ducendi,
890 2649 1002 2744 placet
1012 2649 1112 2721 nobis
1127 2661 1162 2721 et
1178 2652 1340 2724 volumus
1356 2661 1393 2722 ut
1406 2653 1490 2724 tales
1502 2650 1630 2724 ducere
1640 2651 1822 2744 permictas
1837 2671 1975 2740 uxores,

568 2773 759 2849 dummodo
784 2773 875 2844 bone
897 2773 1168 2844 conversationis
1185 2795 1245 2846 ces
1263 2795 1339 2846 esse
1357 2775 1508 2868 reperias
1529 2795 1595 2846 uec
1617 2775 1711 2868 ipsos
1728 2773 1874 2864 alicujus
1896 2771 1979 2844 iuli-

567 2897 717 2972 delitatis
734 2905 814 2968 uota
837 2895 995 2968 invenias
1013 2897 1217 2982 maculatos3
1239 2918 1366 2970 cavens
1384 2919 1428 2970 ue
1448 2898 1514 2970 sub
1538 2898 1604 2970 hoc
1621 2905 1779 2992 protextu
1796 2897 1900 2968 alicui
1918 2896 1977 2968 alii

567 3032 687 3096 extero
699 3042 759 3116 per
774 3030 809 3091 te
822 3019 979 3112 predicta
997 3019 1132 3092 licentia
1147 3020 1331 3104 tribuatur,
1346 3043 1426 3092 cum
1442 3021 1507 3093 hcc
1523 3021 1643 3094 honori
1655 3029 1772 3092 nostro
1788 3020 1979 3114 specialiter

567 3149 612 3220 sit
635 3146 818 3217 intensum.
841 3141 997 3214 Notarius
1019 3163 1101 3215 vero
1125 3144 1281 3236 publicos
1303 3153 1339 3216 et
1363 3143 1549 3216 advocatos
1574 3166 1722 3236 quorum
1744 3143 1914 3215 delectum
1940 3143 1976 3214 iu

566 3268 722 3363 partibus
736 3263 987 3356 jurisdictionis
1004 3275 1062 3336 tue
1078 3285 1153 3337 cese
1167 3265 1345 3358 scripsisti,
1366 3287 1428 3360 per
1447 3277 1596 3339 nostram
1619 3275 1751 3338 tautum
1769 3266 1898 3336 curiam
1916 3286 1978 3338 vo·

566 3393 682 3462 lnmus
702 3385 868 3460 ordinari.
894 3385 995 3470 Quod
1022 3396 1137 3458 antem
1163 3387 1364 3481 significasti
1386 3399 1420 3462 te
1441 3391 1635 3484 frequenter
1657 3399 1817 3486 oportere
1838 3389 1977 3462 mictere

565 3513 707 3584 nuutios
722 3508 888 3604 speciales
907 3529 968 3602 per
984 3517 1099 3602 partes
1114 3509 1363 3602 jurisdictionis
1382 3521 1441 3584 tue
1457 3523 1492 3584 et
1509 3512 1594 3584 alios
1616 3513 1718 3585 etiam
1737 3535 1800 3608 pro
1817 3533 1975 3586 necessa·

564 3636 626 3708 riis
636 3631 784 3708 servitiis
800 3631 939 3717 uostris,
953 3630 1081 3723 quibus
1098 3640 1132 3704 te
1148 3633 1291 3728 expedit
1305 3657 1477 3730 expensas
1488 3635 1644 3730 prebere,
1656 3645 1691 3708 ot
1704 3645 1857 3707 nostmm
1871 3655 1976 3729 super

564 3759 634 3832 hcc
658 3755 869 3852 requisivisti
886 3754 1106 3847 mandatnm,
1127 3757 1239 3850 placet
1261 3759 1362 3831 uobis
1392 3768 1431 3830 ut
1453 3759 1584 3830 nuntiis
1609 3778 1698 3852 quos
1722 3757 1916 3830 necessario
1942 3769 1976 3830 to

565 3881 707 3954 mictere
717 3887 850 3974 oportet
861 3899 923 3972 pro
932 3879 1134 3950 necessariis
1147 3881 1298 3954 servitiis
1308 3885 1444 3970 uostris,
1455 3883 1764 3978 expensostribuas
1772 3879 1817 3954 de
1828 3883 1973 3976 pecunia

564 4006 661 4078 curie
677 4012 791 4076 nostre
807 4000 1002 4074 moderates
1018 4012 1053 4072 ct
1066 4003 1191 4094 justas,
1209 4025 1300 4097 ques
1316 4007 1479 4078 volumus
1494 4006 1530 4076 iu
1548 4005 1617 4076 tuis
1629 4005 1819 4076 rationibus
1837 4026 1975 4100 compn-

565 4130 643 4203 tari.
668 4125 675 4226 Ι
698 4129 747 4198 llo
775 4123 910 4217 autopis
928 4122 1091 4196 Cethnnie
1114 4125 1175 4218 qni
1199 4136 1377 4198 morentur
1404 4128 1577 4219 Anguste,
1597 4129 1659 4221 qni
1682 4149 1760 4199 cum
1786 4127 1915 4200 habent
1937 4138 1975 4198 ut

565 4251 732 4348 scripsisti
749 4248 871 4322 domos
888 4256 923 4318 et
940 4244 1061 4318 vineas
1076 4246 1112 4316 iu
1126 4247 1303 4338 Cathauie,
1322 4259 1444 4344 petunt
1459 4251 1631 4324 licentiam
1649 4250 1756 4324 eundi
1773 4249 1972 4322 Cathauiom

564 4397 627 4472 pro
637 4369 858 4470 preparandis
870 4368 1031 4443 domibus
1045 4379 1081 4440 ct
1093 4370 1166 4442 suis
1177 4371 1285 4444 vineis
1297 4373 1510 4463 excolendis,
1529 4374 1639 4468 placet
1651 4373 1751 4446 nobis
1763 4382 1797 4444 et
1809 4374 1971 4446 volumus

563 4506 603 4568 ut
618 4497 654 4568 iu
670 4503 762 4566 certo
778 4501 813 4565 et
826 4491 1031 4584 competenti
1046 4501 1200 4586 tempore
1214 4501 1250 4564 et
1264 4513 1357 4566 anuo
1375 4495 1543 4588 quolibet,
1556 4517 1637 4568 cum
1656 4495 1884 4568 necessarium
1897 4515 1973 4566 esse

564 4619 709 4708 videris,
732 4615 863 4687 tribuas
881 4613 933 4686 eis
956 4613 1128 4686 licentiam
1156 4615 1357 4688 conterendi
1378 4639 1416 4690 se
1437 4617 1636 4690 Cathauiam
1655 4627 1793 4712 propter
1810 4616 1876 4688 hcc
1897 4637 1971 4690 mo·

564 4741 736 4826 deramm,
766 4737 813 4810 ita
829 4747 944 4809 umen
969 4745 1008 4808 nt
1030 4736 1176 4808 familias
1200 4757 1283 4810 snas
1311 4738 1460 4812 habeant
1483 4741 1520 4812 iu
1545 4740 1701 4834 Augusta
1721 4749 1756 4812 et
1776 4740 1842 4834 ipsi
1868 4741 1971 4812 mmm
