4358 5996
576 683 653 746 1004
1069 683 1282 748 relocatur
1307 685 1482 746 sttcttltnl
1790 685 1873 764 [1188.
1891 685 1980 747 12111

572 815 669 912 quod
694 835 763 888 non
789 815 899 912 ipsius
921 818 1138 913 plenitudine
1163 817 1212 916 (a)
1238 827 1354 914 optata
1380 816 1619 912 preteritomm
1647 817 1821 890 revocatio
1848 817 1982 892 subsc-

572 947 710 1036 quatnr.
730 938 800 1012 Nos
819 939 913 1012 enim
935 941 1083 1037 copiosis
1107 941 1234 1037 opibus
1256 939 1302 1013 de
1320 961 1428 1034 regno
1445 947 1563 1012 nostro
1583 939 1783 1033 assumptis,
1812 939 1850 1011 in
1873 963 1981 1032 rnanu

571 1062 703 1158 potenti
716 1074 751 1134 81
762 1061 905 1136 brachio
920 1072 1061 1137 extento
1078 1063 1306 1160 promdemus
1319 1061 1476 1135 hostilem
1492 1061 1687 1156 superbiam
1702 1061 1878 1154 edomare,
1891 1073 1928 1135 et
1943 1065 1979 1134 iu

571 1184 640 1258 biis
652 1205 722 1279 qne
734 1185 884 1258 animam
899 1187 975 1278 ejus
986 1196 1128 1280 tangent
1143 1209 1223 1260 eum
1236 1195 1417 1280 tangemus
1427 1183 1597 1275 acerbius,
1611 1183 1661 1256 ita
1672 1183 1769 1278 qnod
1778 1187 1981 1281 resipiscere

572 1315 715 1400 cogatur
730 1305 887 1378 acerbius
903 1307 948 1379 ab
964 1307 1102 1382 eliensis
1113 1317 1148 1382 81
1165 1309 1201 1380 18
1215 1327 1350 1380 sacrum
1373 1305 1556 1400 imperium
1575 1313 1611 1376 et
1630 1325 1810 1398 personam
1826 1315 1979 1378 nostram

572 1451 611 1503 os
622 1428 747 1503 amodo
759 1449 888 1524 ponere
900 1451 968 1504 non
980 1440 1168 1526 presumat.
1184 1430 1240 1504 Ad
1252 1429 1318 1502 bec
1330 1428 1494 1501 noveritis
1503 1424 1598 1522 qnod
1608 1427 1815 1500 universitas
1827 1405 1981 1501 Alexan

573 1547 770 1635 drincrum‚
788 1548 915 1620 relictis
930 1549 1239 1623 mediolanensium
1261 1547 1477 1644 proditorum
1499 1553 1691 1618 nostmrum
1715 1547 1905 1640 ermribns,
1932 1547 1980 1620 ad

571 1669 676 1746 fldem
701 1678 853 1742 nostram
879 1680 915 1744 et
935 1671 1069 1767 imperii
1094 1672 1210 1768 pronis
1228 1667 1289 1769 [et]
1311 1669 1473 1766 promptis
1498 1666 1676 1740 affectibus
1699 1666 1885 1742 redierunt.
1909 1670 1979 1742 Vos

571 1794 678 1890 igitur
694 1793 760 1866 bec
777 1792 824 1866 ad
844 1794 999 1866 omnium
1018 1793 1173 1867 fidelium
1196 1802 1388 1866 nostrorum
1410 1791 1565 1864 notitiam
1585 1791 1750 1864 relatione
1764 1793 1979 1886 3881811818-

571 1927 697 2010 rentes,
709 1917 786 1990 illcs
807 1915 968 2015 precipue
981 1917 1042 2012 qui
1058 1937 1121 2013 pro
1136 1917 1268 1992 bonore
1285 1915 1392 1989 nostri
1411 1913 1559 1989 nominis
1576 1913 1613 1986 in
1630 1923 1726 1988 tanto
1738 1913 1883 1989 dissidio
1899 1938 1979 2012 per-

572 2049 714 2146 manent
732 2039 945 2130 inconcussi,
962 2039 1009 2113 ad
1029 2049 1144 2114 nostra
1157 2040 1296 2114 servitia
1309 2039 1512 2135 pmpensins
1525 2037 1699 2128 animetis,
1718 2038 1801 2132 qnia
1814 2051 1929 2113 noster
1942 2050 1979 2114 et

573 2163 764 2238 communie
781 2163 892 2237 bonor
905 2163 942 2235 in
959 2163 1054 2236 cmni
1072 2173 1201 2238 eventu
1214 2161 1474 2260 promovebitur
1486 2163 1589 2254 juxta
1599 2169 1732 2233 votum.

443 2749 458 2782 =
481 2751 497 2838 ⁰.
625 2720 857 2826 Fridericus,
878 2717 1139 2802 Romanorum
1163 2717 1383 2827 imperator,
1407 2718 1560 2801 cuidam
1580 2717 1683 2800 fideli
1705 2743 1775 2802 suo
1797 2721 1847 2802 dc
1867 2720 1976 2804 Lcm-

573 2855 708 2938 burdia
726 2849 913 2962 significat
929 2873 1062 2958 pacem
1074 2850 1173 2932 inter
1191 2875 1231 2932 se
1248 2850 1375 2960 ipsum
1393 2859 1431 2933 81
1448 2874 1645 2932 summum
1659 2850 1874 2959 pontificem
1890 2877 1975 2936 mox

574 3011 656 3072 csse
673 2982 976 3087 reformandam,
1001 3007 1080 3090 qna
1100 2980 1343 3088 confirmata,
1366 2982 1416 3065 ad
1437 2981 1715 3065 conculcandos
1732 2981 1977 3068 Lcmbardiae

574 3117 733 3203 rebelles
752 3140 792 3197 se
809 3112 1007 3197 efficaciter
1024 3137 1305 3221 processurum.

654 3328 777 3406 (Inedlt.
799 3343 838 3388 ex
857 3325 924 3386 cod.
944 3323 1017 3386 bibl.
1032 3325 1177 3406 Leipzig,
1201 3325 1360 3404 1868181.
1381 3333 1417 3386 21
1436 3324 1660 3407 (8ο)18888,81
1681 3343 1721 3388 ex
1739 3327 1807 3389 eod.
1825 3325 1896 3388 bibl.
1916 3342 1976 3406 reg.

694 3433 804 3506 Boron,
822 3430 956 3510 188,181.
974 3439 1011 3492 18
1028 3429 1138 3510 verso.)

626 3619 859 3718 [Frcdericns,
877 3615 961 3714 eta]
972 3618 1108 3690 Scimus
1122 3617 1264 3689 firmiter
1282 3613 1379 3710 quod
1395 3615 1483 3688 inter
1496 3615 1563 3688 alia
1585 3635 1655 3710 qne
1668 3615 1908 3690 desiderabilia
1921 3637 1979 3690 oc·

576 3752 757 3819 currerunt
769 3741 893 3814 nostris
907 3738 1069 3814 fidelibus
1085 3739 1304 3830 lombardie,
1320 3739 1410 3812 votis
1424 3747 1581 3811 vereatur
1596 3739 1769 3834 precipuis
1782 3737 1980 3812 corumdem

577 3876 612 3940 81
624 3867 790 3940 instanter
803 3870 989 3959 peroptant
1002 3872 1042 3934 ut
1053 3863 1141 3933 inter
1154 3883 1218 3934 nos
1230 3871 1265 3934 et
1277 3863 1466 3934 llcmanam
1479 3859 1666 3934 Ecclesiam
1676 3869 1818 3934 matrem
1831 3871 1977 3934 nostram

576 3985 672 4081 pacis
692 3983 871 4058 vinculum
896 3979 1137 4054 indissolubile
1161 3981 1381 4070 reformetur,
1406 3990 1441 4050 et
1458 3979 1683 4052 conversione
1706 3979 1850 4071 eiusad
1872 3979 1980 4053 filium

577 4117 754 4204 reparetur
765 4103 976 4202 ydemptitas
992 4103 1222 4188 voluntatum,
1236 4112 1275 4174 ut
1291 4101 1432 4174 suborta
1446 4100 1580 4174 dudum
1598 4103 1765 4175 internos
1780 4103 1892 4198 sopita
1907 4103 1981 4176 dis-

577 4231 708 4321 cordia,
728 4227 774 4304 ad
786 4227 899 4300 Ytalie
919 4225 1162 4320 prosequenda
1185 4224 1323 4318 negotia
1341 4223 1533 4318 dirigamus
1550 4223 1729 4298 comodiue
1743 4229 1932 4320 potentiam
1949 4235 1982 4299 ct

578 4355 686 4427 aciem
703 4350 829 4424 mentis
848 4358 977 4421 nostre.
995 4347 1144 4420 Proinde
1159 4348 1325 4443 predictis
1339 4347 1502 4422 fidelibus
1512 4369 1575 4445 per
1592 4357 1627 4421 18
1648 4349 1810 4422 volumus
1825 4371 1900 4422 esse
1917 4371 1982 4422 no·

577 4487 652 4550 tum
668 4474 764 4571 qnod
778 4483 1097 4568 quantumcumque
1110 4470 1271 4544 iuimicus
1287 4473 1384 4567 pacis
1403 4481 1438 4546 et
1453 4472 1525 4546 odii
1540 4471 1749 4544 ministrator
1766 4473 1982 4546 internecet

577 4597 766 4672 Ecclesiam
782 4594 1000 4669 dissentionis
1018 4593 1196 4667 materiam
1209 4593 1400 4684 induxerit,
1412 4615 1611 4688 quanquam
1629 4615 1764 4688 semper
1780 4595 1876 4667 velut
1889 4595 1981 4690 prin·

620 4757 663 4840 (a)
684 4758 780 4820 Locus
792 4759 825 4817 tn
837 4757 1042 4833 manusculptts
1055 4755 1195 4828 mutilusr
1208 4753 1331 4816 lorsitan
1343 4760 1473 4816 mmmm
1484 4755 1576 4836 ipsias
1581 4752 1765 4836 plmitndirrr
1781 4771 1841 4818 corr
1854 4753 1978 4819 obtenta.
