4564 6038
897 576 1203 638 AlllllTAllENTll.
1675 569 1751 632 1231

343 719 486 800 mnam,
509 717 549 782 ut
566 711 751 805 postulavi.
773 709 873 784 Unde
898 733 964 805 ego
982 711 1127 786 credens
1150 709 1436 807 promissionibus
1455 717 1490 780 et
1514 706 1597 780 fidei
1614 727 1752 794 eorum,

343 854 414 926 qna
428 854 448 904 a
464 853 521 906 me
539 834 710 926 petierunt
722 835 887 908 concessi.
904 835 949 908 Et
962 857 1028 930 ego
1045 857 1107 932 per
1119 833 1244 908 terram
1257 832 1387 907 accessi
1400 853 1479 904 cum
1496 831 1548 904 eis
1565 851 1645 903 cum
1657 829 1755 902 XXX

344 955 429 1028 viris
439 957 529 1030 bene
545 957 685 1030 armatis
697 968 870 1052 equester.
884 959 927 1032 Et
943 959 1012 1032 boc
1028 959 1094 1030 luit
1110 959 1168 1034 die
1190 979 1282 1031 nono
1294 956 1438 1054 predicti
1451 955 1591 1030 mensis.

393 1079 436 1152 Et
460 1088 644 1175 posternam
667 1082 874 1156 accessimus
897 1083 993 1179 apud
1012 1085 1161 1179 Tyrum,
1188 1082 1374 1154 habuimus
1398 1080 1574 1152 civitatem
1593 1077 1757 1172 incapite

345 1203 451 1276 bium
469 1202 620 1293 dierum;
640 1213 674 1277 et
697 1205 764 1278 boe
786 1206 967 1280 occasione
984 1216 1177 1280 nestrorum
1195 1206 1401 1278 Venetorum
1424 1203 1485 1296 qui
1505 1202 1554 1273 ibi
1571 1209 1652 1274 sunt
1671 1200 1756 1271 bur·

345 1345 480 1417 genses.
500 1326 543 1398 Et
555 1325 592 1396 in
607 1326 717 1421 capite
730 1326 870 1400 XXVlll
884 1327 1020 1401 dierum
1037 1327 1320 1423 recuperavimus
1342 1334 1491 1399 castrum
1506 1323 1654 1397 civitatis
1676 1343 1757 1394 cum

345 1469 473 1537 magno
498 1449 632 1540 labore;
658 1471 739 1522 nam
762 1451 811 1522 ibi
830 1451 1088 1524 construximus
1109 1451 1256 1522 bridam.
1274 1451 1318 1522 Et
1333 1449 1434 1522 citius
1450 1448 1637 1520 habuimus
1652 1467 1758 1539 quam

345 1569 599 1663 habuissemus,
612 1573 679 1644 nisi
689 1583 780 1646 esset
795 1574 891 1669 quod
907 1575 1044 1666 bajulus
1059 1575 1274 1669 imperatoris
1289 1574 1350 1666 qui
1364 1573 1528 1668 pergebat
1545 1572 1581 1641 in
1597 1569 1758 1664 Apuliam

347 1715 470 1789 passus
485 1695 550 1766 luit
565 1697 786 1788 naufragium
802 1697 848 1770 ad
861 1698 1010 1770 Mentem
1027 1698 1073 1772 de
1089 1698 1231 1770 Barcbe.
1250 1697 1318 1782 Qui
1334 1695 1434 1768 rediit
1449 1717 1528 1767 cum
1539 1695 1643 1767 barca
1659 1692 1760 1766 navis

347 1818 471 1911 inqua
492 1819 747 1912 revertebatur,
767 1830 802 1893 et
826 1820 898 1892 ibat
914 1822 1060 1916 Tyrum,
1080 1831 1114 1893 et
1130 1821 1180 1894 sic
1204 1843 1285 1892 eum
1308 1817 1564 1914 apprendimus.
1589 1819 1632 1889 Et
1656 1816 1760 1888 furcis

348 1941 448 2013 laetis
462 1941 498 2012 in
515 1943 599 2013 turri
616 1943 778 2015 eminenti
798 1951 878 2016 ante
896 1953 1058 2036 castrum,
1080 1943 1234 2016 dicentes
1251 1965 1315 2015 nos
1331 1943 1421 2016 velle
1439 1963 1518 2014 enm
1533 1939 1758 2034 suspendere,

350 2062 411 2156 qui
430 2063 467 2134 in
481 2072 591 2136 castro
609 2075 720 2154 erant,
739 2065 861 2138 timore
877 2065 973 2139 ducti
992 2088 1037 2138 ne
1053 2065 1342 2162 suspenderemus
1358 2087 1452 2155 eum,
1473 2073 1623 2136 castrum
1638 2060 1763 2136 reddi-

349 2185 475 2259 derunt
499 2209 540 2261 eo
563 2198 665 2284 paeto
686 2199 725 2262 ut
747 2189 856 2264 libare
878 2201 1019 2286 possent
1040 2192 1148 2264 abire.
1170 2192 1356 2284 Postquam
1374 2191 1547 2263 civitatem
1563 2197 1597 2262 et
1613 2195 1763 2260 castrum

349 2311 467 2405 quiete
485 2312 688 2404 babuimus,
708 2313 801 2387 dicta
824 2315 945 2408 regina
970 2315 1123 2410 perrexit
1146 2317 1292 2410 Tyrum3
1321 2323 1355 2387 et
1379 2314 1429 2385 sic
1452 2335 1519 2406 ego
1538 2311 1764 2386 incontinenti

350 2436 481 2506 accessi
498 2437 677 2532 postulans
688 2437 733 2509 ab
748 2459 789 2510 ea
802 2448 835 2509 et
847 2460 868 2510 a
881 2437 982 2511 dictis
995 2439 1184 2512 baronibus
1193 2438 1290 2532 qnod
1303 2459 1346 2510 ea
1360 2461 1429 2532 que
1441 2437 1525 2508 mibi
1538 2439 1767 2532 promiserant

350 2567 386 2630 et
404 2560 605 2632 tenebantur
625 2561 843 2634 restituerent
858 2571 893 2635 ct
912 2563 948 2634 in
974 2564 1225 2658 possessionem
1247 2563 1420 2635 mitterent
1436 2562 1480 2636 de
1503 2562 1557 2634 his
1579 2580 1648 2655 que
1665 2559 1767 2632 nobis

351 2679 491 2755 detenta
511 2693 620 2757 erant.
649 2685 724 2768 Qua
747 2684 889 2758 domina
913 2687 1031 2780 regina
1058 2697 1091 2759 et
1118 2687 1266 2758 barones
1288 2685 1539 2781 responderunt
1561 2683 1654 2776 quod
1678 2683 1768 2755 bene

351 2804 514 2877 velebant
540 2807 653 2878 lacere
679 2808 826 2881 libenter
851 2817 885 2882 et
909 2811 993 2904 quia
1017 2811 1239 2900 tenebantur3
1270 2808 1333 2880 sed
1359 2830 1416 2880 me
1442 2814 1654 2900 rogaverunt
1672 2804 1767 2899 quod

352 2927 557 3002 sustinerem
572 2931 740 3023 quamdiu
757 2932 845 3004 irent
865 2934 901 3004 in
924 2933 1062 3023 Accon,
1086 2943 1124 3005 ut
1144 2942 1357 3028 exponerent
1374 2931 1571 3003 hominibus
1595 2929 1710 3023 regni,
1730 2937 1770 3000 ut
1802 2919 1804 2922 ’

352 3050 403 3122 eis
425 3071 496 3124 non
520 3063 636 3146 posset
659 3055 792 3148 aliquid
814 3055 977 3150 imputari
1003 3066 1038 3130 et
1063 3065 1102 3128 ut
1128 3057 1228 3129 nobis
1254 3058 1363 3148 major
1391 3063 1481 3127 esset
1504 3053 1687 3144 securitas,
1710 3051 1769 3124 di-

352 3181 469 3246 centes
484 3175 581 3268 quod
597 3177 681 3248 certi
699 3187 797 3250 erant
814 3179 910 3273 quod
930 3179 975 3252 de
998 3181 1064 3253 hoc
1077 3179 1300 3253 contrarietas
1319 3179 1365 3250 ab
1377 3178 1493 3272 aliquo
1505 3197 1575 3248 non
1593 3175 1689 3248 lieret
1704 3195 1770 3248 nec

352 3317 429 3369 esse
456 3309 581 3392 posset.
607 3299 650 3370 Et
671 3300 782 3373 sciens
809 3302 905 3396 quod
934 3325 1036 3376 nemo
1061 3304 1112 3375 eis
1139 3303 1387 3376 contradiceret
1412 3299 1602 3374 dummodo
1618 3299 1765 3389 vellent,

354 3421 497 3493 assensi.

403 3543 587 3638 Postquam
610 3567 730 3618 omnes
753 3547 883 3620 luimus
909 3549 945 3620 in
967 3549 1099 3641 Accon,
1128 3551 1204 3644 cepi
1225 3553 1401 3645 postulare
1423 3547 1589 3644 predicta.
1618 3548 1685 3633 Qui
1710 3569 1768 3622 ce·

354 3677 479 3760 pernnt
495 3669 635 3742 frivolas
661 3679 695 3742 et
716 3692 826 3743 vanas
848 3671 1006 3746 inducias
1029 3675 1215 3768 postulare.
1233 3675 1276 3746 llt
1298 3674 1349 3746 sic
1368 3672 1486 3746 medio
1508 3681 1660 3768 tempore
1675 3672 1770 3746 viee-

356 3811 472 3862 comes
494 3799 584 3865 terre
600 3793 781 3867 occasione
805 3795 885 3866 surti
911 3797 1002 3891 oepit
1020 3796 1208 3890 quemdam
1224 3798 1340 3868 virum
1354 3797 1544 3884 Venatum,
1563 3805 1598 3868 et
1614 3817 1680 3889 ego
1695 3805 1770 3867 tum

356 3913 402 3984 ab
418 3935 460 3986 eo
482 3935 563 3987 eum
584 3917 715 4010 repetii.
738 3917 804 4002 Qui
820 3939 900 3990 eum
922 3920 1008 3990 mihi
1031 3921 1208 3993 restituere
1226 3921 1447 4014 contempsit,
1469 3939 1600 4015 ponens
1619 3919 1770 3992 occasio·

355 4055 436 4107 nem
454 4037 548 4130 quod
569 4040 628 4132 jus
654 4040 834 4132 sanguinis
856 4062 926 4114 non
952 4042 1179 4134 haberemns3
1202 4053 1237 4116 et
1260 4045 1309 4116 sic
1334 4065 1416 4116 eum
1442 4042 1585 4116 tradidit
1606 4042 1769 4135 magistro

356 4159 501 4255 Templi,
511 4169 545 4233 et
557 4163 720 4254 magister
735 4164 867 4260 Templi
883 4165 1102 4259 postmodum
1121 4165 1265 4238 tradidit
1278 4166 1377 4257 mibi,
1393 4189 1472 4238 cum
1489 4167 1563 4261 ipse
1577 4173 1695 4259 postea
1706 4184 1770 4258 pro

356 4283 451 4354 omni
469 4287 649 4360 occasione
665 4309 734 4383 qne
750 4288 914 4361 acciderit
930 4289 1015 4360 mihi
1031 4290 1215 4363 restituerit
1231 4311 1350 4364 omnes
1365 4292 1527 4382 Venetos,
1542 4311 1612 4362 non
1632 4297 1770 4384 propter

356 4404 423 4477 hoc
435 4406 611 4483 dimittens
619 4413 754 4505 quinea
766 4435 835 4508 quc
847 4411 931 4486 mihi
940 4414 1167 4508 promiserant
1183 4423 1217 4486 et
1231 4414 1435 4486 tenebantur
1447 4415 1638 4504 restituere,
1651 4421 1769 4508 postu-

358 4528 479 4602 larem.
498 4533 541 4604 Et
556 4535 622 4629 ipsi
638 4559 699 4630 per
716 4538 861 4609 multum
878 4538 1042 4631 temporis
1057 4537 1234 4632 negotium
1248 4536 1444 4630 dilatando,
1464 4536 1601 4610 tandem
1618 4536 1653 4606 in
1666 4533 1771 4608 linem

359 4654 462 4727 talem
492 4655 576 4729 mihi
603 4659 759 4733 fecerunt
783 4661 1041 4756 responsionem
1068 4660 1212 4756 quodsi
1235 4683 1297 4758 per
1322 4661 1477 4738 balivum
1496 4661 1648 4756 aliquem
1672 4659 1771 4754 regni
