4358 5996
559 675 621 739 984
1060 671 1277 735 l'lllllllllltll
1304 671 1478 736 sncuuot
1786 665 1868 751 [ara
1887 665 1974 729 talo.

559 807 694 881 habetis
720 806 765 880 de
786 805 871 879 sicla
895 813 1032 893 nostra,
1050 805 1197 901 receptis
1213 806 1280 902 hys
1301 807 1428 880 licteris
1447 802 1629 899 assignetis
1648 801 1683 876 ei
1701 799 1747 874 ad
1773 821 1864 898 opos
1882 801 1977 874 curie

501 927 505 934 '
558 939 692 1022 nostre,
708 928 958 1026 respondentes
974 939 1009 1002 et
1026 927 1245 1002 intendentes
1259 929 1373 1004 eidam
1386 929 1433 1004 de
1449 937 1563 1003 cotem
1581 925 1628 1000 ds
1643 927 1727 1000 sidu
1746 933 1781 1000 ct
1801 926 1882 1018 ejus
1895 945 1976 1021 pro·

558 1053 741 1144 ventibus,
757 1063 796 1126 nt
817 1052 864 1127 de
881 1052 967 1150 ipsis
978 1053 1082 1146 J‘nxta
1098 1051 1334 1150 provisionem
1347 1062 1383 1128 et
1399 1051 1653 1128 ordinationem
1669 1050 1779 1148 ipsios
1798 1049 1844 1126 de
1861 1057 1976 1124 eatan

558 1177 605 1253 ad
621 1185 738 1252 nostre
748 1175 845 1252 curia
854 1175 1076 1251 commodum
1093 1175 1311 1272 disponatur.

606 1304 733 1376 Datum
748 1300 871 1396 Pogla,
889 1301 936 1374 vt
953 1299 1078 1394 madii,
1095 1300 1173 1373 Xlll
1188 1299 1397 1375 indictionis.

771 1571 858 1582 ——u
865 1573 940 1582 -σιοι-
945 1571 1117 1582 -ιι--ο-ι-ι
1121 1571 1238 1581 uun—a·—

414 1833 428 1863 .
477 1853 489 1917 .'
610 1797 834 1882 Mandatum
866 1797 916 1880 ad
944 1795 1126 1906 Maiorem
1155 1797 1205 1879 de
1226 1795 1456 1880 Plancatoue
1481 1797 1588 1907 quod
1619 1822 1778 1882 suorum
1806 1804 1973 1908 quotm-

557 1929 717 2014 nionum
737 1928 907 2016 Obberto
924 1941 1067 2014 secreto
1082 1929 1231 2012 Siciliae
1248 1929 1399 2039 copiam
1416 1929 1542 2012 faciat.

639 2143 765 2224 (depost.
777 2143 883 2224 anper.
895 2139 1016 2206 Fradm
1030 2143 1072 2220 11,
1090 2142 1143 2206 iol.
1156 2153 1174 2204 a
1187 2159 1289 2220 verso3
1306 2145 1338 2206 ln
1348 2144 1421 2208 edit.
1433 2143 1570 2225 cusan„
1582 2161 1614 2224 p.
1627 2143 1712 2224 att.)

591 2333 688 2405 leem
700 2331 832 2426 scapua
844 2333 886 2404 li.
906 2331 946 2402 dc
956 2331 1094 2402 &karo
1109 2330 1151 2402 de
1162 2329 1320 2404 mundato
1337 2331 1489 2426 mopsuri
1496 2333 1591 2405 Petri
1609 2331 1650 2404 de
1668 2333 1797 2404 Vinea.-

603 2453 824 2548 Fredcricns,
851 2464 935 2544 etc,
955 2455 1077 2548 Maiori
1100 2453 1146 2528 dc
1169 2455 1393 2547 Plancatone,
1414 2465 1479 2530 etc.
1504 2454 1709 2530 Mandamns
1729 2464 1902 2552 qnatenus
1925 2457 1969 2530 nd

554 2577 813 2674 requisitionem
830 2577 984 2666 Obbarti,
1002 2587 1086 2670 etc,
1105 2579 1212 2652 facias
1225 2578 1259 2652 ei
1275 2579 1410 2675 copiam
1427 2581 1695 2674 quaternionum
1707 2601 1797 2675 quos
1814 2580 1927 2656 habas
1937 2591 1972 2653 et

556 2703 731 2778 continent
743 2701 821 2794 jura
835 2709 968 2794 nostra,
994 2699 1213 2776 venditiones
1229 2711 1266 2776 et
1280 2702 1467 2777 locationes
1487 2703 1738 2796 bajnlationum
1759 2712 1794 2777 et
1810 2703 1968 2778 residuo·

555 2848 634 2900 rum
651 2823 800 2922 pecunie
815 2834 931 2899 nostre
951 2825 988 2898 in
1004 2825 1120 2898 Sicilia
1133 2825 1219 2899 citra
1234 2825 1365 2900 flumen
1381 2827 1533 2918 Salsum,
1552 2835 1592 2900 nt
1608 2826 1727 2902 habito
1743 2829 1905 2926 exemplo
1926 2826 1969 2902 de

555 2951 626 3042 cis,
642 2950 759 3025 omnia
769 2950 816 3025 ad
828 2971 919 3047 opus
936 2950 1032 3023 curie
1046 2959 1161 3024 nostre
1176 2951 1479 3047 requirarevalaat
1490 2961 1526 3028 at
1542 2950 1671 3028 habere
1684 2951 1747 3050 (o).

606 3076 730 3148 Datum
741 3074 863 3170 Fogie,
885 3075 930 3147 vl
948 3071 1073 3167 madii,
1094 3075 1172 3148 Xlll
1192 3073 1404 3152 indictionis.

414 3609 490 3651 oso.
610 3591 843 3700 Fridericus,
871 3591 1132 3678 Romanorum
1162 3596 1382 3708 imperator,
1410 3597 1522 3682 Petro
1556 3597 1606 3682 de
1640 3596 1814 3681 Calabria
1843 3597 1964 3708 justi-

559 3722 669 3806 tiario
690 3723 731 3804 in
754 3723 882 3828 Sicilia
907 3726 1067 3810 mandat
1092 3735 1136 3810 ut
1153 3753 1243 3811 cum
1271 3729 1497 3815 Guillelmus
1525 3730 1574 3812 de
1603 3729 1800 3840 dopmno,
1818 3731 1965 3816 dudum

555 3853 783 3964 justitiarius
805 3855 954 3941 Siciliae
971 3858 1067 3942 citra
1090 3858 1234 3945 flumen
1260 3861 1435 3969 Salsum,
1464 3861 1635 3946 Galrano
1655 3861 1843 3973 Leucono,
1862 3863 1964 3947 ller-

557 4013 701 4073 manno
730 3999 769 4074 et
794 3989 1074 4102 Camaguerrae
1097 3993 1231 4078 uncias
1256 3995 1340 4080 auri
1367 3995 1542 4105 superius
1568 4021 1765 4105 expressas
1790 4021 1869 4080 nou
1896 4021 1964 4080 ex·

558 4121 733 4230 solverit,
766 4149 835 4232 pse
852 4125 1104 4234 quantitatem
1127 4127 1362 4236 praedictam
1378 4129 1522 4212 eisdem
1539 4128 1716 4212 exhibere
1734 4127 1884 4212 debeat.

639 4299 768 4383 (liccat.
781 4301 885 4387 imper.
897 4301 1014 4365 liedes
1034 4305 1074 4380 11,
1091 4305 1145 4368 tol.
1164 4314 1202 4369 ao
1216 4323 1314 4370 verso.
1328 4308 1397 4372 Vld.
1412 4325 1514 4390 snpra,
1527 4325 1558 4387 p.
1575 4305 1658 4387 aaa.)

605 4453 730 4526 Datum
747 4453 870 4547 Fugio,
888 4455 1063 4550 Xmadii,
1084 4459 1162 4532 Xlll
1177 4459 1388 4536 indictionis.

604 4576 734 4650 Eodem
753 4575 812 4651 die
827 4577 1023 4654 Fridaricns
1042 4583 1179 4678 scripsit
1202 4584 1328 4660 Obcrto
1348 4583 1608 4661 Fallamonacho
1630 4589 1762 4658 secroto
1782 4603 1846 4680 pan
1859 4590 1961 4657 uun

597 4776 638 4857 (a)
656 4775 698 4839 n
711 4775 813 4840 aaa
829 4777 1035 4859 unornane
1049 4779 1164 4846 utut.
