4524 6012
525 647 586 710 668
1025 649 1238 713 nnrnsalct
1263 651 1436 714 suebant
1750 657 1827 742 [Aur.
1847 659 1933 722 1240.

522 784 666 857 roncino
678 805 759 878 suo,
783 785 921 858 homine
941 807 1045 878 quem
1062 783 1176 858 eidem
1197 767 1355 880 debens,
1376 797 1412 862 et
1430 787 1531 861 dietis
1546 787 1686 862 duabus
1709 793 1931 886 equitaturis,

523 931 586 1004 pro
602 909 776 986 veniendo
793 910 839 982 ad
857 933 921 984 nos
937 910 983 984 de
999 911 1146 1005 pecunia
1165 911 1261 984 curie
1278 920 1395 986 nostre
1411 933 1481 1006 que
1497 922 1549 986 est
1570 927 1634 1009 per
1657 935 1784 988 manus
1807 926 1884 990 tuas
1899 920 1933 990 ei

523 1032 651 1106 debeas
664 1034 843 1108 exhibere.

571 1161 696 1232 Datum
718 1158 811 1252 apud
828 1157 1001 1246 Aretium,
1018 1159 1065 1230 XI
1079 1159 1246 1251 januarii,
1263 1158 1339 1232 XIII
1355 1160 1564 1234 indintionis.
1597 1203 1599 1208 ·

569 1285 682 1354 irem.-

569 1405 790 1496 Fredarious,
814 1416 898 1494 eto,
916 1405 1118 1478 Boamundo
1131 1407 1272 1480 Pissono
1283 1405 1468 1499 justitiario
1481 1405 1633 1502 Aprutii,
1658 1421 1724 1482 ete.
1745 1411 1835 1496 Quia
1850 1413 1931 1506 equi

520 1542 601 1604 sunt
624 1531 722 1603 nobis
746 1531 933 1625 plurimum
958 1531 1135 1625 oportuni,
1164 1531 1371 1620 mandamus
1395 1541 1568 1624 quatenus
1592 1553 1652 1628 per
1670 1533 1929 1626 justitIarietum

520 1656 655 1750 Aprutii
681 1655 862 1746 diligenter
885 1654 1039 1748 inquiras
1071 1654 1166 1748 apud
1190 1675 1280 1749 quos
1304 1654 1461 1728 homines
1490 1665 1732 1728 remanserunt
1758 1657 1804 1731 de
1831 1661 1931 1754 equis

520 1781 664 1870 nostris,
684 1801 772 1875 quos
787 1780 910 1850 Hector
925 1779 970 1850 de
982 1779 1233 1852 MonteInsoqu
1247 1779 1453 1871 justitiarius
1466 1781 1596 1876 raoepit
1614 1801 1635 1852 a
1654 1779 1812 1854 Iohanne
1825 1781 1930 1858 Cara·

517 1905 593 1977 nolo
612 1905 773 1976 veniente
790 1903 836 1976 de
851 1923 957 1997 regno
979 1903 1025 1975 ad
1043 1903 1250 1996 presentiam
1268 1914 1421 1976 nostram
1443 1925 1523 1976 cum
1540 1905 1640 1999 equis
1656 1905 1740 2000 ipsis
1763 1915 1798 1979 et
1817 1918 1930 1982 eusto-

519 2027 664 2100 diendos
680 2025 872 2116 distribuit,
899 2034 935 2098 et
949 2034 1018 2097 tam
1037 2025 1129 2120 ipsos
1155 2045 1243 2120 quos
1259 2026 1432 2099 inveneris
1456 2049 1562 2120 quam
1592 2027 1677 2100 aiios
1705 2051 1815 2123 equos
1834 2032 1930 2104 curie

518 2163 633 2226 nostre
647 2173 736 2246 quos
758 2148 995 2244 aliquomodo
1018 2147 1141 2239 habes,
1163 2150 1277 2223 statim
1296 2149 1382 2222 visis
1403 2149 1469 2245 hys
1493 2151 1640 2242 liotens,
1660 2173 1722 2247 per
1739 2162 1836 2226 tuum
1852 2177 1930 2251 spe·

518 2276 638 2348 oiaIem
658 2275 818 2347 nuntium
832 2273 878 2346 ad
898 2273 1102 2368 presentiam
1124 2281 1275 2348 nostram
1298 2274 1434 2364 mistas,
1461 2284 1596 2348 notente
1621 2275 1811 2370 providens
1831 2279 1928 2374 quod

518 2401 701 2473 salubriter
715 2399 858 2472 veniant
868 2406 903 2471 et
915 2418 1048 2470 secure.

565 2525 690 2595 Datum
706 2520 758 2620 [ot
774 2519 905 2620 supro}

1526 2824 1685 2837 W

373 3179 466 3211 m„
569 3115 790 3196 Mandatum
813 3112 862 3192 ad
890 3121 1076 3192 secretum
1099 3109 1277 3192 Panormi
1300 3119 1343 3192 ut
1362 3109 1459 3192 duos
1483 3105 1701 3216 augustales
1724 3132 1823 3216 quos
1845 3133 1925 3190 no-

514 3246 635 3330 tarius
659 3242 884 3327 Guillelmus
911 3243 959 3324 de
986 3241 1175 3322 Panormo
1203 3267 1226 3321 a
1257 3240 1427 3350 quolibet
1453 3263 1641 3322 novorum
1668 3235 1925 3321 habitatorum

515 3375 679 3486 Trapeni
698 3373 863 3456 indebite
881 3371 1034 3481 recepit,
1054 3371 1246 3480 requirere
1265 3395 1341 3452 non
1359 3371 1523 3453 omittat.

596 3579 723 3659 (Raoert.
739 3578 842 3655 Imper.
857 3571 975 3635 madar.
991 3575 1031 3648 II,
1047 3573 1098 3634 fot.
1114 3581 1150 3633 5³
1165 3579 1262 3647 reaten
1281 3575 1314 3632 in
1330 3572 1402 3632 edit.
1416 3571 1551 3644 Carnam,
1567 3589 1598 3649 p.
1618 3570 1701 3649 818.)

563 3756 645 3824 Item
665 3777 673 3820 ε

562 3875 776 3965 Fredencus,
793 3881 877 3963 eto,
895 3869 1045 3942 Obberto
1062 3865 1322 3941 Faliamonaoho
1335 3875 1465 3938 secreto
1479 3864 1656 3951 Panormi,
1676 3872 1746 3935 ato.
1766 3861 1927 3934 Pervenit

513 4000 559 4073 ad
577 3997 787 4071 audientiam
807 4003 960 4066 nostram
974 3990 1069 4084 quod
1087 3990 1239 4062 notarius
1253 3989 1454 4061 Guittolmus
1471 3988 1516 4061 de
1534 3989 1721 4075 Panormo,
1743 3984 1828 4057 dum
1841 3985 1922 4056 oiim

513 4133 602 4198 esset
621 4122 774 4194 notarius
787 4116 945 4191 Severini
964 4113 1009 4186 de
1026 4111 1200 4207 Calataph.
1225 4113 1474 4205 bajulationum
1495 4109 1650 4203 magistri
1669 4107 1783 4180 fidelis
1801 4106 1920 4192 nostri,

513 4249 550 4320 in
576 4242 814 4318 distributIone
838 4249 1008 4312 terrarum
1035 4236 1182 4331 Trapani
1213 4255 1321 4308 novos
1349 4234 1556 4307 habitatores
1582 4231 1740 4324 ejusdem
1770 4229 1837 4302 Ioci
1863 4229 1924 4323 qui

512 4381 619 4443 terras
632 4365 843 4462 recipiebant
855 4363 1002 4450 ibidem,
1018 4361 1170 4456 graviter
1184 4379 1246 4454 pro
1258 4359 1398 4430 arbitrIo
1416 4378 1479 4430 sue
1490 4355 1676 4428 voluntaris
1688 4349 1826 4444 afflixit,
1838 4351 1923 4424 dum

511 4517 581 4568 non
607 4499 787 4565 contentus
817 4486 937 4560 solidis
962 4506 1052 4580 quos
1080 4505 1140 4579 per
1169 4483 1300 4556 dictum
1328 4481 1531 4555 Severinum
1558 4479 1747 4576 recipiebat
1774 4498 1796 4550 a
1826 4474 1922 4548 ouria

511 4627 640 4704 nostra,
658 4615 822 4708 scriptum
833 4610 947 4684 doaue
959 4618 1075 4682 nostre
1088 4605 1185 4703 quod
1202 4605 1348 4678 faciebat
1365 4604 1496 4676 eisdem
1513 4602 1559 4676 de
1575 4603 1675 4674 terris
1690 4599 1871 4693 assignatis
1888 4607 1922 4670 et

512 4737 786 4813 immunitatibus
809 4743 924 4810 nostre
943 4733 1051 4829 gratie
1073 4731 1246 4806 ooneeaais
1270 4728 1418 4818 eisdem,
1446 4726 1636 4820 unicuique
1655 4731 1783 4797 statuto
1806 4721 1924 4818 precio
