4384 6004
460 670 463 676 ’
510 673 589 734 1100
1010 666 1226 727 Ftlnnttlcl
1255 667 1431 728 sentiunt
1737 669 1817 754 [Ans.
1836 674 1922 736 1241.

508 803 695 896 adjuvetis,
718 809 756 874 ut
767 799 943 896 prostratis
960 799 1115 872 hostibus
1131 810 1166 872 et
1185 801 1320 874 mundo
1339 825 1360 874 a
1380 802 1553 875 scandalis
1575 813 1748 894 serenato,
1774 807 1862 878 sicot
1876 830 1924 880 ex

511 927 631 1002 divina
652 925 849 1022 provisione
873 920 1066 1017 digniorem
1089 945 1205 996 arcem
1231 925 1503 998 conscendimus
1528 936 1564 998 et
1583 927 1718 1021 imperii
1743 929 1830 1001 solio
1853 932 1924 1004 Deo

508 1049 726 1146 presidemus
744 1058 895 1136 auctore,
910 1047 959 1118 sic
975 1045 1020 1118 ad
1040 1045 1219 1120 tuitionem
1238 1047 1323 1121 fidei
1338 1058 1373 1120 et
1387 1059 1504 1145 sancte
1514 1051 1633 1124 matris
1649 1051 1804 1124 Ecclesia
1820 1054 1921 1126 liber-

508 1185 612 1246 tatem
628 1167 747 1246 div'ine
765 1172 903 1243 virtutis
920 1169 1072 1263 potentia
1092 1171 1291 1262 gloriemur.
1308 1173 1467 1246 Ceterum
1481 1173 1563 1266 quia
1585 1173 1688 1246 totius
1706 1175 1830 1247 mundi
1847 1197 1922 1249 con

509 1297 649 1370 scientia
662 1298 697 1367 in
712 1305 827 1370 vestre
839 1295 1014 1386 religionis
1025 1293 1204 1366 honestata
1218 1293 1375 1368 firmatur
1387 1305 1422 1368 et
1435 1315 1545 1386 vagos
1559 1295 1735 1369 discursus
1748 1297 1925 1372 bominum

508 1420 779 1516 evangelizando
796 1418 917 1492 salutis
940 1427 975 1490 et
998 1417 1108 1511 gratie
1127 1417 1335 1492 documenta
1353 1421 1520 1514 dirigitis,
1542 1441 1669 1493 novam
1691 1422 1823 1496 mundo
1843 1445 1925 1496 con·

508 1545 686 1618 scientiam
706 1542 750 1616 de
772 1541 873 1616 vobis
896 1541 970 1614 fieri
992 1563 1061 1614 non
1087 1543 1199 1615 velitis
1218 1543 1315 1638 qnod
1339 1545 1446 1638 aliqui
1469 1545 1611 1616 fratrum
1634 1554 1829 1617 vestrorum
1846 1569 1924 1619 cnm

508 1668 615 1740 literis
628 1677 663 1740 et
680 1665 912 1760 legationibus
932 1653 1049 1738 contra
1065 1687 1128 1738 nos
1142 1676 1176 1737 et
1193 1667 1376 1761 imperium
1397 1689 1458 1762 per
1472 1669 1592 1740 orbem
1608 1667 1800 1741 discurrere
1814 1671 1923 1764 sugil-

507 1792 638 1879 lantur,
663 1789 815 1862 dicentes
832 1789 927 1882 quod
956 1811 994 1860 se
1009 1791 1080 1861 Deo
1103 1791 1138 1859 in
1164 1790 1309 1862 salutem
1333 1790 1526 1862 animarum
1550 1813 1692 1862 suarum
1715 1794 1922 1886 obsequium

508 1925 658 2008 prestare
670 1912 846 1986 confidant
855 1913 884 1984 si
899 1912 1000 1985 nobis
1012 1924 1046 1984 et
1061 1913 1208 2008 imperio
1220 1923 1337 1986 nostro
1351 1935 1389 1986 se
1403 1914 1562 1986 molestos
1574 1927 1609 1986 et
1620 1915 1804 2006 injuriosos
1817 1938 1924 2010 oppo-

508 2047 602 2110 nant.
619 2039 731 2131 Super
747 2057 817 2128 quo
831 2057 928 2108 sacra
945 2038 1166 2130 congregatio
1181 2047 1294 2110 vestra
1311 2039 1423 2109 taliter
1437 2038 1473 2108 in
1491 2039 1640 2132 presenti
1660 2061 1758 2111 sacro
1780 2041 1924 2114 concilio

509 2161 673 2234 deliberet
695 2171 729 2232 et
756 2160 935 2253 disponat,
961 2159 1057 2253 quod
1079 2159 1278 2251 hujusmodi
1306 2162 1493 2233 verborum
1518 2161 1661 2249 levitas,
1687 2161 1867 2236 discursus
1890 2175 1925 2237 et

508 2305 613 2380 opera
628 2285 830 2378 generaliter
851 2305 873 2355 a
899 2283 1063 2355 fratribus
1080 2284 1269 2374 evitentur,
1291 2293 1326 2356 et
1348 2283 1441 2356 unde
1459 2295 1603 2379 possunt
1620 2285 1759 2379 assequi
1779 2288 1924 2379 gratiam

508 2407 603 2502 apud
621 2428 741 2479 omnes
759 2407 879 2479 ellico
898 2415 933 2478 et
953 2405 1150 2479 bominibus
1174 2407 1281 2501 gratis
1299 2407 1476 2501 obsequiis
1492 2409 1595 2500 Juxta
1611 2409 1749 2480 solitum
1772 2411 1924 2504 compla-

397 2613 400 2632 Ι
509 2551 599 2620 cere,
620 2531 816 2619 intendant,
836 2529 931 2625 quod
945 2551 1082 2602 sacrum
1097 2539 1252 2603 vestrum
1269 2529 1427 2603 ordinem
1443 2551 1512 2603 non
1535 2530 1657 2603 deceat
1673 2529 1790 2626 litigiis
1807 2554 1926 2626 perso·

509 2676 631 2726 narum
650 2664 685 2726 et
704 2653 794 2726 odiis
812 2653 1013 2745 immisceri,
1038 2663 1076 2725 ut
1095 2653 1323 2725 ministerium
1349 2664 1501 2732 vestrum
1519 2653 1555 2724 in
1580 2653 1744 2726 omnibns
1766 2676 1925 2750 compro·

509 2779 621 2848 betur.
640 2777 709 2850 Nos
726 2777 818 2849 enim
835 2776 948 2850 ordini
971 2798 1068 2849 sacro
1091 2787 1207 2849 vestro
1230 2787 1388 2872 potenter
1403 2785 1516 2849 astare
1540 2797 1582 2848 ac
1600 2777 1781 2849 efficaciter
1803 2778 1926 2852 adesse

510 2900 727 2995 disponimus
737 2901 845 2972 verbo
859 2912 893 2972 et
909 2920 1024 2993 opere,
1037 2913 1151 2972 vestre
1166 2900 1342 2992 religionis
1356 2900 1462 2971 cultui
1477 2909 1511 2972 et
1527 2899 1828 2973 commoditatibus
1845 2925 1924 2996 pro-

508 3024 618 3118 visuri
629 3035 797 3117 qnantum
821 3045 900 3094 cum
923 3024 1053 3096 honore
1072 3024 1207 3118 imperii
1225 3022 1299 3094 fieri
1319 3025 1456 3118 poterit,
1471 3033 1571 3115 prout
1586 3033 1700 3094 vestra
1719 3025 1925 3097 universalis

510 3148 646 3219 allectio
671 3147 870 3219 intentionis
886 3155 1001 3219 nostre
1019 3147 1230 3241 propositum
1250 3147 1440 3219 ferventius
1463 3166 1546 3236 erga
1563 3165 1602 3216 se
1619 3167 1759 3217 suornm
1778 3167 1925 3240 opernm

511 3269 648 3342 indiciis
663 3269 836 3341 invitabit.

466 3404 472 3417 ·
560 3395 644 3464 Data
659 3393 695 3462 in
709 3392 890 3465 obsidione
904 3391 1081 3482 Faventia,
1099 3392 1267 3486 vigesimo
1282 3393 1430 3488 septimo
1446 3391 1628 3486 februarii,
1649 3391 1784 3464 decima
1800 3404 1925 3488 quarta

511 3513 711 3586 indictione.

359 4114 372 4146 ο
431 4112 471 4144 0..
564 4064 796 4170 Fridericus,
818 4065 1077 4148 Romanorum
1095 4061 1313 4170 imperator,
1334 4059 1480 4141 civibus
1498 4057 1770 4142 Beneventanis
1787 4059 1855 4167 qui
1873 4061 1925 4140 nd

344 4167 410 4252 33²
431 4167 459 4250 ⁰⁰3
510 4198 731 4280 fidelitatem
751 4223 862 4279 suam
876 4196 1020 4278 devotis
1038 4204 1076 4276 et
1093 4191 1345 4277 concordibus
1358 4189 1454 4274 votis
1473 4201 1509 4270 et
1523 4189 1661 4272 animis
1673 4191 1922 4296 devenerunt,

510 4332 792 4413 immunitatem
810 4327 1067 4438 quorumdam
1092 4325 1334 4434 vectigalium
1357 4321 1529 4404 concedit
1554 4321 1735 4404 debonis
1758 4347 1858 4431 qnae
1882 4323 1922 4404 in

510 4489 629 4574 regno
647 4462 797 4546 Siciliae
813 4459 1071 4568 possidebant.

590 4671 765 4752 (Memorat.
789 4687 836 4748 ap.
858 4669 992 4740 Bonam
1014 4666 1135 4726 Mamm.
1160 4665 1242 4724 ictor.
1264 4661 1295 4722 di
1315 4663 1490 4736 Benevento,
1514 4668 1540 4723 t.
1557 4659 1618 4736 111,
1632 4677 1662 4738 p.
1685 4669 1755 4736 217,
1777 4677 1816 4722 ex
1837 4661 1919 4722 arob.

628 4775 753 4854 Benev.)
