4374 6010
570 719 632 782 coe
1071 723 1287 786 rnrnnurcr
1313 725 1487 788 succum
1797 730 1880 810 [sn.
1902 730 2009 796 reno.

569 855 850 930 mandaverimus
878 857 1015 930 Hectori
1042 855 1087 931 de
1112 857 1364 933 Monteiuscnlo
1385 867 1471 933 tunc
1488 859 1677 953 justitiario
1704 860 1860 958 Aprutii,
1893 865 2009 938 fideli

568 987 701 1072 nostro,
720 989 760 1052 ut
774 981 901 1054 formas
925 981 1035 1076 ipsine
1054 981 1240 1078 lacusque
1260 993 1400 1079 propter
1420 983 1536 1078 operis
1554 986 1738 1057 oonsuucti
1760 987 1943 1060 malitiam
1968 1000 2009 1062 et

567 1113 772 1178 vetustatem
785 1111 882 1178 erant
893 1125 984 1200 pone
995 1105 1145 1196 ruinam,
1159 1106 1305 1201 purgari
1320 1116 1355 1179 et
1365 1107 1492 1202 aperiri
1505 1108 1645 1197 iaceret,
1658 1117 1697 1180 ut
1708 1130 1800 1204 aque
1810 1111 2009 1206 superflue

566 1227 685 1299 Fucini
699 1249 770 1323 que
783 1228 898 1324 ipsum
913 1237 1085 1324 occupant
1107 1228 1190 1302 inde
1207 1229 1367 1303 labantur
1385 1230 1475 1304 sicut
1487 1231 1678 1326 antiquitus
1691 1229 1765 1304 fieri
1786 1235 2003 1326 consuevit,

566 1361 602 1423 et
619 1349 712 1424 idem
733 1352 941 1444 justitiarius
955 1355 1059 1444 juxta
1075 1353 1219 1426 formam
1238 1351 1394 1428 mandati
1414 1353 1522 1426 nostri
1549 1352 1595 1427 ad
1612 1355 1855 1429 executionem
1876 1356 2005 1452 ipsius

565 1476 681 1570 operis
697 1476 933 1571 processisset,
954 1477 1001 1550 ite
1018 1475 1114 1571 qnod
1130 1477 1224 1551 idem
1241 1498 1330 1574 opus
1346 1477 1421 1570 jam
1438 1485 1490 1551 est
1514 1499 1577 1572 pro
1593 1478 1714 1571 majori
1734 1489 1830 1574 parte
1849 1482 2003 1575 perfec·

566 1609 656 1687 tum,
676 1610 713 1672 tn
735 1621 797 1695 pro
814 1621 857 1674 eo
873 1599 969 1695 quod
985 1622 1088 1695 snper
1108 1601 1175 1674 hoc
1198 1623 1267 1675 non
1285 1601 1443 1696 recepisti
1466 1623 1487 1673 a
1513 1599 1718 1674 celsitudine
1740 1611 1859 1676 nostra
1884 1625 2003 1677 man-

565 1721 699 1815 dutum,
713 1722 760 1796 ed
773 1723 1015 1798 executionem
1032 1725 1140 1818 ipsius
1151 1725 1266 1819 operis
1279 1735 1383 1820 prout
1397 1722 1541 1820 expedit
1552 1745 1622 1796 nnn
1636 1723 1808 1798 intendes.
1819 1726 2001 1802 Veientes

563 1847 668 1942 igitur
686 1856 725 1920 ut
741 1848 898 1920 felicibus
916 1848 1129 1943 temporibus
1155 1849 1280 1922 nostrie
1303 1847 1439 1920 dictum
1457 1868 1548 1942 opus
1567 1869 1638 1922 non
1658 1858 1833 1922 remaneat
1850 1849 2000 1944 imper-

563 1972 706 2059 sectum,
727 1969 883 2044 fidelitati
904 1979 964 2044 tue
987 1971 1211 2068 precipiendo
1236 1970 1446 2045 mandamus
1470 1979 1645 2066 quatenus
1667 1971 1715 2046 nd
1734 1972 1999 2068 perfectionem

562 2095 674 2190 ipsius
703 2095 819 2191 operis
847 2095 1031 2191 diiigenter
1056 2095 1256 2188 intendens,
1277 2093 1364 2168 iilud
1383 2098 1489 2189 juxta
1517 2097 1662 2168 formam
1692 2099 1998 2190 quam'preiatus

500 2231 505 2242 '
562 2219 688 2292 Hector
702 2217 907 2312 justitiarius
925 2240 1030 2315 super
1045 2219 1111 2293 hoo
1124 2218 1170 2293 de
1184 2218 1351 2293 mandato
1362 2217 1576 2293 celsitudinis
1588 2229 1705 2293 nostre
1720 2220 1854 2308 statuit,
1876 2205 1999 2296 iacias

560 2343 785 2440 percompleri
801 2341 849 2416 ad
862 2341 1001 2416 laudem
1018 2353 1052 2416 et
1066 2344 1211 2437 gloriam
1229 2343 1380 2416 nominis
1396 2341 1503 2416 nostri
1523 2351 1557 2416 et
1573 2345 1764 2440 proiectum
1780 2331 1992 2418 nostrornm

561 2463 716 2538 fidelium
734 2477 768 2540 et
785 2467 966 2540 hominum
979 2468 1145 2559 regionis.
1328 2563 1333 2574 ι

608 2589 733 2663 Datum
748 2589 866 2684 Fogie,
881 2589 946 2662 XX
960 2590 1099 2686 aprelis,
1120 2589 1198 2661 Xlli
1216 2587 1430 2663 indictionis.

768 2825 961 2836 *νισι-
972 2823 1020 2835 ..a
1029 2827 1104 2836 ιι-
1121 2827 1181 2836 ιιι--
1203 2825 1255 2836 h·-
1266 2825 1769 2836 -U—-m--na—-n-m

480 3091 505 3166 ·‚
611 3063 833 3148 Mandatum
855 3063 906 3146 ad
927 3062 1154 3147 Riccurdum
1172 3062 1221 3143 de
1237 3059 1405 3192 Pulearo
1421 3083 1491 3167 pro
1514 3058 1765 3168 companagio
1787 3068 1825 3141 et
1842 3061 1990 3144 solidis

557 3197 707 3280 custodi
725 3197 839 3278 castri
856 3196 1059 3306 Agropolis
1077 3205 1114 3277 et
1131 3193 1303 3304 personis
1323 3217 1413 3276 cnm
1431 3217 1478 3275 eo
1496 3191 1647 3274 statutis
1665 3192 1713 3274 de
1729 3193 1989 3300 proventibus

559 3328 860 3439 Caputaquensis
877 3327 1058 3411 eeclesiae
1075 3326 1314 3410 exhibendis.

637 3527 764 3612 (licoat.
779 3531 883 3609 imper.
898 3525 1017 3589 dieder.
1030 3527 1070 3596 11,
1086 3525 1139 3588 ici.
1156 3535 1213 3588 too
1227 3527 1373 3601 terto31u
1383 3523 1454 3588 edit.
1468 3523 1606 3598 Caeam,
1621 3540 1653 3601 p.
1669 3521 1751 3602 ³09.)

603 3711 652 3782 Dr
666 3709 778 3782 codem
794 3707 952 3808 mundato
967 3729 1031 3799 per
1047 3703 1196 3777 eumdem
1211 3706 1296 3798 secte
1306 3713 1384 3775 sunt
1399 3703 1506 3774 littere
1523 3728 1534 3774 .·

602 3831 820 3924 Fredericns,
846 3831 989 3924 etc.‚1i.
1013 3829 1059 3904 de
1081 3830 1243 3917 Pulcaro,
1265 3835 1331 3900 etc.
1358 3825 1529 3922 Exposuit
1551 3823 1721 3917 majestati
1742 3831 1857 3896 nostre
1886 3823 1982 3900 Urso

551 3955 663 4048 judex
680 3955 964 4052 Gapudaquensis
985 3951 1098 4029 fidelis
1115 3963 1231 4027 noster
1253 3949 1350 4047 quod
1372 3971 1454 4023 cnm
1481 3969 1543 4046 per
1562 3948 1697 4022 curiam
1719 3955 1872 4020 noscam
1896 3959 1982 4022 sta-

553 4089 649 4153 tutus
665 4081 710 4154 eit
727 4088 842 4153 custos
863 4079 965 4152 castri
984 4079 1092 4152 nostri
1107 4076 1272 4173 Agropoii
1297 4085 1332 4149 et
1346 4073 1471 4171 elapsis
1485 4075 1557 4167 jann
1576 4081 1725 4167 quatuor
1740 4070 1927 4146 mensibus
1945 4083 1982 4148 et

552 4205 654 4293 nitra,
670 4223 733 4300 pro
750 4223 788 4275 se
802 4201 1065 4298 companagium
1080 4211 1114 4274 et
1131 4222 1194 4298 pro
1210 4201 1369 4296 personis
1391 4199 1529 4272 statutis
1542 4197 1591 4271 ad
1605 4195 1795 4270 custodiam
1812 4194 1978 4288 ejusdem

551 4327 654 4402 castri
673 4325 802 4400 solidos
826 4335 860 4398 et
882 4325 1149 4422 companagium
1171 4345 1241 4398 non
1263 4322 1441 4414 hahuerit,
1464 4327 1617 4394 castrum
1633 4319 1747 4415 ipsum
1774 4317 1841 4390 nisi
1865 4339 1979 4416 super

549 4451 616 4526 hoe
636 4450 670 4524 ei
687 4447 912 4546 provideatur
929 4447 1111 4522 commode
1127 4445 1302 4520 custodire
1326 4469 1397 4521 non
1417 4431 1544 4543 potest.
1567 4443 1731 4516 Veientes
1748 4441 1855 4536 igitnr
1875 4442 1976 4515 utin

549 4572 707 4648 custodia
737 4571 821 4646 dicti
849 4573 953 4646 castri
979 4592 1049 4645 non
1074 4571 1242 4644 habeatur
1268 4569 1448 4661 deiectus,
1475 4565 1633 4641 fidelitati
1659 4575 1719 4638 tue
1742 4561 1975 4660 precipiendo

548 4699 755 4773 mandamns
772 4705 944 4793 qnatenus
959 4695 1164 4769 certificetur
1182 4695 1228 4770 de
1244 4709 1398 4790 tempore
1417 4713 1489 4790 quo
1507 4691 1601 4766 idem
1611 4691 1726 4784 judex
1741 4688 1872 4784 incepit
1884 4688 1973 4761 soii·

549 4819 613 4894 dos
628 4827 663 4894 et
685 4819 950 4916 companagium
971 4817 1017 4892 ab
1032 4817 1167 4914 Angelo
1189 4817 1236 4892 de
1250 4817 1362 4892 Macra
1384 4816 1480 4892 fideli
1505 4825 1625 4890 nostm
1649 4823 1684 4890 et
1706 4812 1751 4888 de
1772 4810 1972 4908 quantitate
