4374 6010
548 682 611 748 892
1049 683 1264 748 rulunltlct
1288 683 1462 748 succum
1773 687 1856 766 [An.
1874 687 1960 752 12⁴⁰.

598 816 813 910 Prodericue,
829 826 913 910 eta,
930 819 971 892 lt.
988 818 1034 895 de
1046 820 1199 913 Polcaro,
1222 829 1290 894 etc.
1306 821 1512 896 Mandemus
1524 829 1560 894 et
1577 821 1789 919 precipimus
1806 821 1960 898 fidelitati

550 950 610 1014 tns
623 951 796 1036 quawuus
810 951 960 1036 quotuor
975 943 1073 1040 peria
1086 943 1133 1018 de
1153 944 1297 1020 scrineis
1309 945 1400 1020 iactu
1416 945 1462 1018 de
1474 945 1667 1019 viminibus
1684 955 1720 1018 et
1736 954 1896 1042 cooperte
1915 945 1962 1020 de

549 1065 654 1140 coriis
668 1065 821 1139 vaccinis
835 1067 993 1140 aliaitatis
1006 1066 1209 1142 admodum
1223 1090 1345 1142 eorum
1361 1090 1431 1163 que
1450 1079 1588 1143 ostensa
1602 1078 1686 1142 sunt
1697 1069 1762 1142 tibi
1775 1069 1811 1142 in
1825 1091 1961 1144 camera

551 1199 680 1277 nostra,
701 1189 747 1262 ad
764 1211 855 1286 opus
870 1190 1029 1284 ejusdem
1044 1213 1181 1266 comere
1195 1193 1310 1266 statim
1327 1191 1403 1266 lieri
1419 1193 1524 1266 iacias
1545 1202 1582 1266 et
1596 1191 1645 1268 ad
1659 1193 1772 1290 ipsam
1790 1214 1961 1268 camemm

549 1311 693 1388 studeas
712 1313 897 1388 destinare.

599 1439 724 1510 Datum
739 1437 856 1533 Fugio,
874 1439 937 1512 Xll
953 1441 1091 1536 aprelis,
1111 1441 1188 1514 Xlll
1204 1439 1413 1514 indictionis.

369 2031 494 2142 ggp‘p
600 2015 824 2101 Mandatum
843 2017 893 2098 ad
906 2015 1156 2126 justitiarium
1173 2017 1397 2102 Basilioutae
1427 2025 1472 2100 ut
1492 2017 1691 2101 collectam
1712 2043 1737 2100 a
1759 2016 1885 2102 Medio
1913 2017 1963 2100 de

547 2148 719 2230 Potentia
745 2173 822 2230 non
847 2147 1036 2258 requiret,
1065 2149 1133 2260 qui
1159 2177 1229 2260 per
1255 2149 1457 2234 duodecim
1486 2147 1661 2260 jumenta
1686 2149 1814 2234 curiae
1840 2149 1963 2232 sutis-

546 2279 647 2363 fecit.

630 2504 755 2586 (Repert.
770 2506 874 2586 impo.
889 2503 1008 2566 Γηὼν.
1022 2506 1066 2580 11,
1081 2507 1134 2568 iol.
1150 2515 1189 2569 st
1208 2521 1312 2582 uerso3
1327 2508 1359 2568 ln
1373 2505 1445 2567 edit.
1462 2505 1598 2584 cerem,
1613 2522 1644 2584 p.
1672 2505 1756 2585 est.)

599 2712 684 2781 ltem
699 2707 739 2778 de
756 2705 916 2778 modulo
932 2705 1014 2778 dicti
1030 2702 1081 2802 (l)
1096 2706 1139 2778 n.
1158 2705 1199 2777 dc
1215 2705 1434 2778 Prcutcoorio
1448 2704 1579 2799 scripsit
1594 2703 1709 2776 idem:

598 2832 815 2923 Fredericus,
846 2839 926 2920 etc,
948 2829 1131 2902 Thomasio
1156 2828 1228 2902 lilio
1250 2828 1438 2920 Osmundl,
1457 2827 1644 2920 justitiario
1669 2828 1867 2922 samiae,
1889 2841 1958 2905 etc.

550 2959 641 3044 Quin
654 2955 793 3030 lindius
816 2953 862 3026 de
882 2953 1036 3026 Potentia
1053 2951 1165 3026 fidelis
1184 2961 1300 3026 noster
1319 2973 1383 3048 pro
1402 2951 1543 3046 triginta
1562 2951 1676 3024 unciis
1690 2953 1767 3024 euri
1791 2975 1880 3048 quas
1900 2976 1965 3050 pro

549 3081 701 3178 presenti
719 3079 860 3152 collecta
879 3077 1077 3171 requirebas
1089 3075 1135 3149 nb
1157 3096 1218 3168 eo,
1244 3087 1284 3147 ut
1307 3075 1452 3166 dicitur,
1476 3074 1660 3150 duodecim
1679 3076 1838 3178 jumenta
1854 3076 1964 3172 (etde

552 3205 625 3278 suis
643 3205 737 3278 curie
758 3213 872 3276 nostre
898 3199 996 3274 dedit
1018 3199 1063 3272 ad
1079 3219 1222 3296 presens
1245 3201 1281 3270 in
1306 3220 1431 3272 manus
1453 3199 1595 3273 Gentilis
1610 3197 1656 3274 de
1671 3199 1835 3275 &stanes
1852 3200 1966 3276 fidelis

552 3329 659 3401 nostri
682 3326 881 3422 recipientis
898 3345 939 3397 ca
955 3345 1018 3418 pro
1035 3335 1132 3418 parte
1154 3323 1249 3397 curie
1267 3333 1402 3413 nostre,
1429 3331 1468 3394 ut
1486 3333 1591 3418 ponat
1610 3323 1687 3419 ipsa
1709 3345 1789 3398 cum
1812 3325 1889 3398 aliis
1904 3327 1965 3418 jn·

477 3470 483 3482 ·
552 3451 677 3524 mentis
695 3450 791 3523 curie
805 3459 922 3522 nostre
939 3469 1009 3542 que
1025 3447 1062 3518 in
1082 3445 1189 3520 aratia
1213 3448 1301 3519 iactu
1330 3467 1442 3542 nuper
1469 3447 1506 3518 in
1526 3447 1654 3543 Apulia
1681 3447 1792 3544 ipsius
1812 3459 1895 3522 suut
1912 3447 1963 3546 (c)

552 3597 635 3648 cure
650 3575 849 3664 commissa,
876 3569 1083 3644 mandamus
1108 3581 1279 3665 qnatenus
1301 3571 1430 3643 sinon
1461 3569 1578 3666 plures
1599 3570 1704 3645 uncie
1726 3593 1792 3667 pro
1814 3575 1964 3668 presenti

551 3698 694 3771 collecte
710 3695 972 3790 requirebantur
992 3693 1037 3765 ab
1056 3713 1116 3786 eo,
1135 3693 1230 3789 ipsas
1247 3692 1386 3786 triginta
1405 3692 1452 3765 de
1468 3703 1581 3766 cetero
1602 3715 1672 3768 non
1688 3696 1864 3792 requiras,
1884 3719 1963 3771 cum

550 3820 643 3894 sicut
658 3819 790 3894 dictum
808 3827 861 3893 est
880 3817 985 3890 luerit
999 3815 1129 3890 exinde
1148 3825 1262 3889 nostre
1280 3815 1621 3891 cartennensium·

601 3945 726 4016 Datum
744 3942 861 4036 Fogie,
881 3941 943 4013 XII
956 3940 1096 4035 aprelis,
1112 3939 1189 4012 Xlll
1205 3939 1419 4012 indictionis.

600 4067 738 4140 Similes
754 4065 868 4139 eidem
885 4084 949 4160 pro
965 4061 1132 4138 Pulmerio
1149 4061 1195 4137 de
1210 4061 1367 4136 Potentia
1382 4061 1444 4158 qui
1463 4061 1563 4137 dedit
1575 4065 1735 4158 J'nmenta
1750 4065 1798 4139 XI
1813 4087 1877 4164 pro
1892 4091 1967 4142 uu·

551 4191 614 4264 olis
628 4183 784 4262 xxvlll.

593 4387 638 4468 (c)
658 4387 694 4449 In
707 4389 850 4465 lmpresso
866 4391 921 4447 eet.

553 4567 687 4581 ...--.

588 4687 626 4760 (t)
644 4684 719 4742 ldern
732 4684 834 4743 scilicet
845 4684 891 4758 qui
904 4683 983 4758 paulo
996 4697 1080 4757 snpra
1094 4681 1219 4740 mandute
1231 4681 1266 4740 de
1278 4681 1361 4740 rebus
1372 4681 1554 4741 marescalliae
1566 4681 1623 4740 lieri
1634 4683 1726 4757 iussit.

587 4783 624 4858 (2)
642 4783 720 4840 Unde
731 4782 814 4857 liquet
827 4798 875 4856 pro
886 4796 1048 4856 unoquoque
1059 4781 1181 4854 iumento
1194 4780 1264 4838 duas
1279 4779 1373 4838 undas
1387 4785 1416 4838 et
1428 4779 1568 4840 dimidiam
1580 4781 1740 4857 computari.
1763 4829 1766 4836 .
