4648 6056
797 735 923 794 INDEX
947 735 1296 796 uocumutliottutt.

725 1093 766 1106 -
784 1061 935 1122 Bonliacio
956 1063 1119 1123 marchioni
1149 1061 1359 1123 Montisierroti
1387 1065 1608 1142 consanguineo
1630 1069 1659 1124 et
1677 1061 1757 1122 ildeb

493 1173 541 1234 ap.
558 1158 711 1236 1118311381-
765 1176 821 1220 suo
844 1163 943 1220 omnia
964 1165 1034 1237 jura
1062 1176 1138 1238 qnae
1171 1176 1190 1219 a
1217 1177 1250 1219 se
1270 1166 1300 1220 et
1325 1159 1364 1219 ab
1393 1161 1515 1236 imperio
1541 1165 1622 1220 tenet
1651 1158 1760 1218 contir-

546 1258 661 1314 tonum.
766 1262 844 1328 mot,
866 1259 949 1316 omni
971 1257 1080 1317 actioni
1102 1257 1251 1316 renuntiat
1275 1271 1363 1330 super
1385 1255 1465 1317 bona
1484 1257 1635 1332 quondam
1650 1255 1759 1316 Deme·

766 1355 832 1426 tril,
854 1356 931 1432 regis
956 1354 1239 1426 Thessalonicensis,
1265 1352 1322 1412 sibl
1355 1369 1394 1411 ex
1425 1355 1489 1428 ejus
1513 1359 1688 1413 testamento
1713 1368 1762 1411 re·

767 1451 847 1522 licta,
861 1456 919 1512 etc.
1701 1457 1761 1508 380

729 1587 769 1599 -
788 1554 898 1616 Scribit
912 1552 1135 1636 [laudensibus]
1149 1571 1181 1615 88
1194 1555 1329 1631 proximo
1342 1560 1502 1614 ventumm
1520 1554 1559 1614 ad
1571 1556 1704 1629 ipsorum
1718 1555 1761 1613 ci·

768 1654 890 1712 vitatem
904 1659 934 1712 et
946 1652 1079 1713 bortatur
1098 1659 1133 1712 ut
1149 1669 1248 1712 secum
1264 1651 1422 1712 efficaciter
1439 1657 1529 1729 agant
1548 1651 1587 1712 ad
1606 1657 1763 1711 conteren-

770 1747 840 1808 dam
854 1747 1115 1808 ldedlolanenslum
1130 1750 1320 1824 proterviam.
1703 1755 1760 1807 383

682 1941 686 1947 ,
731 1885 771 1898 -
791 1852 1443 1930 888811811811888881888818888118881
1456 1857 1517 1912 tam
1535 1856 1680 1928 oportune
1693 1867 1764 1912 suae

771 1949 842 2009 ddei
859 1951 1041 2026 propositum
1059 1949 1286 2020 declaraverint,
1301 1951 1478 2025 nuntiatque
1491 1965 1522 2008 se
1539 1965 1643 2010 versus
1664 1956 1764 2024 partes

772 2047 851 2121 ipsas
864 2044 989 2123 dirigere
1003 2061 1119 2121 gressus
1133 2061 1212 2106 suos.
1706 2054 1765 2106 ttit

360 2158 469 2230 ssept.
532 2152 567 2212 In
583 2151 685 2210 castris
733 2184 773 2194 —
793 2151 820 2210 Α
841 2151 990 2210 Gualtcrio
1004 2150 1040 2209 da
1054 2150 1210 2221 Cesalinls,
1233 2149 1316 2209 Petro
1329 2149 1422 2208 Jurdo
1444 2155 1474 2209 et
1495 2149 1631 2209 Iohanne
1651 2150 1764 2210 Lucido

563 2264 653 2324 prope
772 2247 983 2308 mercatoribus
1007 2249 1149 2308 Romanis
1172 2249 1203 2306 ln
1228 2253 1365 2306 mutuum
1390 2248 1497 2322 accipit
1522 2247 1622 2306 decem
1646 2253 1676 2306 et
1698 2253 1765 2308 octo

511 2343 708 2404 castilionem.
772 2345 862 2406 libras
884 2361 1052 2421 grossorum
1074 2345 1303 2405 Venetianorum
1325 2360 1379 2420 pro
1402 2345 1587 2420 septuaginta
1602 2351 1631 2404 et
1646 2344 1765 2405 duobns

772 2440 1385 2502 88811888118311813118188318811381118.
1706 2449 1763 2501 385

655 2523 663 2541 ’
734 2546 979 2608 -Constitutus
1003 2548 1035 2605 in
1061 2545 1212 2605 obsidione
1240 2544 1399 2605 Mediolani
1429 2543 1576 2621 significat
1610 2562 1766 2621 processus

774 2661 845 2706 suos
864 2644 1000 2706 Conrado
1019 2643 1081 2703 iillo
1103 2659 1171 2716 suo,
1190 2643 1372 2720 mandatque
1392 2647 1427 2704 ut
1439 2643 1572 2704 celeriter
1588 2647 1688 2706 mittat
1709 2645 1766 2706 sibl

774 2742 893 2802 milites.
1708 2750 1766 2804 388

737 2879 776 2891 -
795 2846 910 2924 Populo
925 2845 1085 2907 cusentino
1099 2863 1186 2924 super
1199 2845 1319 2906 eisdem.
1496 2893 1497 2896 ,
1709 2855 1764 2907 381

737 2985 777 2998 -
795 2951 946 3012 Fidelibus
965 2954 1026 3012 8818
1046 2951 1193 3029 significat
1215 2953 1379 3029 ingressum
1399 2965 1486 3010 sunm
1502 2951 1535 3010 in
1550 2949 1687 3012 districtu
1701 2951 1767 3012 Me-

775 3048 990 3108 diolanenslum
1006 3053 1036 3108 et
1051 3049 1279 3109 destructionem
1295 3051 1458 3108 castrorum
1474 3048 1615 3122 ipsorum.
1708 3055 1767 3108 389

383 3156 460 3215 cirea
737 3185 777 3198 -
796 3151 950 3213 curialiter
965 3152 1116 3230 redarguit
1127 3153 1275 3212 Navarrae
1289 3166 1387 3228 regem
1403 3151 1455 3226 qui
1470 3167 1528 3210 non
1545 3152 1601 3210 ivit
1616 3149 1655 3209 ad
1670 3151 1769 3226 ipsum

382 3258 458 3330 sept.
777 3250 896 3326 quando
911 3253 1048 3310 transivit
1066 3267 1118 3326 per
1133 3256 1243 3309 terram
1258 3264 1355 3319 suam,
1371 3253 1529 3324 monetque
1544 3263 1576 3306 88
1593 3245 1769 3310 officialibus

775 3349 839 3407 suis
850 3348 882 3406 in
896 3361 986 3424 regno
1000 3346 1156 3406 mandasse
1167 3351 1202 3405 ut
1215 3347 1317 3420 seipsi
1330 3343 1452 3403 devotos
1465 3349 1626 3420 exponant.
1711 3352 1768 3406 338

377 3456 463 3532 [sept.
618 3469 620 3473 ·
740 3484 778 3496 -
798 3450 905 3511 comiti
918 3452 1091 3512 Provinciae
1104 3452 1197 3510 iratus
1207 3447 1288 3525 quod
1302 3450 1452 3508 civitatem
1465 3446 1664 3509 Arelatensem
1677 3451 1770 3526 electo

361 3543 491 3630 exeunt]
778 3548 924 3625 imperiali
943 3549 1055 3608 vicario
1076 3549 1279 3623 occupaverit,
1303 3562 1371 3605 curn
1395 3546 1467 3604 citat
1488 3545 1528 3604 ad
1549 3547 1663 3606 curiam
1685 3561 1771 3608 suam

779 3649 899 3726 triginta
912 3647 1027 3707 dierum
1039 3649 1165 3706 termino
1180 3645 1323 3722 praefixo,
1343 3645 1421 3704 ultra
1434 3659 1523 3720 quem
1540 3646 1566 3704 si
1579 3647 1680 3705 venire
1699 3661 1772 3706 con·

779 3745 931 3820 tempserit
943 3745 1024 3802 omni
1038 3742 1183 3820 dignitate
1195 3746 1345 3818 privatum
1357 3740 1421 3799 iore
1434 3739 1596 3800 denuntiat.
1713 3750 1767 3803 lot

740 3881 781 3893 -
800 3847 1022 3909 Arelatenslbus
1035 3847 1139 3908 scribit
1155 3853 1190 3908 ut
1208 3863 1277 3908 cum
1302 3847 1401 3922 potius
1419 3843 1532 3920 decepti
1548 3844 1659 3906 luerint
1680 3861 1772 3925 quam

781 3946 918 4018 rebelles,
945 3945 1068 4005 insidias
1090 3946 1207 4005 comitis
1229 3944 1404 4004 Provinciae
1425 3943 1536 4001 evitare
1556 3950 1661 4004 curent
1681 3949 1712 4004 et
1740 3947 1772 4005 in

781 4043 931 4102 civitatem
943 4043 1188 4102 vicariumsuum
1203 4041 1371 4100 restituant.
1712 4047 1770 4100 tot

742 4179 783 4192 -
802 4147 920 4209 (1181188
939 4149 1001 4225 agit
1018 4148 1119 4206 comiti
1141 4146 1287 4206 Tolosano
1311 4145 1392 4222 qnod
1412 4145 1469 4205 sibi
1490 4150 1592 4204 contra
1612 4159 1720 4222 papam
1741 4154 1773 4209 et

782 4247 920 4304 88811318
939 4243 1112 4304 Provinciae
1133 4249 1197 4303 tam
1218 4240 1344 4302 fideliter
1370 4241 1544 4314 adhaereat,
1569 4242 1718 4319 mittitque
1744 4247 1773 4304 81

783 4341 920 4400 nuntium
933 4339 1086 4416 specialem
1099 4355 1170 4399 suae
1183 4338 1353 4398 intentionis
1366 4336 1510 4414 gerulum.
1712 4347 1771 4401 403

745 4476 784 4490 -
805 4444 922 4504 Gratias
942 4447 1004 4521 agit
1024 4447 1175 4504 communi
1196 4441 1395 4502 Avenlonensl
1415 4443 1496 4518 quod
1515 4443 1640 4502 viriliter
1661 4445 1773 4504 vicario

785 4559 840 4602 suo
853 4545 955 4601 contra
968 4544 1104 4601 comitem
1117 4542 1293 4602 Provinciae
1308 4545 1339 4599 ct
1350 4539 1423 4598 alios
1435 4538 1569 4600 infideles
1585 4555 1679 4616 nuper
1696 4542 1774 4602 astl-

784 4640 893 4715 terlnt,
910 4652 1031 4697 monens
1048 4653 1080 4697 se
1103 4637 1198 4697 eidem
1217 4638 1316 4696 comiti
1339 4636 1497 4695 terminum
1517 4637 1641 4712 triginta
1657 4637 1774 4700 diarum

785 4733 956 4810 praefixisse
973 4739 1008 4794 ut
1026 4733 1065 4793 de
1082 4732 1252 4793 infidelitate
1269 4733 1427 4793 commissa
1442 4731 1633 4809 personaliter
1651 4749 1775 4811 respon-

787 4830 865 4890 deat.
1715 4840 1773 4891 103

1560 4936 1615 4988 its
