4468 6010
264 699 366 758 lenm.
386 691 446 776 ta]
705 687 900 752 HISTORIA
926 685 1218 748 ntrtottattclt
1617 681 1678 744 809

266 831 361 902 ribus
382 826 545 900 llomanis
563 824 748 920 pecuniam
770 845 834 921 pro
858 833 955 919 parte
978 821 1075 895 curie
1101 829 1216 895 nostre
1235 827 1356 892 mutuo
1379 817 1531 911 recipere
1554 816 1679 889 debeat

268 975 328 1048 pro
347 950 610 1024 imminentibus
635 950 759 1021 nostris
782 947 933 1020 servitiis
958 943 1188 1040 exequendis.
1217 943 1332 1028 Quare
1353 940 1562 1016 mandamus
1583 961 1678 1034 qna-

267 1087 368 1149 tenus
385 1073 532 1168 receptis
549 1073 616 1167 hys
631 1072 775 1160 lictoris,
791 1070 836 1144 de
853 1069 1001 1166 pecnnia
1014 1068 1183 1164 presentis
1205 1068 1345 1140 collecte
1355 1064 1604 1158 jurisdictionis
1619 1073 1679 1136 tue

269 1200 338 1273 dno
357 1198 466 1269 millia
482 1196 603 1269 unciae
621 1194 734 1268 eidem
750 1193 917 1268 Riccardo
936 1193 1013 1264 siue
1032 1191 1130 1265 omni
1148 1191 1285 1264 delectu
1303 1199 1339 1262 et
1358 1210 1454 1262 mora
1471 1186 1600 1261 debeas
1622 1209 1677 1261 as·

268 1324 425 1417 signare,
442 1320 573 1414 quibus
591 1318 648 1390 vel
661 1325 867 1390 mercatores
885 1315 1075 1412 predictos,
1095 1315 1126 1386 si
1145 1313 1191 1387 ab
1210 1313 1295 1408 ipsis
1312 1313 1480 1408 receperit
1495 1321 1676 1402 mutuum,

270 1447 438 1518 instanter
451 1443 577 1516 debeat
588 1439 756 1534 quietare,
769 1441 828 1512 vel
842 1439 873 1510 ei
887 1449 1048 1511 mutuum
1064 1458 1134 1510 non
1150 1436 1331 1532 receperit,
1349 1435 1464 1508 stetim
1479 1433 1526 1508 ad
1539 1455 1680 1530 presen-

268 1568 349 1640 tiam
368 1575 522 1640 nostram
537 1571 707 1660 apportet.
721 1564 773 1634 Tu
786 1572 905 1634 autem
918 1561 965 1633 ita
978 1560 1121 1634 studeas
1134 1569 1170 1632 et
1182 1580 1357 1654 procures,
1369 1559 1472 1632 etiam
1484 1557 1680 1630 sinendum

268 1691 413 1764 haberes
440 1689 665 1784 quantitatem
696 1685 883 1782 predictam
909 1685 955 1758 de
977 1684 1175 1781 supradicta
1207 1684 1354 1780 pecunia
1380 1683 1614 1766 recollectam,
1643 1691 1681 1755 ut

268 1813 428 1902 omuino,
448 1811 553 1884 etiem
575 1811 605 1882 si
630 1809 776 1882 deberes
796 1809 949 1903 recipere
973 1817 1093 1881 mutuo
1117 1807 1277 1882 eamdem
1303 1809 1548 1902 quantitatem,
1567 1805 1681 1880 eidem

269 1937 436 2010 lliccardo
448 1937 524 2008 sine
536 1935 631 2008 omni
644 1954 740 2006 mora
751 1932 879 2006 debeas
896 1931 1086 2026 assignare.

317 2063 446 2134 Datum
460 2059 555 2154 apud
568 2059 721 2130 Mentem
736 2055 872 2148 Altum,
887 2057 918 2128 V
933 2057 1065 2139 martii,
1080 2057 1158 2129 lllll
1175 2055 1386 2130 indictionis.

321 2668 486 2752 Litterae
521 2664 758 2772 responsales
786 2664 836 2746 ed
862 2663 1027 2746 Leonem
1058 2663 1206 2747 Bellum
1237 2677 1276 2748 et
1308 2666 1431 2750 socios
1463 2670 1684 2777 portulanos

271 2803 357 2884 Bnri
375 2801 425 2882 de
441 2795 669 2882 victualibus
686 2807 725 2878 et
741 2794 973 2879 animalibus
991 2796 1244 2880 extrahendis.

353 3051 484 3133 (tepet.
496 3051 600 3130 imper.
614 3045 734 3110 Freder.
749 3049 791 3125 11,
805 3047 859 3110 tot.
877 3057 912 3111 et
928 3052 1023 3123 recto;
1037 3050 1069 3110 ln
1080 3047 1152 3110 edlt.
1168 3049 1304 3126 cumn,
1319 3068 1350 3128 p.
1368 3051 1453 3132 aad.)

319 3298 367 3366 De
387 3295 545 3366 mondmo
565 3291 736 3386 imperiali
752 3297 842 3385 sacto
859 3315 919 3388 per
930 3293 1080 3384 judicem
1100 3295 1138 3367 Τ.
1158 3295 1198 3367 de
1210 3296 1330 3370 &erac
1342 3297 1477 3392 scripsit
1489 3298 1630 3372 tmolus
1646 3302 1686 3372 de

270 3423 401 3491 Borttro
419 3417 552 3488 licteror
566 3417 796 3511 nemorales:
830 3499 831 3502 Ἴ

318 3541 540 3632 Fredericns,
560 3551 644 3631 etc,
674 3540 781 3614 lenm
806 3540 900 3612 Bello
924 3548 960 3613 et
983 3541 1085 3613 sociis
1108 3515 1297 3635 portulanis
1319 3544 1418 3633 Bari,
1440 3554 1507 3619 etc.
1534 3548 1687 3642 Benigne

269 3666 468 3760 recepimus
481 3664 618 3738 lieterae
629 3672 782 3754 vestras,
800 3671 836 3735 et
847 3683 967 3736 earum
982 3663 1153 3737 intellecto
1164 3674 1282 3738 tenore
1299 3666 1453 3739 studium
1467 3678 1502 3740 et
1514 3671 1688 3743 sollicitu—
1736 3749 1742 3762 ,

270 3789 392 3864 dinem
413 3797 563 3862 vestram
583 3810 689 3883 mam
712 3789 750 3860 in
768 3788 916 3862 servitiis
943 3789 1071 3862 nostris
1096 3790 1215 3884 geritis
1238 3799 1273 3862 et
1300 3791 1436 3864 habetis
1457 3793 1688 3869 favorabiliter

270 3913 570 3988 commendamus.
583 3914 695 4009 Super
716 3933 759 3987 eo
776 3935 859 3986 vero
877 3912 975 4007 quod
998 3914 1036 3986 in
1057 3915 1186 3989 lictoris
1208 3916 1335 3988 nostris
1355 3917 1457 3989 vobis
1478 3919 1688 3992 transmissis

270 4037 515 4112 continebatur
527 4035 739 4109 ntvictualia
753 4035 798 4109 de
811 4057 918 4130 regno
931 4045 965 4108 et
976 4036 1139 4110 animalia
1153 4039 1256 4110 etiam
1273 4046 1386 4132 preter
1396 4059 1519 4132 equos,
1530 4041 1688 4131 iumenta

270 4162 452 4252 emulos,
472 4161 570 4234 salvo
582 4161 660 4254 jnre
678 4159 774 4232 curie
786 4167 914 4249 nostre,
927 4158 1062 4232 extrahi
1079 4159 1329 4254 permitteretis,
1348 4161 1393 4234 de
1408 4163 1536 4254 quibus
1548 4161 1688 4235 victua-

270 4285 365 4358 libus
381 4295 420 4358 et
434 4285 465 4357 si
480 4285 525 4359 de
540 4284 749 4358 animalibus
766 4283 858 4358 vivis
875 4292 936 4356 aut
951 4283 1095 4355 mortuis
1110 4283 1373 4376 intelligendum
1387 4295 1456 4375 est,
1477 4307 1539 4380 per
1552 4285 1688 4358 lieteras

272 4419 413 4483 nostras
428 4409 511 4483 certi
528 4407 602 4481 lieri
620 4407 833 4504 postulastis;
854 4409 904 4480 sic
920 4407 1089 4482 duximus
1101 4410 1383 4505 respondendnm
1402 4410 1483 4503 quia
1498 4409 1544 4482 de
1556 4410 1689 4483 anima·

271 4533 365 4606 libus
382 4534 477 4607 vivis
496 4533 686 4628 intelligere
704 4533 856 4625 debetis,
882 4555 962 4606 cum
979 4534 1025 4606 de
1042 4535 1185 4607 mortuis
1205 4535 1302 4607 nulla
1316 4535 1361 4607 eit
1377 4533 1549 4606 dubitatio
1571 4542 1688 4608 extre·

270 4655 414 4746 bendie,
429 4667 465 4730 et
483 4667 523 4728 nt
540 4657 687 4730 verbum
704 4657 809 4730 ctiam
823 4657 859 4729 in
874 4657 996 4753 primis
1009 4658 1136 4731 licteris
1152 4659 1277 4731 nostris
1297 4658 1495 4750 intelligatis
1508 4659 1685 4749 emissum,

271 4779 317 4855 dc
332 4782 525 4874 frumento,
541 4779 666 4874 ordeo,
685 4781 773 4855 fabis
796 4789 831 4854 et
845 4782 1001 4855 omnium
1014 4783 1216 4856 victualium
1233 4791 1267 4855 et
1282 4782 1497 4875 leguminum
1514 4802 1641 4875 genere
1654 4790 1689 4854 et
