4648 6056
553 659 632 720 1252
1009 661 1137 722 lunai
1160 660 1508 722 nocubsnioatitt

546 855 683 976 Q

972 989 1073 1046 motus
1099 979 1282 1042 edversnnus
1304 998 1396 1060 papee
1420 983 1539 1060 negotio
1561 981 1689 1058 generali
1707 980 1818 1042 Terrae
1839 979 1962 1044 8333133

973 1079 1144 1154 nocuerint,
1157 1079 1336 1154 nuntiatque
1352 1093 1423 1140 cum
1436 1078 1541 1138 militia
1553 1075 1661 1136 Cbristi
1676 1091 1728 1152 per
1739 1091 1863 1152 regnum
1875 1092 1962 1136 suum

973 1175 1099 1234 transire
1115 1189 1176 1233 non
1194 1179 1354 1250 proponat,
1374 1189 1406 1234 se
1425 1174 1528 1234 saltem
1547 1171 1663 1232 dedisse
1679 1174 1712 1230 in
1727 1172 1876 1232 mandatis
1892 1173 1962 1234 Ric-

973 1269 1062 1330 cardo
1076 1269 1242 1347 Fllnngerlo
1256 1269 1433 1330 marescalco
1447 1285 1502 1330 suo
1519 1269 1551 1327 in
1563 1267 1697 1343 partibus
1715 1267 1963 1346 lerosolymitunls

972 1366 1157 1442 utelsquod
1169 1365 1455 1441 potuerttanxiiium
1467 1363 1608 1424 conierat.
1905 1371 1962 1424 353

550 1521 552 1526 ,
573 1475 664 1550 [eirca
702 1505 917 1528 ·······
936 1498 973 1512 -
993 1467 1118 1530 Gnidum
1132 1472 1337 1530 communitati
1350 1476 1447 1548 gretes
1466 1471 1528 1548 agit
1540 1469 1621 1546 quod
1639 1467 1761 1528 feliciter
1777 1471 1964 1530 3333333313

548 1569 682 1646 iulium]
972 1565 1206 1626 Mediolanenses
1219 1567 1368 1644 insurgere
1381 1571 1486 1642 parete
1498 1567 1551 1636 sit,
1567 1564 1753 1640 ostenditque
1772 1569 1889 1641 tempus
1908 1581 1964 1642 op-

972 1667 1132 1736 portunum
1144 1678 1208 1722 esse
1217 1678 1286 1723 cum
1298 1662 1420 1724 ilrmiter
1432 1667 1577 1739 proponat
1587 1662 1626 1723 ed
1637 1667 1735 1738 portes
1746 1663 1826 1738 ipses
1837 1661 1963 1740 dirigere

973 1771 1091 1834 grecam
1105 1774 1185 1819 suos.
1904 1766 1961 1818 333

577 1859 666 1944 [circe
704 1896 917 1918 ·······
933 1891 974 1906 -
994 1859 1103 1922 Scribit
1126 1861 1317 1939 Peplensibus
1337 1863 1379 1922 els
1400 1864 1580 1938 compatiens
1597 1862 1634 1922 de
1658 1859 1892 1938 oppressionibus
1910 1878 1963 1938 per

549 1954 684 2040 julium]
821 2042 825 2050 .
974 1958 1207 2018 Mediolanenses
1218 1959 1319 2032 illatis,
1335 1965 1365 2019 et
1377 1956 1801 2019 nuntietseadeoeiestinure
1814 1958 1963 2018 temerita-

974 2053 1434 2131 temrebelliumoppressurum.
1904 2060 1960 2112 333

577 2149 666 2232 [circe
705 2197 920 2220 .......
935 2185 975 2200 -
994 2155 1165 2218 Laudcnses
1185 2156 1289 2218 fideles
1308 2173 1378 2218 snos
1396 2157 1511 2217 extollit
1527 2161 1559 2216 et
1572 2154 1731 2234 consorini,
1745 2154 1900 2216 intendens
1921 2158 1963 2216 eis

551 2243 684 2326 lullum]
975 2251 1071 2312 modis
1089 2252 1227 2313 omnibus
1243 2254 1377 2313 assistere
1390 2255 1568 2330 nuntiosque
1581 2253 1705 2312 remittit
1716 2249 1869 2327 expeditos
1881 2252 1962 2326 petl-

975 2347 1107 2409 tionibus
1120 2349 1267 2410 admissis.
1905 2355 1962 2407 331

555 2445 673 2529 [angust
675 2490 920 2511 ........
935 2483 976 2495 -
996 2451 1100 2513 Grates
1126 2455 1188 2532 egit
1210 2453 1456 2514 Cremonensibus
1480 2454 1518 2513 de
1541 2453 1679 2513 carroccii
1702 2467 1804 2512 eorum
1824 2453 1962 2512 missione

550 2545 690 2621 ineunte]
973 2547 1090 2626 illisque
1105 2548 1262 2609 denuntiat
1281 2565 1313 2610 se
1330 2555 1397 2626 post
1415 2549 1671 2626 depopulationem
1691 2547 1885 2607 Bononiensis
1901 2547 1962 2608 dis-

975 2645 1079 2704 trictus
1094 2647 1171 2705 circa
1184 2652 1314 2706 cestrum
1329 2647 1534 2722 Crepacorium
1550 2651 1645 2705 cestre
1657 2643 1804 2704 dedume
1905 2652 1960 2704 333

551 2745 603 2822 [to
619 2761 688 2824 eug.
707 2789 715 2805 .
740 2788 750 2809 .
774 2791 782 2806 .
806 2787 816 2809 .
840 2788 850 2808 .
877 2787 886 2807 .
912 2789 920 2808 .
937 2777 977 2792 -
996 2746 1149 2826 Significat
1162 2751 1326 2825 captionem
1344 2752 1432 2810 castri
1445 2751 1610 2826 Crepacorii
1622 2755 1653 2809 ct
1669 2747 1771 2808 scribit
1783 2763 1814 2808 se
1827 2753 1962 2825 paratum

552 2839 690 2914 circites]
976 2843 1016 2902 ed
1035 2845 1179 2921 integram
1199 2845 1426 2905 Bononiensium
1447 2851 1478 2906 et
1502 2845 1607 2906 deinde
1629 2844 1891 2906 Mediolanensium
1910 2844 1962 2904 de·

976 2942 1177 3000 structionem.
1905 2947 1960 3000 333

552 3039 603 3114 [3ο
620 3055 716 3118 eng..
741 3086 749 3104 .
773 3083 783 3106 .
807 3087 814 3104 .
840 3087 848 3104 .
877 3083 886 3104 .
913 3075 977 3106 .-
996 3043 1150 3122 signillcat
1175 3044 1411 3107 vercellensibus
1437 3047 1603 3122 captionem
1631 3045 1719 3106 casiri
1746 3044 1913 3122 Crepacorii
1933 3049 1963 3104 et

554 3132 691 3216 31131133]
977 3139 1099 3201 mundet
1115 3145 1150 3200 ut
1162 3139 1299 3201 militiam
1317 3143 1448 3202 celeriter
1460 3141 1516 3202 sibi
1536 3143 1737 3202 transmittant
1752 3141 1784 3200 ln
1803 3140 1962 3216 depopule-

976 3237 1087 3296 tionem
1100 3236 1267 3297 Mediolani.
1904 3245 1961 3296 333

553 3332 717 3416 [augensi-L
740 3381 749 3400 .
776 3383 784 3399 .
809 3381 818 3399 .
841 3381 851 3400 .
879 3383 887 3399 .
914 3373 977 3400 .-
997 3341 1071 3418 Regi
1094 3341 1236 3402 Castellae
1255 3341 1392 3403 benivole
1412 3343 1542 3403 scribens
1562 3340 1660 3402 reddit
1681 3345 1778 3417 grates
1799 3339 1837 3399 de
1859 3342 1962 3399 exenio

976 3453 1120 3512 equorum
1133 3436 1189 3498 sibl
1207 3437 1308 3516 misso,
1322 3437 1408 3515 cique
1419 3439 1565 3514 promittit
1577 3453 1609 3497 se
1621 3437 1741 3496 nuntios
1753 3440 1783 3496 ei
1801 3449 1911 3494 munus
1930 3435 1963 3492 ln

976 3533 1071 3592 vicem
1085 3533 1283 3591 remissurum.
1905 3537 1962 3589 313

554 3631 693 3708 [august]
709 3677 717 3694 .
741 3675 750 3694 .
774 3677 783 3696 .
807 3677 816 3694 .
840 3677 849 3698 .
878 3681 885 3696 .
913 3680 921 3697 .
938 3665 978 3678 -
998 3635 1106 3696 Scribit
1119 3635 1393 3696 Ravennatensibns
1405 3641 1551 3712 33331333
1565 3635 1688 3695 miretur
1701 3634 1781 3710 quod
1792 3632 1830 3694 ab
1841 3635 1962 3711 antiquo

976 3729 1078 3824 fideles
1099 3733 1142 3790 lta
1161 3729 1369 3790 declinaverint
1386 3747 1404 3790 3
1425 3729 1498 3802 ilde,
1519 3732 1667 3808 mittitque
1685 3731 1845 3790 llenrlcum
1867 3730 1962 3790 illlum

976 3841 1065 3886 suum
1085 3825 1213 3903 legatum
1227 3827 1259 3884 in
1274 3826 1447 3888 1133331313
1468 3825 1649 3903 generalem,
1669 3829 1722 3903 qui
1741 3827 1849 3887 lterum
1868 3827 1907 3886 ab
1920 3829 1963 3887 eis

976 3921 1126 3982 fidelitatis
1135 3923 1302 3999 iuramenta
1318 3924 1449 3998 recipiat.
1903 3932 1958 3984 371

554 4019 693 4105 [august]
709 4066 921 4088 .......
937 4056 978 4072 -
997 4025 1548 4088 (1131333333333313313333113333
1563 4026 1890 4104 etducetusSpoleianl
1902 4043 1964 4087 no-

977 4127 1042 4182 tum
1055 4121 1127 4182 lucit
1143 4138 1176 4182 se
1190 4128 1372 4183 3333333313
1391 4121 1539 4184 fidelitatis
1551 4123 1632 4201 quod
1651 4124 1796 4184 Ecclesiae
1813 4123 1964 4184 Romenaa

978 4220 1186 4294 praestiterunt
1202 4218 1269 4278 illas
1287 4217 1453 4306 absoluere,
1468 4235 1621 4298 nunquam
1638 4221 1670 4280 ln
1691 4225 1778 4281 antee
1794 4219 1832 4280 ub
1848 4221 1964 4298 imperii

977 4313 1107 4372 domlnlo
1119 4313 1300 4374 alienandos.
1905 4323 1964 4376 311

559 4423 687 4508 [august.
710 4463 721 4486 .
742 4465 752 4484 .
775 4459 786 4492 e
809 4465 819 4487 .
841 4466 851 4488 .
879 4467 888 4488 .
914 4455 979 4489 .·-
998 4423 1106 4485 Scribit
1115 4426 1275 4502 justitiario
1294 4427 1400 4488 Terrae
1419 4425 1543 4488 Laboris
1557 4443 1595 4488 ne
1612 4425 1693 4487 lalsls
1709 4425 1877 4488 rumoribus
1896 4427 1964 4487 din·

555 4523 695 4600 3333313]
979 4523 1038 4582 tlns
1051 4520 1250 4594 conturbetur,
1266 4537 1298 4582 sc
1313 4527 1418 4598 pacata
1435 4523 1567 4584 liarcble
1584 4523 1737 4584 Tervlsina
1753 4523 1792 4584 ad
1805 4523 1964 4600 depopula-

978 4619 1089 4677 tionem
1103 4617 1251 4677 Bonouiae
1264 4619 1417 4678 amesslsse
1430 4625 1461 4679 et
1474 4620 1563 4678 misso
1579 4619 1611 4678 ln
1624 4619 1828 4680 Romenlolem
1840 4617 1965 4678 ilenrico

879 4770 882 4776 .
977 4709 1040 4772 lilio
1052 4727 1107 4772 suo
1120 4713 1323 4773 contritionem
1336 4712 1494 4774 Mediolani
1507 4729 1621 4792 parere.
1906 4719 1964 4774 373
