4358 5996
209 623 311 684 hntcr.
330 621 393 702 ta]
661 623 862 687 HISTORIA
880 619 1176 684 ntrtouamca.

269 1170 494 1256 Mandatum
526 1173 577 1256 ad
598 1172 848 1283 justitiarium
872 1173 1022 1283 Aprutii
1051 1183 1096 1257 ut
1123 1172 1320 1256 residuum
1344 1169 1560 1256 debitorum
1586 1169 1627 1254 in
1697 1171 1793 1270 iffi:

213 1301 463 1412 justitiariam
481 1330 552 1389 suo
570 1330 660 1388 cum
676 1305 858 1390 instantia
875 1307 1002 1418 exigat
1018 1317 1056 1390 et
1077 1305 1178 1416 exigi
1196 1303 1322 1388 faciat.

299 1503 427 1587 (Itepcrt.
443 1506 546 1588 imper.
560 1503 678 1568 medor.
691 1507 731 1576 ΙΙ,
747 1505 800 1568 rot.
816 1516 834 1568 s
849 1522 951 1581 νεῖκος
964 1508 995 1568 In
1007 1506 1081 1569 sdIt.
1095 1505 1233 1584 Cascam,
1247 1521 1278 1584 p.
1296 1503 1378 1584 24⁰.)

266 1678 316 1748 Dc
327 1677 495 1774 inpavidi
511 1679 668 1751 mandam
686 1683 775 1773 facto
786 1701 850 1774 per
863 1677 1014 1772 judicem
1033 1679 1204 1751 I'addcum
1222 1677 1262 1750 dc
1278 1677 1399 1751 Suessa
1419 1677 1553 1770 scripsit
1569 1699 1628 1749 uo·

221 1803 329 1874 tonus
345 1803 513 1874 Iohannes
532 1803 572 1874 da
589 1803 712 1876 Sancto
730 1799 919 1875 Garuouo:

268 1923 489 2017 hadericus,
513 1935 596 2015 eto,
614 1928 655 1998 Β.
676 1926 818 2000 Pissono
833 1926 1019 2018 justitiario
1035 1923 1186 2021 Aprutii,
1208 1933 1274 2000 ato.
1295 1924 1385 2013 Quia
1403 1924 1566 1999 Silvester
1587 1923 1632 1997 do

220 2049 346 2122 Sancto
359 2049 466 2121 Panlo
480 2047 593 2122 tidelis
610 2057 727 2122 noster
744 2059 893 2123 statutus
910 2049 1045 2122 dudum
1063 2071 1126 2145 per
1143 2049 1274 2127 auriam
1287 2057 1440 2122 nostram
1456 2048 1502 2122 ad
1519 2048 1633 2122 rocol-

220 2171 399 2266 Iigendum
422 2171 601 2246 residuum
620 2171 817 2246 debitorum
839 2172 934 2246 onnia
958 2183 1074 2246 nostre
1098 2173 1135 2244 in
1153 2171 1374 2266 justitiariatn
1400 2169 1560 2266 Apronii,
1588 2171 1633 2246 ab

222 2293 346 2368 eodem
362 2295 477 2368 officio
497 2304 549 2368 est
564 2306 720 2388 amotus,
742 2293 898 2372 fidelitati
918 2304 977 2370 tue
998 2295 1221 2391 precipiendo
1240 2293 1445 2368 mandamus
1463 2302 1635 2390 qnatenus

222 2426 333 2490 totum
358 2417 538 2490 residuum
558 2419 673 2513 ipsum
688 2418 933 2510 justitiariatus
955 2419 1005 2490 tui
1030 2441 1111 2492 cum
1133 2417 1295 2492 instantia
1316 2417 1463 2510 exigens
1483 2426 1518 2490 et
1539 2418 1634 2510 exigi

223 2540 354 2614 iaciens
368 2539 456 2614 iIInd
472 2541 518 2614 ad
534 2542 667 2614 coriam
683 2551 838 2614 nostram
857 2542 990 2614 mistas.

273 2664 396 2736 Datum
415 2663 536 2756 Fogie,
561 2663 592 2734 V
613 2659 738 2754 madii,
758 2663 836 2734 XIII
858 2661 1070 2736 indictionis.

277 3191 456 3276 Mandata
483 3191 535 3275 ad
558 3191 760 3302 Hugonam
787 3193 836 3276 de
863 3191 960 3276 Lilla
983 3192 1089 3302 quod
1110 3191 1236 3276 veniat
1258 3190 1308 3273 ad
1336 3192 1500 3292 curiam,
1523 3203 1562 3278 et
1588 3195 1639 3279 ad
1709 3208 1803 3306 {⁰5¹3}

225 3323 451 3407 Riocardum
473 3325 522 3408 de
543 3323 743 3409 Fasanclla
764 3327 869 3436 quod
892 3351 933 3408 se
958 3323 1129 3408 conferat
1151 3323 1200 3407 ad
1225 3323 1418 3408 Andream
1445 3325 1494 3410 de
1514 3325 1640 3411 Cioala

225 3457 479 3566 capitaneum.

307 3657 437 3739 (Itcpcst.
450 3658 556 3738 imper.
570 3655 691 3720 meda.
706 3659 751 3737 11,
765 3657 816 3720 Iol.
833 3667 850 3720 t
865 3665 960 3734 rooto;
975 3661 1008 3720 In
1021 3658 1093 3720 odit.
1108 3657 1248 3734 Caram„
1262 3675 1294 3737 p.
1310 3656 1393 3739 2⁴0.)

274 3831 304 3902 V
320 3829 442 3922 madii,
461 3831 540 3902 XIII
556 3831 767 3925 indictionis,
787 3831 822 3903 in
837 3831 955 3924 Fogia,
971 3829 1017 3903 ds
1032 3829 1195 3903 mandato
1213 3831 1382 3926 imperiali
1396 3831 1486 3906 iacto
1499 3853 1562 3928 por
1573 3855 1641 3906 ma·

229 3952 374 4045 gistrum
397 3955 534 4027 Petrum
558 3954 604 4028 da
625 3957 735 4028 Vinea
758 3955 892 4050 scripsit
913 3953 957 4026 Α.
981 3953 1027 4027 da
1046 3955 1163 4050 Capua
1182 3954 1318 4050 Hngoni
1338 3953 1383 4028 de
1404 3955 1488 4028 Lilla
1505 3957 1551 4032 da
1573 3959 1639 4032 Ba·

228 4047 303 4149 mio
318 4075 414 4170 qnod
431 4077 561 4150 veniat.

275 4199 412 4271 Similes
426 4200 526 4273 Petro
538 4200 721 4274 Caramulo
738 4199 784 4273 do
800 4201 944 4295 Neapoli
962 4209 1002 4272 ut
1018 4199 1148 4273 veniat.

275 4319 398 4392 Eodem
413 4321 465 4394 cta
480 4323 521 4395 da
535 4325 645 4396 eodem
661 4326 817 4398 mundato
829 4327 967 4419 'scripsit
982 4326 1103 4396 Petram
1116 4324 1156 4396 dc
1174 4324 1299 4395 Viaco:

276 4443 490 4538 Fredericns,
508 4455 592 4540 eto,
609 4447 648 4520 s.
670 4447 716 4522 da
728 4429 922 4541 Fasanella,
941 4457 1007 4522 etc.
1025 4447 1197 4522 Fidetitati
1217 4456 1275 4520 tua
1294 4445 1518 4543 procipIendo
1534 4469 1639 4522 man-

232 4564 355 4638 damns
372 4578 543 4662 quatenus
561 4573 707 4668 receptis
727 4572 792 4668 hys
811 4572 938 4645 lictoris
963 4573 1117 4644 conferas
1144 4582 1178 4644 ta
1198 4571 1245 4646 ad
1268 4570 1444 4646 Andream
1463 4572 1508 4646 de
1525 4573 1639 4648 Cioala

233 4689 447 4784 capitaneum
465 4694 601 4768 aPorta
619 4695 733 4770 Rosoti
749 4694 918 4790 usquead
936 4695 1034 4790 regni
1051 4693 1252 4784 confinium,
1267 4693 1403 4770 fidelem
1418 4705 1586 4792 nostrum,
1605 4708 1640 4774 ot

310 4813 349 4878 V.
369 4823 460 4877 Pura.
1421 4829 1478 4884 128
