4358 5996
550 669 611 732 sto
707 635 713 648 ’
1055 668 1270 730 rurnustct
1296 669 1472 731 sscunnu
1779 673 1856 758 [nu.
1875 677 1963 740 istc.

596 805 647 878 Dc
659 805 769 878 codem
784 803 942 878 mandam
957 805 1094 898 scripsit
1110 806 1260 879 marius
1279 806 1325 878 P.
1341 805 1382 878 dc
1404 805 1522 899 chou
1539 831 1550 878 :

595 928 817 1022 Frederious,
837 937 922 1022 etc„
936 929 1035 1003 Petro
1052 928 1097 1003 de
1116 929 1291 1022 Calabria,
1309 937 1377 1002 etc.
1392 929 1542 1002 listerus
1559 940 1639 1004 tons
1655 953 1743 1026 quas
1761 953 1825 1027 per
1836 934 1965 1008 lohan-

548 1073 627 1126 nem
654 1055 792 1128 fratrem
814 1063 913 1126 tuum
942 1052 1079 1128 fidelem
1103 1061 1257 1128 nostrum
1284 1062 1399 1128 nostro
1422 1053 1564 1126 culmini
1596 1053 1794 1146 destinasti,
1815 1057 1966 1154 benigne

548 1179 713 1253 serenitas
730 1188 845 1254 nostra
857 1179 1003 1275 recepit,
1024 1189 1058 1252 et
1075 1201 1195 1253 earnm
1212 1177 1425 1253 continentia
1445 1177 1586 1272 plenius
1599 1179 1791 1271 Intellecta,
1809 1181 1964 1256 studium

547 1311 646 1375 tuum
659 1303 755 1398 quod
775 1303 882 1377 habes
902 1304 939 1376 in
955 1303 1081 1378 nostris
1096 1303 1244 1377 servitiis
1261 1301 1561 1376 commendamus.
1581 1301 1752 1377 Fidelitati
1771 1311 1831 1376 tne
1851 1306 1965 1400 preel-

546 1425 663 1520 pimus
685 1435 856 1523 quatenus
873 1449 993 1502 omnes
1015 1429 1129 1525 pullos
1153 1427 1317 1523 equinos,
1338 1433 1505 1522 engastos
1525 1435 1561 1499 et
1582 1427 1694 1500 mulos
1716 1427 1779 1522 qui
1799 1437 1879 1502 sunt
1897 1429 1964 1501 sub

547 1549 705 1624 custodia
727 1561 787 1624 tna
812 1560 848 1626 et
871 1553 1089 1647 projecerunt
1115 1561 1193 1624 octo
1221 1551 1344 1626 dentes
1367 1550 1426 1622 rel
1445 1549 1654 1644 projecerint
1674 1548 1741 1623 hac
1757 1558 1883 1642 estate,
1903 1572 1965 1645 per

546 1672 735 1745 Matthenm
752 1673 797 1747 de
810 1673 964 1748 Coceiata
977 1673 1114 1749 fidelem
1127 1683 1284 1748 nostrum
1300 1672 1348 1747 ad
1363 1672 1499 1745 cumam
1517 1683 1671 1746 nostrum
1686 1673 1827 1766 mistas,
1846 1675 1964 1768 requi·

546 1819 626 1868 rens
647 1820 708 1893 pro
725 1798 775 1871 eis
790 1800 1000 1873 necessarias
1012 1819 1185 1894 expensas
1201 1821 1224 1872 a
1242 1797 1371 1892 Ilajorc
1390 1795 1438 1870 de
1455 1797 1674 1892 Plauootone,
1689 1809 1775 1890 etc,
1788 1798 1846 1872 oui
1859 1819 1965 1894 super

546 1919 614 1991 hoc
628 1929 761 1994 nostres
775 1923 909 1996 lIcteras
923 1922 1152 1996 destinamus.

593 2045 717 2116 Datum
734 2045 919 2136 Coronam,
938 2047 1035 2120 xxx
1052 2045 1197 2142 aprelis,
1218 2045 1296 2118 XIII
1312 2043 1530 2120 indictionis.

593 2168 763 2264 Scriptum
788 2179 840 2244 est
864 2169 978 2244 eidem
1002 2179 1134 2244 secreto
1157 2167 1254 2266 quod
1283 2167 1344 2244 det
1371 2170 1582 2244 necessarias
1608 2188 1784 2268 expensas
1808 2167 1964 2265 predicto

392 2313 394 2318 ’
544 2290 695 2366 Mattheo
710 2294 800 2366 sicut
815 2294 941 2369 viderit
956 2295 1135 2392 expedire.

815 2595 1222 2604 ...namn——
1226 2591 1759 2606 *a-—u-—n—--d———t—t-

406 2887 449 2974 :⁸
486 2909 496 2974 ‚¹
599 2864 761 2949 litterae
795 2862 1033 2972 responsales
1076 2862 1127 2944 ed
1163 2869 1350 2945 secretum
1388 2861 1570 2944 Panormi
1605 2863 1712 2972 quod
1745 2864 1964 2948 moderatae

546 3025 731 3108 expensae
749 3023 846 3108 quas
863 2995 952 3079 fecit
976 3021 1046 3104 pro
1068 2995 1213 3078 nuntiis
1236 2995 1286 3077 ad
1309 2993 1461 3076 curiam
1489 3019 1577 3076 cum
1601 2995 1748 3105 joettis,
1772 2998 1910 3105 pannis
1927 3009 1965 3082 et

547 3129 777 3212 animalibus
800 3127 949 3232 missis,
968 3126 1008 3207 iu
1027 3125 1110 3236 ejus
1127 3125 1338 3210 rationibus
1356 3135 1638 3236 computentm.

629 3349 756 3430 (Ilcqcrt.
770 3349 873 3428 imper.
888 3343 1008 3408 mete.
1024 3345 1068 3423 II,
1084 3346 1138 3408 Iol.
1155 3355 1211 3408 105
1227 3363 1330 3419 versos
1345 3349 1378 3408 ln
1391 3347 1463 3408 edit.
1481 3347 1617 3421 Cascam,
1634 3365 1663 3426 p.
1677 3349 1761 3428 tor.)

597 3550 643 3617 Dc
660 3545 829 3640 tmpericlc'
846 3544 1002 3616 cmudcto
1019 3541 1115 3636 sacto
1120 3565 1184 3639 pcr
1202 3544 1401 3643 mopiatrum
1422 3542 1590 3616 Albcrtcm
1615 3546 1746 3640 scripsit
1762 3547 1802 3618 G.
1828 3545 1869 3618 dc
1893 3547 1963 3620 Gu-

547 3673 653 3744 sectio
668 3667 895 3763 responsales:
1474 3662 1479 3670 ’

597 3791 807 3883 FrederIcus,
829 3800 912 3881 ete,
933 3790 1083 3864 Obberto
1098 3789 1360 3863 Fallamonacho
1380 3799 1514 3862 secreto
1527 3789 1702 3882 Panormi,
1720 3801 1788 3866 etc.
1806 3794 1961 3888 Benigne

547 3917 737 4010 recepimus
750 3917 897 4006 limenas,
912 3928 978 3987 etc.
997 3913 1098 4000 Quod
1112 3923 1231 3986 autem
1243 3912 1445 4005 significasti
1462 3923 1496 3986 te
1512 3911 1648 3987 dudum
1659 3913 1800 3989 dedisse
1812 3917 1961 3990 Iohanni

547 4041 592 4114 de
603 4039 849 4126 Calatabilloto,
868 4037 943 4110 Adc
955 4037 1000 4110 de
1016 4037 1199 4128 Florentia,
1214 4037 1365 4110 ilenrico
1383 4037 1518 4110 Clerico
1534 4045 1568 4110 st
1584 4035 1733 4110 Guidoni
1752 4039 1798 4112 de
1813 4039 1960 4114 Charnls

546 4165 677 4237 nuntiis
690 4164 773 4254 tuis,
791 4183 879 4257 quos
895 4147 1030 4234 dudum
1048 4160 1170 4234 mIsisti
1186 4159 1233 4234 ad
1247 4161 1378 4234 curiam
1397 4171 1551 4234 nostram
1567 4183 1646 4232 cum
1662 4161 1777 4253 j0ettis
1791 4173 1826 4236 et
1839 4165 1962 4260 pannIs

546 4289 642 4384 apud
657 4289 752 4362 Pisas
766 4295 801 4359 et
818 4307 898 4358 cum
915 4284 1053 4358 duobus
1066 4285 1187 4379 equIs,
1204 4284 1266 4356 XV
1286 4285 1388 4356 mulla
1402 4295 1437 4357 et
1455 4285 1500 4357 III
1516 4285 1666 4357 runcinis
1681 4307 1768 4379 quos
1784 4285 1962 4360 duxerunt

546 4411 777 4486 demandato
805 4419 921 4482 nostro
948 4409 985 4480 in
1011 4408 1172 4505 ApuIInm
1193 4417 1229 4482 et
1252 4409 1519 4504 assignaverunt
1543 4429 1604 4480 eos
1624 4407 1758 4504 Angelo
1782 4411 1827 4484 de
1851 4412 1962 4485 Maura

545 4537 640 4610 fideli
658 4543 774 4609 nostro
797 4533 892 4628 apud
916 4533 1110 4628 Neapolim,
1133 4553 1198 4628 pro
1221 4532 1387 4628 expensis
1403 4552 1548 4627 eorum,
1568 4533 1628 4606 Vll
1646 4533 1842 4608 sclavorum
1867 4537 1961 4609 ende

545 4671 758 4754 nostreqnos
772 4657 992 4732 demandato
1006 4671 1122 4730 nostro
1135 4657 1257 4729 misIsti
1271 4655 1319 4730 cd
1331 4657 1465 4729 curiam
1480 4665 1631 4730 nostram
1647 4680 1710 4752 por
1723 4679 1796 4751 eos,
1812 4657 1960 4733 duorum

416 4845 421 4856 .
544 4784 791 4873 scuteriorum,
810 4783 871 4855 IIII
887 4781 1180 4856 burdunanornm
1195 4780 1258 4877 qui
1278 4780 1457 4855 duxerunt
1478 4781 1590 4853 mulos
1606 4789 1642 4855 et
1661 4801 1769 4877 equos
1787 4781 1961 4877 predictos
