<?xml version="1.0" encoding="UTF-8"?>
<!DOCTYPE html PUBLIC "-//W3C//DTD XHTML 1.0 Transitional//EN"
    "http://www.w3.org/TR/xhtml1/DTD/xhtml1-transitional.dtd">
<html xmlns="http://www.w3.org/1999/xhtml" xml:lang="en" lang="en">
 <head>
  <title>
</title>
<meta http-equiv="Content-Type" content="text/html;charset=utf-8" />
  <meta name='ocr-system' content='tesseract 3.04.00' />
  <meta name='ocr-capabilities' content='ocr_page ocr_carea ocr_par ocr_line ocrx_word'/>
</head>
<body>
  <div class='ocr_page' id='page_1' title='image "./historiadiploma01fredgoog_0331.png"; bbox 0 0 4358 5996; ppageno 0'>
   <div class='ocr_carea' id='block_1_1' title="bbox 229 649 1648 773">
    <p class='ocr_par' dir='ltr' id='par_1_1' title="bbox 229 649 1648 773">
     <span class='ocr_line' id='line_1_1' title="bbox 229 649 1648 773; baseline -0.002 -16"><span class='ocrx_word' id='word_1_1' title='bbox 229 695 332 758; x_wconf 70' lang='lat' dir='ltr'><strong>uere.</strong></span> <span class='ocrx_word' id='word_1_2' title='bbox 352 694 413 773; x_wconf 80' lang='lat' dir='ltr'><strong>ra]</strong></span> <span class='ocrx_word' id='word_1_3' title='bbox 683 694 882 756; x_wconf 87' lang='lat' dir='ltr'><strong>ursrorua</strong></span> <span class='ocrx_word' id='word_1_4' title='bbox 907 693 1201 756; x_wconf 84' lang='lat' dir='ltr'><strong>orruouarrcn.</strong></span> <span class='ocrx_word' id='word_1_5' title='bbox 1353 649 1358 658; x_wconf 68' lang='grc'><strong>’</strong></span> <span class='ocrx_word' id='word_1_6' title='bbox 1588 691 1648 754; x_wconf 77' lang='lat' dir='ltr'><strong>oca</strong></span> 
     </span>
    </p>
   </div>
   <div class='ocr_carea' id='block_1_2' title="bbox 231 825 1649 1171">
    <p class='ocr_par' dir='ltr' id='par_1_2' title="bbox 231 825 1649 1171">
     <span class='ocr_line' id='line_1_2' title="bbox 232 825 1649 927; baseline 0.001 -27"><span class='ocrx_word' id='word_1_7' title='bbox 232 827 351 924; x_wconf 88' lang='lat' dir='ltr'><strong>ipsum</strong></span> <span class='ocrx_word' id='word_1_8' title='bbox 377 839 534 927; x_wconf 86' lang='lat' dir='ltr'><strong>spectant</strong></span> <span class='ocrx_word' id='word_1_9' title='bbox 555 828 681 906; x_wconf 90' lang='lat' dir='ltr'><strong>amodo</strong></span> <span class='ocrx_word' id='word_1_10' title='bbox 706 828 852 904; x_wconf 85' lang='lat' dir='ltr'><strong>fideliter</strong></span> <span class='ocrx_word' id='word_1_11' title='bbox 876 838 911 904; x_wconf 89' lang='lat' dir='ltr'><strong>et</strong></span> <span class='ocrx_word' id='word_1_12' title='bbox 937 852 1017 902; x_wconf 91' lang='lat' dir='ltr'><strong>cum</strong></span> <span class='ocrx_word' id='word_1_13' title='bbox 1042 830 1136 902; x_wconf 90' lang='lat' dir='ltr'><strong>omni</strong></span> <span class='ocrx_word' id='word_1_14' title='bbox 1156 827 1334 924; x_wconf 79' lang='lat' dir='ltr'><strong>diligentia</strong></span> <span class='ocrx_word' id='word_1_15' title='bbox 1359 836 1394 902; x_wconf 92' lang='lat' dir='ltr'><strong>et</strong></span> <span class='ocrx_word' id='word_1_16' title='bbox 1418 825 1649 902; x_wconf 89' lang='lat' dir='ltr'><strong>sollicitudine</strong></span> 
     </span>
     <span class='ocr_line' id='line_1_3' title="bbox 231 952 1091 1028; baseline 0.002 -4"><span class='ocrx_word' id='word_1_17' title='bbox 231 973 400 1028; x_wconf 80' lang='lat' dir='ltr'>exerceas</span> <span class='ocrx_word' id='word_1_18' title='bbox 416 954 463 1028; x_wconf 92' lang='lat' dir='ltr'><strong>ad</strong></span> <span class='ocrx_word' id='word_1_19' title='bbox 477 954 644 1028; x_wconf 91' lang='lat' dir='ltr'><strong>honorem</strong></span> <span class='ocrx_word' id='word_1_20' title='bbox 659 962 693 1027; x_wconf 93' lang='lat' dir='ltr'><strong>et</strong></span> <span class='ocrx_word' id='word_1_21' title='bbox 710 952 909 1028; x_wconf 84' lang='lat' dir='ltr'><strong>fidelitatem</strong></span> <span class='ocrx_word' id='word_1_22' title='bbox 928 962 1091 1026; x_wconf 86' lang='lat' dir='ltr'><strong>nostram.</strong></span> 
     </span>
     <span class='ocr_line' id='line_1_4' title="bbox 283 1076 1041 1171; baseline 0 -23"><span class='ocrx_word' id='word_1_23' title='bbox 283 1079 410 1151; x_wconf 88' lang='lat' dir='ltr'><strong>Datum</strong></span> <span class='ocrx_word' id='word_1_24' title='bbox 426 1079 520 1168; x_wconf 81' lang='lat' dir='ltr'><strong>Orto,</strong></span> <span class='ocrx_word' id='word_1_25' title='bbox 536 1079 581 1150; x_wconf 96' lang='lat' dir='ltr'><strong>lll</strong></span> <span class='ocrx_word' id='word_1_26' title='bbox 598 1076 719 1171; x_wconf 89' lang='lat' dir='ltr'><strong>madii,</strong></span> <span class='ocrx_word' id='word_1_27' title='bbox 738 1077 817 1150; x_wconf 90' lang='lat' dir='ltr'><strong>Xlll</strong></span> <span class='ocrx_word' id='word_1_28' title='bbox 834 1076 1041 1152; x_wconf 78' lang='lat' dir='ltr'><strong>indictionis.</strong></span> 
     </span>
    </p>
   </div>
   <div class='ocr_carea' id='block_1_3' title="bbox 230 1262 1649 1978">
    <p class='ocr_par' dir='ltr' id='par_1_3' title="bbox 230 1262 1649 1978">
     <span class='ocr_line' id='line_1_5' title="bbox 284 1262 1649 1361; baseline 0.001 -25"><span class='ocrx_word' id='word_1_29' title='bbox 284 1267 407 1338; x_wconf 80' lang='lat' dir='ltr'><strong>Endera</strong></span> <span class='ocrx_word' id='word_1_30' title='bbox 422 1267 477 1339; x_wconf 83' lang='lat' dir='ltr'><strong>die</strong></span> <span class='ocrx_word' id='word_1_31' title='bbox 494 1267 541 1338; x_wconf 89' lang='lat' dir='ltr'><strong>ud</strong></span> <span class='ocrx_word' id='word_1_32' title='bbox 555 1267 729 1340; x_wconf 71' lang='lat' dir='ltr'><strong>eumden:</strong></span> <span class='ocrx_word' id='word_1_33' title='bbox 747 1267 832 1339; x_wconf 92' lang='lat' dir='ltr'><strong>Cum</strong></span> <span class='ocrx_word' id='word_1_34' title='bbox 846 1267 996 1339; x_wconf 86' lang='lat' dir='ltr'><strong>velimus</strong></span> <span class='ocrx_word' id='word_1_35' title='bbox 1012 1262 1216 1361; x_wconf 89' lang='lat' dir='ltr'><strong>quodcirca</strong></span> <span class='ocrx_word' id='word_1_36' title='bbox 1232 1273 1350 1359; x_wconf 89' lang='lat' dir='ltr'><strong>portus</strong></span> <span class='ocrx_word' id='word_1_37' title='bbox 1366 1273 1502 1338; x_wconf 88' lang='lat' dir='ltr'><strong>nostros</strong></span> <span class='ocrx_word' id='word_1_38' title='bbox 1515 1286 1598 1338; x_wconf 89' lang='lat' dir='ltr'><strong>eura</strong></span> <span class='ocrx_word' id='word_1_39' title='bbox 1614 1275 1649 1338; x_wconf 91' lang='lat' dir='ltr'><strong>et</strong></span> 
     </span>
     <span class='ocr_line' id='line_1_6' title="bbox 233 1387 1649 1484; baseline -0.001 -22"><span class='ocrx_word' id='word_1_40' title='bbox 233 1387 431 1462; x_wconf 88' lang='lat' dir='ltr'><strong>sollicitudo</strong></span> <span class='ocrx_word' id='word_1_41' title='bbox 456 1389 607 1482; x_wconf 79' lang='lat' dir='ltr'><strong>diligens</strong></span> <span class='ocrx_word' id='word_1_42' title='bbox 629 1390 812 1481; x_wconf 88' lang='lat' dir='ltr'><strong>habeatur,</strong></span> <span class='ocrx_word' id='word_1_43' title='bbox 831 1388 988 1462; x_wconf 84' lang='lat' dir='ltr'><strong>fidelitati</strong></span> <span class='ocrx_word' id='word_1_44' title='bbox 1011 1400 1070 1461; x_wconf 94' lang='lat' dir='ltr'><strong>tue</strong></span> <span class='ocrx_word' id='word_1_45' title='bbox 1094 1388 1315 1484; x_wconf 86' lang='lat' dir='ltr'><strong>precipiendo</strong></span> <span class='ocrx_word' id='word_1_46' title='bbox 1337 1387 1544 1461; x_wconf 90' lang='lat' dir='ltr'><strong>mandamus</strong></span> <span class='ocrx_word' id='word_1_47' title='bbox 1560 1410 1649 1482; x_wconf 92' lang='lat' dir='ltr'><strong>qua·</strong></span> 
     </span>
     <span class='ocr_line' id='line_1_7' title="bbox 234 1509 1648 1608; baseline -0.004 -22"><span class='ocrx_word' id='word_1_48' title='bbox 234 1524 338 1586; x_wconf 85' lang='lat' dir='ltr'><strong>tenus</strong></span> <span class='ocrx_word' id='word_1_49' title='bbox 356 1534 463 1608; x_wconf 89' lang='lat' dir='ltr'><strong>super</strong></span> <span class='ocrx_word' id='word_1_50' title='bbox 486 1513 655 1608; x_wconf 86' lang='lat' dir='ltr'><strong>portubus</strong></span> <span class='ocrx_word' id='word_1_51' title='bbox 677 1512 804 1586; x_wconf 88' lang='lat' dir='ltr'><strong>nostris</strong></span> <span class='ocrx_word' id='word_1_52' title='bbox 825 1511 1002 1603; x_wconf 83' lang='lat' dir='ltr'><strong>Panormi,</strong></span> <span class='ocrx_word' id='word_1_53' title='bbox 1022 1509 1213 1606; x_wconf 84' lang='lat' dir='ltr'><strong>Cephaludi</strong></span> <span class='ocrx_word' id='word_1_54' title='bbox 1231 1518 1266 1584; x_wconf 92' lang='lat' dir='ltr'><strong>et</strong></span> <span class='ocrx_word' id='word_1_55' title='bbox 1286 1509 1400 1582; x_wconf 86' lang='lat' dir='ltr'><strong>Licato</strong></span> <span class='ocrx_word' id='word_1_56' title='bbox 1417 1509 1479 1604; x_wconf 92' lang='lat' dir='ltr'><strong>qui</strong></span> <span class='ocrx_word' id='word_1_57' title='bbox 1504 1518 1586 1582; x_wconf 88' lang='lat' dir='ltr'><strong>sunt</strong></span> <span class='ocrx_word' id='word_1_58' title='bbox 1610 1510 1648 1581; x_wconf 94' lang='lat' dir='ltr'><strong>in</strong></span> 
     </span>
     <span class='ocr_line' id='line_1_8' title="bbox 230 1632 1647 1732; baseline -0.001 -26"><span class='ocrx_word' id='word_1_59' title='bbox 230 1635 475 1726; x_wconf 89' lang='lat' dir='ltr'><strong>jurisdictione</strong></span> <span class='ocrx_word' id='word_1_60' title='bbox 492 1644 565 1724; x_wconf 88' lang='lat' dir='ltr'><strong>tua,</strong></span> <span class='ocrx_word' id='word_1_61' title='bbox 586 1635 682 1708; x_wconf 88' lang='lat' dir='ltr'><strong>viros</strong></span> <span class='ocrx_word' id='word_1_62' title='bbox 697 1635 844 1732; x_wconf 88' lang='lat' dir='ltr'><strong>probos,</strong></span> <span class='ocrx_word' id='word_1_63' title='bbox 868 1634 995 1708; x_wconf 80' lang='lat' dir='ltr'><strong>divites</strong></span> <span class='ocrx_word' id='word_1_64' title='bbox 1010 1643 1141 1706; x_wconf 64' lang='lat' dir='ltr'><strong>saluas</strong></span> <span class='ocrx_word' id='word_1_65' title='bbox 1156 1642 1191 1706; x_wconf 89' lang='lat' dir='ltr'><strong>et</strong></span> <span class='ocrx_word' id='word_1_66' title='bbox 1204 1632 1324 1706; x_wconf 87' lang='lat' dir='ltr'><strong>fideles</strong></span> <span class='ocrx_word' id='word_1_67' title='bbox 1341 1633 1403 1726; x_wconf 92' lang='lat' dir='ltr'><strong>qui</strong></span> <span class='ocrx_word' id='word_1_68' title='bbox 1420 1632 1512 1704; x_wconf 88' lang='lat' dir='ltr'><strong>cauti</strong></span> <span class='ocrx_word' id='word_1_69' title='bbox 1529 1641 1563 1704; x_wconf 91' lang='lat' dir='ltr'><strong>et</strong></span> <span class='ocrx_word' id='word_1_70' title='bbox 1578 1632 1647 1704; x_wconf 87' lang='lat' dir='ltr'><strong>sol·</strong></span> 
     </span>
     <span class='ocr_line' id='line_1_9' title="bbox 234 1753 1648 1853; baseline -0.001 -24"><span class='ocrx_word' id='word_1_71' title='bbox 234 1759 319 1832; x_wconf 90' lang='lat' dir='ltr'><strong>liciti</strong></span> <span class='ocrx_word' id='word_1_72' title='bbox 341 1760 377 1832; x_wconf 93' lang='lat' dir='ltr'><strong>in</strong></span> <span class='ocrx_word' id='word_1_73' title='bbox 394 1761 519 1832; x_wconf 89' lang='lat' dir='ltr'><strong>nostris</strong></span> <span class='ocrx_word' id='word_1_74' title='bbox 535 1760 685 1834; x_wconf 90' lang='lat' dir='ltr'><strong>servitiis</strong></span> <span class='ocrx_word' id='word_1_75' title='bbox 697 1763 778 1853; x_wconf 89' lang='lat' dir='ltr'><strong>jura</strong></span> <span class='ocrx_word' id='word_1_76' title='bbox 798 1759 894 1832; x_wconf 90' lang='lat' dir='ltr'><strong>curie</strong></span> <span class='ocrx_word' id='word_1_77' title='bbox 917 1768 1032 1832; x_wconf 90' lang='lat' dir='ltr'><strong>nostre</strong></span> <span class='ocrx_word' id='word_1_78' title='bbox 1050 1759 1086 1830; x_wconf 93' lang='lat' dir='ltr'><strong>in</strong></span> <span class='ocrx_word' id='word_1_79' title='bbox 1112 1758 1280 1852; x_wconf 92' lang='lat' dir='ltr'><strong>portubus</strong></span> <span class='ocrx_word' id='word_1_80' title='bbox 1301 1757 1386 1852; x_wconf 91' lang='lat' dir='ltr'><strong>ipsis</strong></span> <span class='ocrx_word' id='word_1_81' title='bbox 1407 1756 1539 1849; x_wconf 77' lang='lat' dir='ltr'><strong>integre</strong></span> <span class='ocrx_word' id='word_1_82' title='bbox 1558 1753 1648 1830; x_wconf 89' lang='lat' dir='ltr'><strong>reci-</strong></span> 
     </span>
     <span class='ocr_line' id='line_1_10' title="bbox 232 1879 1582 1978; baseline -0.003 -24"><span class='ocrx_word' id='word_1_83' title='bbox 232 1882 344 1978; x_wconf 90' lang='lat' dir='ltr'><strong>piant,</strong></span> <span class='ocrx_word' id='word_1_84' title='bbox 365 1883 454 1956; x_wconf 88' lang='lat' dir='ltr'><strong>sieut</strong></span> <span class='ocrx_word' id='word_1_85' title='bbox 473 1893 525 1956; x_wconf 86' lang='lat' dir='ltr'><strong>ost</strong></span> <span class='ocrx_word' id='word_1_86' title='bbox 542 1905 605 1978; x_wconf 88' lang='lat' dir='ltr'><strong>per</strong></span> <span class='ocrx_word' id='word_1_87' title='bbox 622 1893 773 1956; x_wconf 89' lang='lat' dir='ltr'><strong>nostram</strong></span> <span class='ocrx_word' id='word_1_88' title='bbox 790 1883 922 1956; x_wconf 90' lang='lat' dir='ltr'><strong>curiam</strong></span> <span class='ocrx_word' id='word_1_89' title='bbox 940 1879 1149 1972; x_wconf 88' lang='lat' dir='ltr'><strong>ordinatum,</strong></span> <span class='ocrx_word' id='word_1_90' title='bbox 1170 1882 1281 1956; x_wconf 87' lang='lat' dir='ltr'><strong>taliter</strong></span> <span class='ocrx_word' id='word_1_91' title='bbox 1296 1902 1401 1976; x_wconf 92' lang='lat' dir='ltr'><strong>super</strong></span> <span class='ocrx_word' id='word_1_92' title='bbox 1416 1880 1496 1966; x_wconf 84' lang='lat' dir='ltr'><strong>hoe,</strong></span> <span class='ocrx_word' id='word_1_93' title='bbox 1516 1888 1582 1953; x_wconf 81' lang='lat' dir='ltr'><strong>etc.</strong></span> 
     </span>
    </p>
   </div>
   <div class='ocr_carea' id='block_1_4' title="bbox 235 2074 1651 3162">
    <p class='ocr_par' dir='ltr' id='par_1_4' title="bbox 235 2074 1651 3162">
     <span class='ocr_line' id='line_1_11' title="bbox 285 2074 1647 2170; baseline -0.001 -24"><span class='ocrx_word' id='word_1_94' title='bbox 285 2077 408 2148; x_wconf 77' lang='lat' dir='ltr'><strong>Eodem</strong></span> <span class='ocrx_word' id='word_1_95' title='bbox 424 2077 475 2149; x_wconf 80' lang='lat' dir='ltr'><strong>die</strong></span> <span class='ocrx_word' id='word_1_96' title='bbox 488 2077 534 2148; x_wconf 89' lang='lat' dir='ltr'><strong>ud</strong></span> <span class='ocrx_word' id='word_1_97' title='bbox 550 2077 722 2149; x_wconf 81' lang='lat' dir='ltr'><strong>eamdem:</strong></span> <span class='ocrx_word' id='word_1_98' title='bbox 738 2076 812 2148; x_wconf 86' lang='lat' dir='ltr'><strong>Etsi</strong></span> <span class='ocrx_word' id='word_1_99' title='bbox 829 2076 918 2150; x_wconf 88' lang='lat' dir='ltr'><strong>circa</strong></span> <span class='ocrx_word' id='word_1_100' title='bbox 938 2075 1075 2170; x_wconf 83' lang='lat' dir='ltr'><strong>singula</strong></span> <span class='ocrx_word' id='word_1_101' title='bbox 1100 2075 1242 2148; x_wconf 89' lang='lat' dir='ltr'><strong>servitia</strong></span> <span class='ocrx_word' id='word_1_102' title='bbox 1268 2085 1386 2148; x_wconf 90' lang='lat' dir='ltr'><strong>nostra</strong></span> <span class='ocrx_word' id='word_1_103' title='bbox 1410 2084 1443 2147; x_wconf 82' lang='lat' dir='ltr'><strong>te</strong></span> <span class='ocrx_word' id='word_1_104' title='bbox 1463 2074 1647 2147; x_wconf 91' lang='lat' dir='ltr'><strong>sollicitum</strong></span> 
     </span>
     <span class='ocr_line' id='line_1_12' title="bbox 235 2199 1648 2296; baseline -0.002 -23"><span class='ocrx_word' id='word_1_105' title='bbox 235 2201 492 2274; x_wconf 86' lang='lat' dir='ltr'><strong>essevolumus</strong></span> <span class='ocrx_word' id='word_1_106' title='bbox 509 2209 543 2274; x_wconf 88' lang='lat' dir='ltr'><strong>el</strong></span> <span class='ocrx_word' id='word_1_107' title='bbox 559 2211 750 2292; x_wconf 91' lang='lat' dir='ltr'><strong>actentum,</strong></span> <span class='ocrx_word' id='word_1_108' title='bbox 773 2201 865 2274; x_wconf 90' lang='lat' dir='ltr'><strong>circa</strong></span> <span class='ocrx_word' id='word_1_109' title='bbox 888 2201 943 2273; x_wconf 93' lang='lat' dir='ltr'><strong>illa</strong></span> <span class='ocrx_word' id='word_1_110' title='bbox 967 2200 1131 2296; x_wconf 90' lang='lat' dir='ltr'><strong>precipue</strong></span> <span class='ocrx_word' id='word_1_111' title='bbox 1152 2208 1186 2272; x_wconf 93' lang='lat' dir='ltr'><strong>te</strong></span> <span class='ocrx_word' id='word_1_112' title='bbox 1204 2199 1453 2294; x_wconf 78' lang='lat' dir='ltr'><strong>diligentiorem</strong></span> <span class='ocrx_word' id='word_1_113' title='bbox 1474 2220 1592 2271; x_wconf 91' lang='lat' dir='ltr'><strong>curam</strong></span> <span class='ocrx_word' id='word_1_114' title='bbox 1613 2208 1648 2270; x_wconf 90' lang='lat' dir='ltr'><strong>et</strong></span> 
     </span>
     <span class='ocr_line' id='line_1_13' title="bbox 235 2323 1648 2418; baseline -0.001 -22"><span class='ocrx_word' id='word_1_115' title='bbox 235 2324 504 2397; x_wconf 90' lang='lat' dir='ltr'><strong>sollicitudinem</strong></span> <span class='ocrx_word' id='word_1_116' title='bbox 527 2325 656 2398; x_wconf 88' lang='lat' dir='ltr'><strong>habere</strong></span> <span class='ocrx_word' id='word_1_117' title='bbox 679 2326 947 2417; x_wconf 65' lang='lat' dir='ltr'><strong>volumusque</strong></span> <span class='ocrx_word' id='word_1_118' title='bbox 973 2323 1009 2394; x_wconf 93' lang='lat' dir='ltr'><strong>in</strong></span> <span class='ocrx_word' id='word_1_119' title='bbox 1036 2323 1189 2417; x_wconf 90' lang='lat' dir='ltr'><strong>partibus</strong></span> <span class='ocrx_word' id='word_1_120' title='bbox 1212 2323 1298 2418; x_wconf 91' lang='lat' dir='ltr'><strong>ipsis</strong></span> <span class='ocrx_word' id='word_1_121' title='bbox 1317 2323 1448 2418; x_wconf 85' lang='lat' dir='ltr'><strong>ubique</strong></span> <span class='ocrx_word' id='word_1_122' title='bbox 1464 2345 1526 2418; x_wconf 88' lang='lat' dir='ltr'><strong>per</strong></span> <span class='ocrx_word' id='word_1_123' title='bbox 1545 2333 1648 2395; x_wconf 90' lang='lat' dir='ltr'><strong>totam</strong></span> 
     </span>
     <span class='ocr_line' id='line_1_14' title="bbox 236 2447 1650 2543; baseline 0.001 -25"><span class='ocrx_word' id='word_1_124' title='bbox 236 2447 387 2520; x_wconf 89' lang='lat' dir='ltr'><strong>Siciliam</strong></span> <span class='ocrx_word' id='word_1_125' title='bbox 404 2449 440 2518; x_wconf 93' lang='lat' dir='ltr'><strong>in</strong></span> <span class='ocrx_word' id='word_1_126' title='bbox 451 2449 693 2540; x_wconf 85' lang='lat' dir='ltr'><strong>jurisdictione</strong></span> <span class='ocrx_word' id='word_1_127' title='bbox 710 2459 769 2520; x_wconf 88' lang='lat' dir='ltr'><strong>tua</strong></span> <span class='ocrx_word' id='word_1_128' title='bbox 790 2448 915 2521; x_wconf 91' lang='lat' dir='ltr'><strong>nostris</strong></span> <span class='ocrx_word' id='word_1_129' title='bbox 933 2448 1071 2520; x_wconf 89' lang='lat' dir='ltr'><strong>solaciis</strong></span> <span class='ocrx_word' id='word_1_130' title='bbox 1088 2447 1251 2543; x_wconf 91' lang='lat' dir='ltr'><strong>deputata</strong></span> <span class='ocrx_word' id='word_1_131' title='bbox 1269 2457 1469 2520; x_wconf 89' lang='lat' dir='ltr'><strong>noscuntur.</strong></span> <span class='ocrx_word' id='word_1_132' title='bbox 1493 2448 1650 2520; x_wconf 89' lang='lat' dir='ltr'><strong>Firmiter</strong></span> 
     </span>
     <span class='ocr_line' id='line_1_15' title="bbox 238 2569 1649 2668; baseline 0.002 -27"><span class='ocrx_word' id='word_1_133' title='bbox 238 2569 393 2643; x_wconf 89' lang='lat' dir='ltr'><strong>lidelitati</strong></span> <span class='ocrx_word' id='word_1_134' title='bbox 426 2580 486 2644; x_wconf 88' lang='lat' dir='ltr'><strong>tuo</strong></span> <span class='ocrx_word' id='word_1_135' title='bbox 514 2572 736 2668; x_wconf 86' lang='lat' dir='ltr'><strong>precipiendo</strong></span> <span class='ocrx_word' id='word_1_136' title='bbox 759 2571 964 2644; x_wconf 88' lang='lat' dir='ltr'><strong>mandamus</strong></span> <span class='ocrx_word' id='word_1_137' title='bbox 989 2583 1160 2666; x_wconf 89' lang='lat' dir='ltr'><strong>quatenus</strong></span> <span class='ocrx_word' id='word_1_138' title='bbox 1190 2581 1258 2644; x_wconf 70' lang='lat' dir='ltr'><strong>mm</strong></span> <span class='ocrx_word' id='word_1_139' title='bbox 1291 2593 1354 2668; x_wconf 92' lang='lat' dir='ltr'><strong>pro</strong></span> <span class='ocrx_word' id='word_1_140' title='bbox 1380 2571 1507 2666; x_wconf 90' lang='lat' dir='ltr'><strong>palatio</strong></span> <span class='ocrx_word' id='word_1_141' title='bbox 1533 2582 1649 2644; x_wconf 91' lang='lat' dir='ltr'><strong>nostro</strong></span> 
     </span>
     <span class='ocr_line' id='line_1_16' title="bbox 237 2693 1650 2790; baseline 0.003 -27"><span class='ocrx_word' id='word_1_142' title='bbox 237 2693 396 2766; x_wconf 80' lang='lat' dir='ltr'><strong>Panormi</strong></span> <span class='ocrx_word' id='word_1_143' title='bbox 413 2716 518 2788; x_wconf 90' lang='lat' dir='ltr'><strong>quam</strong></span> <span class='ocrx_word' id='word_1_144' title='bbox 539 2716 601 2789; x_wconf 92' lang='lat' dir='ltr'><strong>pro</strong></span> <span class='ocrx_word' id='word_1_145' title='bbox 620 2696 699 2768; x_wconf 89' lang='lat' dir='ltr'><strong>aliis</strong></span> <span class='ocrx_word' id='word_1_146' title='bbox 716 2695 845 2767; x_wconf 91' lang='lat' dir='ltr'><strong>solatiis</strong></span> <span class='ocrx_word' id='word_1_147' title='bbox 866 2695 990 2768; x_wconf 91' lang='lat' dir='ltr'><strong>nostris</strong></span> <span class='ocrx_word' id='word_1_148' title='bbox 1012 2716 1184 2790; x_wconf 80' lang='lat' dir='ltr'><strong>expensas</strong></span> <span class='ocrx_word' id='word_1_149' title='bbox 1205 2695 1307 2767; x_wconf 89' lang='lat' dir='ltr'><strong>utiles</strong></span> <span class='ocrx_word' id='word_1_150' title='bbox 1323 2705 1358 2767; x_wconf 89' lang='lat' dir='ltr'><strong>et</strong></span> <span class='ocrx_word' id='word_1_151' title='bbox 1375 2695 1585 2768; x_wconf 85' lang='lat' dir='ltr'><strong>necessarias</strong></span> <span class='ocrx_word' id='word_1_152' title='bbox 1605 2693 1650 2767; x_wconf 92' lang='lat' dir='ltr'><strong>de</strong></span> 
     </span>
     <span class='ocr_line' id='line_1_17' title="bbox 237 2817 1650 2914; baseline 0.001 -25"><span class='ocrx_word' id='word_1_153' title='bbox 237 2819 463 2910; x_wconf 85' lang='lat' dir='ltr'><strong>proventibus</strong></span> <span class='ocrx_word' id='word_1_154' title='bbox 477 2819 572 2891; x_wconf 89' lang='lat' dir='ltr'><strong>curie</strong></span> <span class='ocrx_word' id='word_1_155' title='bbox 590 2829 703 2891; x_wconf 87' lang='lat' dir='ltr'><strong>nostre</strong></span> <span class='ocrx_word' id='word_1_156' title='bbox 721 2819 879 2912; x_wconf 91' lang='lat' dir='ltr'><strong>quisunt</strong></span> <span class='ocrx_word' id='word_1_157' title='bbox 903 2839 963 2913; x_wconf 94' lang='lat' dir='ltr'><strong>per</strong></span> <span class='ocrx_word' id='word_1_158' title='bbox 978 2839 1101 2891; x_wconf 86' lang='lat' dir='ltr'><strong>manue</strong></span> <span class='ocrx_word' id='word_1_159' title='bbox 1120 2827 1197 2892; x_wconf 89' lang='lat' dir='ltr'><strong>tuas</strong></span> <span class='ocrx_word' id='word_1_160' title='bbox 1215 2818 1383 2892; x_wconf 83' lang='lat' dir='ltr'><strong>exhibere</strong></span> <span class='ocrx_word' id='word_1_161' title='bbox 1401 2839 1583 2914; x_wconf 89' lang='lat' dir='ltr'><strong>procures,</strong></span> <span class='ocrx_word' id='word_1_162' title='bbox 1604 2817 1650 2891; x_wconf 93' lang='lat' dir='ltr'><strong>ad</strong></span> 
     </span>
     <span class='ocr_line' id='line_1_18' title="bbox 238 2941 1651 3040; baseline -0.001 -27"><span class='ocrx_word' id='word_1_163' title='bbox 238 2941 497 3036; x_wconf 80' lang='lat' dir='ltr'><strong>requisitionem</strong></span> <span class='ocrx_word' id='word_1_164' title='bbox 523 2965 644 3015; x_wconf 88' lang='lat' dir='ltr'><strong>eorum</strong></span> <span class='ocrx_word' id='word_1_165' title='bbox 663 2943 792 3016; x_wconf 89' lang='lat' dir='ltr'><strong>scilieet</strong></span> <span class='ocrx_word' id='word_1_166' title='bbox 809 2944 870 3038; x_wconf 93' lang='lat' dir='ltr'><strong>qui</strong></span> <span class='ocrx_word' id='word_1_167' title='bbox 888 2944 923 3014; x_wconf 94' lang='lat' dir='ltr'><strong>in</strong></span> <span class='ocrx_word' id='word_1_168' title='bbox 941 2943 1025 3016; x_wconf 91' lang='lat' dir='ltr'><strong>locis</strong></span> <span class='ocrx_word' id='word_1_169' title='bbox 1049 2942 1133 3038; x_wconf 90' lang='lat' dir='ltr'><strong>ipsis</strong></span> <span class='ocrx_word' id='word_1_170' title='bbox 1155 2965 1217 3040; x_wconf 91' lang='lat' dir='ltr'><strong>per</strong></span> <span class='ocrx_word' id='word_1_171' title='bbox 1237 2951 1389 3016; x_wconf 86' lang='lat' dir='ltr'><strong>nostram</strong></span> <span class='ocrx_word' id='word_1_172' title='bbox 1413 2941 1544 3014; x_wconf 92' lang='lat' dir='ltr'><strong>curiam</strong></span> <span class='ocrx_word' id='word_1_173' title='bbox 1569 2950 1651 3030; x_wconf 90' lang='lat' dir='ltr'><strong>sunt</strong></span> 
     </span>
     <span class='ocr_line' id='line_1_19' title="bbox 238 3065 897 3162; baseline 0.003 -26"><span class='ocrx_word' id='word_1_174' title='bbox 238 3065 368 3138; x_wconf 85' lang='lat' dir='ltr'><strong>statuti.</strong></span> <span class='ocrx_word' id='word_1_175' title='bbox 387 3066 569 3162; x_wconf 87' lang='lat' dir='ltr'><strong>Recipiens</strong></span> <span class='ocrx_word' id='word_1_176' title='bbox 583 3065 627 3139; x_wconf 93' lang='lat' dir='ltr'><strong>de</strong></span> <span class='ocrx_word' id='word_1_177' title='bbox 640 3067 816 3159; x_wconf 87' lang='lat' dir='ltr'><strong>omnibus,</strong></span> <span class='ocrx_word' id='word_1_178' title='bbox 831 3077 897 3140; x_wconf 88' lang='lat' dir='ltr'><strong>etc.</strong></span> 
     </span>
    </p>
   </div>
   <div class='ocr_carea' id='block_1_5' title="bbox 237 3246 1651 3961">
    <p class='ocr_par' dir='ltr' id='par_1_5' title="bbox 237 3246 1651 3961">
     <span class='ocr_line' id='line_1_20' title="bbox 285 3246 1649 3344; baseline 0 -26"><span class='ocrx_word' id='word_1_179' title='bbox 285 3248 409 3319; x_wconf 79' lang='lat' dir='ltr'><strong>Eodem</strong></span> <span class='ocrx_word' id='word_1_180' title='bbox 423 3247 477 3344; x_wconf 82' lang='lat' dir='ltr'><strong>die</strong></span> <span class='ocrx_word' id='word_1_181' title='bbox 493 3247 533 3319; x_wconf 85' lang='lat' dir='ltr'><strong>de</strong></span> <span class='ocrx_word' id='word_1_182' title='bbox 545 3248 654 3320; x_wconf 78' lang='lat' dir='ltr'><strong>eodem</strong></span> <span class='ocrx_word' id='word_1_183' title='bbox 668 3247 827 3320; x_wconf 80' lang='lat' dir='ltr'><strong>mundato</strong></span> <span class='ocrx_word' id='word_1_184' title='bbox 838 3247 884 3320; x_wconf 88' lang='lat' dir='ltr'><strong>ud</strong></span> <span class='ocrx_word' id='word_1_185' title='bbox 896 3248 1066 3320; x_wconf 70' lang='lat' dir='ltr'><strong>medem.-</strong></span> <span class='ocrx_word' id='word_1_186' title='bbox 1082 3248 1166 3320; x_wconf 89' lang='lat' dir='ltr'><strong>Cum</strong></span> <span class='ocrx_word' id='word_1_187' title='bbox 1180 3269 1243 3343; x_wconf 94' lang='lat' dir='ltr'><strong>pro</strong></span> <span class='ocrx_word' id='word_1_188' title='bbox 1256 3246 1447 3320; x_wconf 91' lang='lat' dir='ltr'><strong>munitione</strong></span> <span class='ocrx_word' id='word_1_189' title='bbox 1461 3255 1649 3318; x_wconf 90' lang='lat' dir='ltr'><strong>castrorum</strong></span> 
     </span>
     <span class='ocr_line' id='line_1_21' title="bbox 238 3371 1651 3468; baseline 0.001 -26"><span class='ocrx_word' id='word_1_190' title='bbox 238 3383 432 3445; x_wconf 88' lang='lat' dir='ltr'><strong>nostrorum</strong></span> <span class='ocrx_word' id='word_1_191' title='bbox 454 3372 605 3445; x_wconf 85' lang='lat' dir='ltr'><strong>velimus</strong></span> <span class='ocrx_word' id='word_1_192' title='bbox 621 3373 815 3446; x_wconf 89' lang='lat' dir='ltr'><strong>necessaria</strong></span> <span class='ocrx_word' id='word_1_193' title='bbox 836 3374 1034 3464; x_wconf 89' lang='lat' dir='ltr'><strong>ministrari,</strong></span> <span class='ocrx_word' id='word_1_194' title='bbox 1054 3371 1209 3446; x_wconf 89' lang='lat' dir='ltr'><strong>fidelitati</strong></span> <span class='ocrx_word' id='word_1_195' title='bbox 1226 3382 1285 3445; x_wconf 91' lang='lat' dir='ltr'><strong>tue</strong></span> <span class='ocrx_word' id='word_1_196' title='bbox 1310 3372 1534 3468; x_wconf 86' lang='lat' dir='ltr'><strong>precipiendo</strong></span> <span class='ocrx_word' id='word_1_197' title='bbox 1554 3395 1651 3444; x_wconf 90' lang='lat' dir='ltr'><strong>mau-</strong></span> 
     </span>
     <span class='ocr_line' id='line_1_22' title="bbox 239 3493 1650 3590; baseline 0.002 -24"><span class='ocrx_word' id='word_1_198' title='bbox 239 3493 364 3567; x_wconf 89' lang='lat' dir='ltr'><strong>damus</strong></span> <span class='ocrx_word' id='word_1_199' title='bbox 380 3503 551 3590; x_wconf 88' lang='lat' dir='ltr'><strong>quatenus</strong></span> <span class='ocrx_word' id='word_1_200' title='bbox 565 3495 613 3568; x_wconf 95' lang='lat' dir='ltr'><strong>ad</strong></span> <span class='ocrx_word' id='word_1_201' title='bbox 637 3495 893 3590; x_wconf 84' lang='lat' dir='ltr'><strong>requisitionem</strong></span> <span class='ocrx_word' id='word_1_202' title='bbox 916 3496 1086 3569; x_wconf 86' lang='lat' dir='ltr'><strong>Guerrerii</strong></span> <span class='ocrx_word' id='word_1_203' title='bbox 1106 3497 1151 3570; x_wconf 87' lang='lat' dir='ltr'><strong>de</strong></span> <span class='ocrx_word' id='word_1_204' title='bbox 1172 3496 1302 3569; x_wconf 86' lang='lat' dir='ltr'><strong>Franco</strong></span> <span class='ocrx_word' id='word_1_205' title='bbox 1322 3497 1551 3590; x_wconf 83' lang='lat' dir='ltr'><strong>procuratoris</strong></span> <span class='ocrx_word' id='word_1_206' title='bbox 1570 3517 1650 3569; x_wconf 85' lang='lat' dir='ltr'><strong>cas-</strong></span> 
     </span>
     <span class='ocr_line' id='line_1_23' title="bbox 239 3618 1651 3694; baseline 0.004 -7"><span class='ocrx_word' id='word_1_207' title='bbox 239 3629 369 3689; x_wconf 91' lang='lat' dir='ltr'><strong>trorum</strong></span> <span class='ocrx_word' id='word_1_208' title='bbox 391 3627 586 3690; x_wconf 92' lang='lat' dir='ltr'><strong>nostrorum</strong></span> <span class='ocrx_word' id='word_1_209' title='bbox 608 3618 645 3689; x_wconf 95' lang='lat' dir='ltr'><strong>in</strong></span> <span class='ocrx_word' id='word_1_210' title='bbox 661 3619 777 3691; x_wconf 88' lang='lat' dir='ltr'><strong>Sicilia</strong></span> <span class='ocrx_word' id='word_1_211' title='bbox 800 3619 886 3692; x_wconf 88' lang='lat' dir='ltr'><strong>ultra</strong></span> <span class='ocrx_word' id='word_1_212' title='bbox 906 3620 1037 3692; x_wconf 91' lang='lat' dir='ltr'><strong>flumen</strong></span> <span class='ocrx_word' id='word_1_213' title='bbox 1054 3620 1188 3691; x_wconf 89' lang='lat' dir='ltr'><strong>Salsum</strong></span> <span class='ocrx_word' id='word_1_214' title='bbox 1208 3630 1243 3692; x_wconf 93' lang='lat' dir='ltr'><strong>et</strong></span> <span class='ocrx_word' id='word_1_215' title='bbox 1260 3619 1425 3694; x_wconf 84' lang='lat' dir='ltr'><strong>Iohannis</strong></span> <span class='ocrx_word' id='word_1_216' title='bbox 1442 3620 1587 3692; x_wconf 87' lang='lat' dir='ltr'><strong>Vulcani</strong></span> <span class='ocrx_word' id='word_1_217' title='bbox 1606 3620 1651 3693; x_wconf 86' lang='lat' dir='ltr'><strong>de</strong></span> 
     </span>
     <span class='ocr_line' id='line_1_24' title="bbox 237 3740 1651 3835; baseline 0.004 -24"><span class='ocrx_word' id='word_1_218' title='bbox 237 3740 378 3835; x_wconf 88' lang='lat' dir='ltr'><strong>Neapoli</strong></span> <span class='ocrx_word' id='word_1_219' title='bbox 402 3740 588 3834; x_wconf 86' lang='lat' dir='ltr'><strong>provisoris</strong></span> <span class='ocrx_word' id='word_1_220' title='bbox 613 3751 802 3813; x_wconf 89' lang='lat' dir='ltr'><strong>castrorum</strong></span> <span class='ocrx_word' id='word_1_221' title='bbox 823 3751 1017 3816; x_wconf 86' lang='lat' dir='ltr'><strong>nostrorum</strong></span> <span class='ocrx_word' id='word_1_222' title='bbox 1043 3743 1127 3815; x_wconf 85' lang='lat' dir='ltr'><strong>citra</strong></span> <span class='ocrx_word' id='word_1_223' title='bbox 1156 3743 1284 3815; x_wconf 86' lang='lat' dir='ltr'><strong>flumen</strong></span> <span class='ocrx_word' id='word_1_224' title='bbox 1308 3743 1461 3832; x_wconf 89' lang='lat' dir='ltr'><strong>Salsum,</strong></span> <span class='ocrx_word' id='word_1_225' title='bbox 1485 3742 1651 3816; x_wconf 84' lang='lat' dir='ltr'><strong>victualia</strong></span> 
     </span>
     <span class='ocr_line' id='line_1_25' title="bbox 241 3857 1650 3961; baseline 0.004 -29"><span class='ocrx_word' id='word_1_226' title='bbox 241 3857 300 3959; x_wconf 91' lang='lat' dir='ltr'><strong>[et]</strong></span> <span class='ocrx_word' id='word_1_227' title='bbox 318 3863 500 3956; x_wconf 85' lang='lat' dir='ltr'><strong>pecuniam</strong></span> <span class='ocrx_word' id='word_1_228' title='bbox 519 3863 746 3936; x_wconf 88' lang='lat' dir='ltr'><strong>neeessariam</strong></span> <span class='ocrx_word' id='word_1_229' title='bbox 767 3873 836 3936; x_wconf 69' lang='lat' dir='ltr'><strong>mm</strong></span> <span class='ocrx_word' id='word_1_230' title='bbox 860 3886 923 3961; x_wconf 93' lang='lat' dir='ltr'><strong>pro</strong></span> <span class='ocrx_word' id='word_1_231' title='bbox 948 3865 1060 3940; x_wconf 91' lang='lat' dir='ltr'><strong>solido</strong></span> <span class='ocrx_word' id='word_1_232' title='bbox 1080 3888 1185 3961; x_wconf 85' lang='lat' dir='ltr'><strong>quam</strong></span> <span class='ocrx_word' id='word_1_233' title='bbox 1209 3865 1286 3938; x_wconf 88' lang='lat' dir='ltr'><strong>aliis</strong></span> <span class='ocrx_word' id='word_1_234' title='bbox 1305 3867 1483 3961; x_wconf 90' lang='lat' dir='ltr'><strong>oportunis</strong></span> <span class='ocrx_word' id='word_1_235' title='bbox 1511 3865 1557 3940; x_wconf 92' lang='lat' dir='ltr'><strong>de</strong></span> <span class='ocrx_word' id='word_1_236' title='bbox 1582 3888 1650 3961; x_wconf 87' lang='lat' dir='ltr'><strong>pe-</strong></span> 
     </span>
    </p>
   </div>
   <div class='ocr_carea' id='block_1_6' title="bbox 239 3985 1650 4204">
    <p class='ocr_par' dir='ltr' id='par_1_6' title="bbox 239 3985 1650 4204">
     <span class='ocr_line' id='line_1_26' title="bbox 239 3985 1650 4085; baseline 0.005 -31"><span class='ocrx_word' id='word_1_237' title='bbox 239 3985 340 4058; x_wconf 91' lang='lat' dir='ltr'><strong>cunia</strong></span> <span class='ocrx_word' id='word_1_238' title='bbox 355 3985 450 4057; x_wconf 91' lang='lat' dir='ltr'><strong>curie</strong></span> <span class='ocrx_word' id='word_1_239' title='bbox 466 3995 581 4059; x_wconf 90' lang='lat' dir='ltr'><strong>nostre</strong></span> <span class='ocrx_word' id='word_1_240' title='bbox 597 4007 667 4080; x_wconf 90' lang='lat' dir='ltr'><strong>que</strong></span> <span class='ocrx_word' id='word_1_241' title='bbox 684 3996 736 4060; x_wconf 87' lang='lat' dir='ltr'><strong>est</strong></span> <span class='ocrx_word' id='word_1_242' title='bbox 750 4010 812 4083; x_wconf 91' lang='lat' dir='ltr'><strong>per</strong></span> <span class='ocrx_word' id='word_1_243' title='bbox 828 4010 951 4061; x_wconf 92' lang='lat' dir='ltr'><strong>manus</strong></span> <span class='ocrx_word' id='word_1_244' title='bbox 967 3999 1055 4079; x_wconf 92' lang='lat' dir='ltr'><strong>tuas,</strong></span> <span class='ocrx_word' id='word_1_245' title='bbox 1070 3989 1236 4062; x_wconf 88' lang='lat' dir='ltr'><strong>exhibere</strong></span> <span class='ocrx_word' id='word_1_246' title='bbox 1252 4009 1427 4085; x_wconf 89' lang='lat' dir='ltr'><strong>procures.</strong></span> <span class='ocrx_word' id='word_1_247' title='bbox 1440 3991 1650 4085; x_wconf 84' lang='lat' dir='ltr'><strong>lleoepturus</strong></span> 
     </span>
     <span class='ocr_line' id='line_1_27' title="bbox 240 4107 489 4204; baseline 0.008 -26"><span class='ocrx_word' id='word_1_248' title='bbox 240 4107 283 4178; x_wconf 91' lang='lat' dir='ltr'><strong>ab</strong></span> <span class='ocrx_word' id='word_1_249' title='bbox 299 4108 401 4204; x_wconf 89' lang='lat' dir='ltr'><strong>ipsis,</strong></span> <span class='ocrx_word' id='word_1_250' title='bbox 421 4117 489 4181; x_wconf 90' lang='lat' dir='ltr'><strong>etc.</strong></span> 
     </span>
    </p>
   </div>
   <div class='ocr_carea' id='block_1_7' title="bbox 118 4289 1649 4760">
    <p class='ocr_par' dir='ltr' id='par_1_7' title="bbox 118 4289 1649 4760">
     <span class='ocr_line' id='line_1_28' title="bbox 286 4289 1648 4391; baseline 0.006 -31"><span class='ocrx_word' id='word_1_251' title='bbox 286 4290 409 4361; x_wconf 82' lang='lat' dir='ltr'><strong>Eodem</strong></span> <span class='ocrx_word' id='word_1_252' title='bbox 421 4289 475 4362; x_wconf 85' lang='lat' dir='ltr'><strong>dia</strong></span> <span class='ocrx_word' id='word_1_253' title='bbox 487 4291 535 4362; x_wconf 84' lang='lat' dir='ltr'><strong>ad</strong></span> <span class='ocrx_word' id='word_1_254' title='bbox 546 4291 696 4364; x_wconf 78' lang='lat' dir='ltr'><strong>eumdem</strong></span> <span class='ocrx_word' id='word_1_255' title='bbox 714 4317 728 4362; x_wconf 90' lang='grc'><strong>.·</strong></span> <span class='ocrx_word' id='word_1_256' title='bbox 746 4291 949 4387; x_wconf 82' lang='lat' dir='ltr'><strong>Signifieasti</strong></span> <span class='ocrx_word' id='word_1_257' title='bbox 975 4293 1169 4368; x_wconf 85' lang='lat' dir='ltr'><strong>celsitudini</strong></span> <span class='ocrx_word' id='word_1_258' title='bbox 1191 4305 1309 4369; x_wconf 87' lang='lat' dir='ltr'><strong>nostre</strong></span> <span class='ocrx_word' id='word_1_259' title='bbox 1327 4294 1423 4390; x_wconf 90' lang='lat' dir='ltr'><strong>quod</strong></span> <span class='ocrx_word' id='word_1_260' title='bbox 1440 4316 1504 4391; x_wconf 94' lang='lat' dir='ltr'><strong>pro</strong></span> <span class='ocrx_word' id='word_1_261' title='bbox 1527 4317 1648 4368; x_wconf 88' lang='lat' dir='ltr'><strong>neees-</strong></span> 
     </span>
     <span class='ocr_line' id='line_1_29' title="bbox 239 4411 1649 4512; baseline 0.004 -28"><span class='ocrx_word' id='word_1_262' title='bbox 239 4411 341 4484; x_wconf 91' lang='lat' dir='ltr'><strong>sariis</strong></span> <span class='ocrx_word' id='word_1_263' title='bbox 369 4413 526 4486; x_wconf 83' lang='lat' dir='ltr'><strong>serviciis</strong></span> <span class='ocrx_word' id='word_1_264' title='bbox 551 4415 676 4488; x_wconf 85' lang='lat' dir='ltr'><strong>nostris</strong></span> <span class='ocrx_word' id='word_1_265' title='bbox 704 4425 738 4488; x_wconf 86' lang='lat' dir='ltr'><strong>te</strong></span> <span class='ocrx_word' id='word_1_266' title='bbox 759 4425 892 4510; x_wconf 90' lang='lat' dir='ltr'><strong>oportet</strong></span> <span class='ocrx_word' id='word_1_267' title='bbox 915 4439 1088 4512; x_wconf 86' lang='lat' dir='ltr'><strong>expensas</strong></span> <span class='ocrx_word' id='word_1_268' title='bbox 1114 4419 1225 4491; x_wconf 90' lang='lat' dir='ltr'><strong>lacere</strong></span> <span class='ocrx_word' id='word_1_269' title='bbox 1249 4419 1287 4490; x_wconf 93' lang='lat' dir='ltr'><strong>in</strong></span> <span class='ocrx_word' id='word_1_270' title='bbox 1307 4417 1438 4490; x_wconf 92' lang='lat' dir='ltr'><strong>nuntiis</strong></span> <span class='ocrx_word' id='word_1_271' title='bbox 1462 4439 1549 4511; x_wconf 90' lang='lat' dir='ltr'><strong>quos</strong></span> <span class='ocrx_word' id='word_1_272' title='bbox 1576 4417 1649 4491; x_wconf 88' lang='lat' dir='ltr'><strong>ali-</strong></span> 
     </span>
     <span class='ocr_line' id='line_1_30' title="bbox 118 4533 1645 4636; baseline 0.005 -32"><span class='ocrx_word' id='word_1_273' title='bbox 118 4566 120 4574; x_wconf 28' lang='lat' dir='ltr'><strong>t</strong></span> <span class='ocrx_word' id='word_1_274' title='bbox 239 4533 379 4626; x_wconf 91' lang='lat' dir='ltr'><strong>quando</strong></span> <span class='ocrx_word' id='word_1_275' title='bbox 397 4534 444 4607; x_wconf 93' lang='lat' dir='ltr'><strong>ad</strong></span> <span class='ocrx_word' id='word_1_276' title='bbox 461 4537 669 4630; x_wconf 88' lang='lat' dir='ltr'><strong>presentiam</strong></span> <span class='ocrx_word' id='word_1_277' title='bbox 689 4546 841 4610; x_wconf 91' lang='lat' dir='ltr'><strong>nostram</strong></span> <span class='ocrx_word' id='word_1_278' title='bbox 858 4537 969 4611; x_wconf 91' lang='lat' dir='ltr'><strong>miotis</strong></span> <span class='ocrx_word' id='word_1_279' title='bbox 991 4549 1026 4612; x_wconf 88' lang='lat' dir='ltr'><strong>et</strong></span> <span class='ocrx_word' id='word_1_280' title='bbox 1042 4540 1124 4612; x_wconf 89' lang='lat' dir='ltr'><strong>alibi</strong></span> <span class='ocrx_word' id='word_1_281' title='bbox 1145 4561 1208 4636; x_wconf 90' lang='lat' dir='ltr'><strong>pro</strong></span> <span class='ocrx_word' id='word_1_282' title='bbox 1228 4540 1374 4614; x_wconf 86' lang='lat' dir='ltr'><strong>utilitate</strong></span> <span class='ocrx_word' id='word_1_283' title='bbox 1396 4541 1492 4612; x_wconf 87' lang='lat' dir='ltr'><strong>curie</strong></span> <span class='ocrx_word' id='word_1_284' title='bbox 1513 4550 1645 4631; x_wconf 86' lang='lat' dir='ltr'><strong>nostre,</strong></span> 
     </span>
     <span class='ocr_line' id='line_1_31' title="bbox 240 4656 1649 4760; baseline 0.006 -33"><span class='ocrx_word' id='word_1_285' title='bbox 240 4667 273 4727; x_wconf 92' lang='lat' dir='ltr'><strong>et</strong></span> <span class='ocrx_word' id='word_1_286' title='bbox 289 4656 403 4752; x_wconf 85' lang='lat' dir='ltr'><strong>petisti</strong></span> <span class='ocrx_word' id='word_1_287' title='bbox 418 4666 457 4730; x_wconf 90' lang='lat' dir='ltr'><strong>ut</strong></span> <span class='ocrx_word' id='word_1_288' title='bbox 473 4678 646 4754; x_wconf 85' lang='lat' dir='ltr'><strong>expensas</strong></span> <span class='ocrx_word' id='word_1_289' title='bbox 668 4659 761 4755; x_wconf 85' lang='lat' dir='ltr'><strong>ipsas</strong></span> <span class='ocrx_word' id='word_1_290' title='bbox 779 4660 814 4730; x_wconf 91' lang='lat' dir='ltr'><strong>in</strong></span> <span class='ocrx_word' id='word_1_291' title='bbox 839 4660 907 4734; x_wconf 91' lang='lat' dir='ltr'><strong>tuis</strong></span> <span class='ocrx_word' id='word_1_292' title='bbox 929 4662 1134 4736; x_wconf 87' lang='lat' dir='ltr'><strong>mandemus</strong></span> <span class='ocrx_word' id='word_1_293' title='bbox 1152 4661 1342 4737; x_wconf 89' lang='lat' dir='ltr'><strong>ratiociniis</strong></span> <span class='ocrx_word' id='word_1_294' title='bbox 1362 4663 1565 4760; x_wconf 83' lang='lat' dir='ltr'><strong>computari.</strong></span> <span class='ocrx_word' id='word_1_295' title='bbox 1591 4661 1649 4737; x_wconf 80' lang='lat' dir='ltr'><strong>nd</strong></span> 
     </span>
    </p>
   </div>
   <div class='ocr_carea' id='block_1_8' title="bbox 239 4779 1649 4971">
    <p class='ocr_par' dir='ltr' id='par_1_8' title="bbox 239 4779 1649 4971">
     <span class='ocr_line' id='line_1_32' title="bbox 239 4779 1649 4883; baseline 0.007 -33"><span class='ocrx_word' id='word_1_296' title='bbox 239 4781 332 4873; x_wconf 83' lang='lat' dir='ltr'><strong>quod</strong></span> <span class='ocrx_word' id='word_1_297' title='bbox 348 4779 412 4853; x_wconf 91' lang='lat' dir='ltr'><strong>tibi</strong></span> <span class='ocrx_word' id='word_1_298' title='bbox 433 4781 607 4856; x_wconf 88' lang='lat' dir='ltr'><strong>mictimus</strong></span> <span class='ocrx_word' id='word_1_299' title='bbox 628 4803 847 4880; x_wconf 90' lang='lat' dir='ltr'><strong>responsum.</strong></span> <span class='ocrx_word' id='word_1_300' title='bbox 867 4784 981 4859; x_wconf 90' lang='lat' dir='ltr'><strong>Placet</strong></span> <span class='ocrx_word' id='word_1_301' title='bbox 996 4786 1099 4860; x_wconf 87' lang='lat' dir='ltr'><strong>nohis</strong></span> <span class='ocrx_word' id='word_1_302' title='bbox 1112 4796 1152 4859; x_wconf 92' lang='lat' dir='ltr'><strong>ut</strong></span> <span class='ocrx_word' id='word_1_303' title='bbox 1170 4807 1324 4883; x_wconf 84' lang='lat' dir='ltr'><strong>expense</strong></span> <span class='ocrx_word' id='word_1_304' title='bbox 1344 4787 1445 4860; x_wconf 91' lang='lat' dir='ltr'><strong>utiles</strong></span> <span class='ocrx_word' id='word_1_305' title='bbox 1466 4795 1502 4858; x_wconf 91' lang='lat' dir='ltr'><strong>et</strong></span> <span class='ocrx_word' id='word_1_306' title='bbox 1522 4809 1649 4862; x_wconf 88' lang='lat' dir='ltr'><strong>neces-</strong></span> 
     </span>
     <span class='ocr_line' id='line_1_33' title="bbox 315 4903 1487 4971; baseline 0.003 -5"><span class='ocrx_word' id='word_1_307' title='bbox 315 4903 353 4966; x_wconf 85' lang='lat' dir='ltr'><strong>V.</strong></span> <span class='ocrx_word' id='word_1_308' title='bbox 374 4917 463 4964; x_wconf 71' lang='lat' dir='ltr'><strong>amn</strong></span> <span class='ocrx_word' id='word_1_309' title='bbox 1431 4917 1487 4971; x_wconf 78' lang='lat'><strong>12²</strong></span> 
     </span>
    </p>
   </div>
   <div class='ocr_carea' id='block_1_9' title="bbox 0 0 2190 5992">
    <p class='ocr_par' dir='ltr' id='par_1_9' title="bbox 0 0 2190 5992">
     <span class='ocr_line' id='line_1_34' title="bbox 0 0 2190 5992; baseline 0 0"><span class='ocrx_word' id='word_1_310' title='bbox 0 0 2190 5992; x_wconf 95' lang='lat' dir='ltr'><strong> </strong></span> 
     </span>
    </p>
   </div>
  </div>
 </body>
</html>
