4384 6004
231 705 333 766 unse.
351 699 412 784 ln]
673 695 868 760 HISTORIA
894 695 1185 758 crotonenses.
1570 693 1646 753 11311

284 1258 496 1366 Imperator
516 1255 716 1339 discedens
733 1281 756 1338 a
774 1253 952 1340 Faventia
969 1255 1070 1336 venit
1094 1253 1259 1359 Fanum,
1283 1279 1402 1363 quam
1426 1252 1647 1362 circumpo-
1730 1273 1808 1320 June·

231 1391 304 1474 sita
323 1389 522 1474 obsidione
539 1415 629 1472 cum
647 1387 797 1472 flectere
814 1388 864 1470 ad
883 1412 953 1470 sua
970 1397 1058 1470 vota
1075 1411 1153 1468 non
1172 1399 1319 1498 posset,
1339 1385 1379 1466 in
1398 1383 1646 1468 exterioribus

230 1533 369 1606 uastat.
396 1521 445 1604 Et
461 1519 659 1604 discedens
678 1519 767 1602 inde
789 1519 894 1602 vadit
909 1518 1107 1628 Spoletum
1125 1519 1230 1628 quod
1252 1517 1384 1628 recipit
1405 1519 1456 1600 ad
1473 1519 1646 1600 mauda-

232 1666 316 1738 tum
341 1679 470 1736 suum.
498 1653 632 1736 Assisii
655 1651 844 1736 civitatem
869 1650 943 1735 sibi
964 1651 1188 1734 renitentem
1204 1650 1377 1734 similiter
1393 1661 1517 1736 vastat
1533 1660 1645 1734 exte-

232 1786 327 1869 rius.
349 1783 448 1868 iiico.
469 1787 515 1864 de
533 1793 669 1867 Sancto
689 1791 810 1868 Germ.
833 1782 1024 1886 cisonio,
1045 1783 1094 1865 ad
1113 1808 1204 1866 nnn.
1229 1785 1344 1865 1241.

463 2083 1423 2095 n—..m—--------—-—--—--——-—-—-————

284 2367 519 2476 Fridericus,
547 2368 807 2452 Romanorum
835 2368 1055 2476 imperator,
1082 2367 1213 2452 scribit
1235 2369 1382 2452 senatui
1407 2369 1580 2453 Romano
1608 2397 1648 2454 se
1677 2392 1856 2501 ¹⁰⁸⁰·521ffi‘·

231 2502 391 2612 receptis
427 2502 572 2586 nuntiis
598 2503 647 2586 de
673 2501 920 2584 Tartarorum
948 2502 1112 2585 aduentu
1143 2502 1317 2610 proximo
1345 2529 1478 2586 versus
1511 2503 1648 2588 Urbem
1751 2499 1819 2558 ¹²⁰³·

231 2633 398 2744 dirigere
422 2660 577 2744 gressus
600 2659 710 2739 suos,
734 2659 824 2716 enm
841 2633 944 2742 Papa
966 2634 1268 2742 compositurum
1290 2634 1323 2716 si
1341 2633 1423 2718 fieri
1441 2637 1576 2746 possit,
1600 2664 1649 2722 ne

231 2765 434 2874 praeterito
445 2767 604 2850 edoctus
618 2765 764 2875 aliquid
775 2765 933 2874 periculi
947 2776 1034 2874 post
1047 2776 1156 2874 terga
1170 2791 1241 2849 sua
1258 2765 1465 2876 relinquat,
1478 2778 1516 2850 et
1534 2779 1578 2851 ut
1594 2769 1648 2852 ita

231 2911 364 2980 conns
383 2897 562 2981 Tartesos
584 2897 753 2982 securius
771 2923 880 2981 arma
900 2909 1033 2981 vertat.
1057 2897 1239 2982 Hortatur
1256 2898 1372 2982 simul
1390 2909 1434 2982 ut
1451 2925 1580 2983 secum
1599 2902 1649 2998 ad

230 3028 491 3113 defensionem
517 3029 606 3114 fidei
630 3030 859 3114 christianae
885 3030 1007 3114 Roma
1034 3041 1211 3140 assurgat
1237 3040 1275 3114 et
1306 3025 1494 3140 significat
1520 3057 1649 3142 regem

232 3161 417 3274 Ungariae
436 3161 508 3245 sibi
526 3188 692 3273 regnum
710 3163 813 3248 idem
831 3161 1049 3271 subjecisse.

314 3390 410 3471 (neit.
430 3407 481 3470 ap.
495 3390 579 3454 Patr.
594 3389 630 3451 ds
649 3391 715 3452 Vin.
733 3391 841 3472 Epist..
857 3390 911 3453 nb.
926 3391 958 3469 1,
973 3407 1040 3466 cup.
1060 3389 1163 3469 XXX,
1182 3389 1233 3452 sed
1255 3391 1397 3454 mendose
1414 3398 1446 3454 et
1461 3393 1566 3456 ordine
1584 3402 1649 3458 tur·

350 3497 432 3558 beto.
452 3497 499 3559 lut
513 3513 583 3558 vero
600 3500 779 3576 comoedus,
797 3497 962 3558 ordinatius
980 3503 1011 3557 st
1029 3499 1174 3575 integrius
1191 3513 1230 3558 ex
1247 3497 1315 3559 eod.
1330 3497 1407 3560 uus.
1426 3499 1525 3562 Cesar.
1542 3502 1647 3578 Parta,

344 3599 437 3682 fonds
449 3597 828 3679 senecensem-nortae,
843 3609 878 3663 u⁰
896 3609 972 3676 4⁵5,
986 3617 1055 3678 pers
1067 3600 1107 3679 1.)

283 3800 496 3894 Friderieus‚
512 3813 580 3876 etc.
593 3802 747 3875 Perfecta
761 3798 1004 3875 sollicitudinis
1017 3801 1112 3874 zelus
1123 3822 1195 3896 quo
1211 3801 1303 3876 sicut
1319 3812 1416 3900 puter
1434 3804 1567 3901 imperii
1581 3819 1650 3880 sta-

234 3933 307 3998 tum
329 3925 486 4020 ejusdem
502 3926 647 4020 diligere
664 3927 823 4020 cogimur
845 3935 881 4000 ot
903 3926 1011 4018 tueri,
1035 3925 1240 4022 propensius
1262 3949 1326 4002 nos
1347 3929 1480 4004 inducit
1493 3953 1562 4004 non
1579 3943 1649 4005 tam

232 4049 414 4124 manifesta
432 4050 586 4146 pericula
606 4073 711 4147 quam
727 4059 888 4146 suspecta
905 4050 1015 4122 vereri
1034 4071 1099 4123 nec
1113 4051 1346 4146 provisionem
1358 4053 1498 4128 differre
1516 4060 1650 4130 cautelc

233 4193 416 4267 quousque
439 4174 680 4249 certitudinem
708 4175 757 4248 rei
783 4194 844 4269 por
865 4174 1001 4247 ocutete
1022 4171 1104 4248 fidei
1135 4177 1379 4250 testimonium·
1399 4179 1645 4275 adsequamur.

231 4295 300 4369 Sed
319 4309 452 4392 quanto
468 4299 598 4391 majore
612 4299 777 4372 timentur
795 4319 871 4371 esse
888 4295 1085 4392 dispendia,
1106 4307 1200 4373 tanto
1216 4302 1406 4398 promptior
1421 4312 1455 4376 et
1468 4306 1651 4400 perfectior

232 4417 335 4494 debet
359 4442 436 4494 esse
459 4423 607 4495 caeteta.
633 4423 793 4495 lutosum
816 4421 921 4517 igitur
944 4420 1045 4495 nobis
1074 4429 1110 4494 et
1130 4422 1315 4497 infaustam
1339 4427 1501 4499 omnibus
1523 4429 1650 4502 tamam

234 4541 279 4616 de
295 4545 456 4620 tarterica
470 4555 672 4642 tempestate
688 4545 817 4619 tinibus
828 4545 963 4640 imperii
975 4545 1048 4638 jam
1061 4545 1191 4640 vicine,
1209 4569 1270 4644 per
1283 4570 1347 4622 nos
1362 4571 1451 4645 quos
1469 4573 1515 4623 ex
1528 4553 1651 4626 vicini·

237 4674 306 4739 tate
320 4667 388 4740 loci
404 4669 532 4763 primos
547 4669 694 4761 invenit,
707 4667 756 4742 ad
768 4689 834 4743 vos
849 4669 977 4742 certius
995 4679 1031 4741 et
1046 4667 1241 4744 ordinatius
1252 4671 1495 4747 deducendam
1511 4676 1550 4750 id
1562 4679 1653 4751 circa

233 4788 333 4863 vobis
362 4789 608 4886 describimus,
636 4815 683 4868 ne
710 4813 816 4889 snper
846 4801 940 4866 tento
968 4792 1166 4868 discrimine
1193 4796 1286 4870 taciti
1313 4796 1511 4874 videamur.
1541 4801 1652 4875 Audi-
