4468 6010
264 693 359 756 lauat.
377 691 440 768 ta]
710 685 905 749 HISTORIA
930 677 1223 744 utstottautcs.

315 1220 566 1356 Responsales
592 1255 630 1329 et
655 1245 836 1330 mandata
867 1246 973 1330 varia
1002 1246 1051 1329 dc
1076 1243 1261 1329 militibus
1286 1255 1324 1327 ct
1350 1241 1539 1354 peditibus
1571 1241 1669 1324 mit-

263 1378 386 1462 tendis
405 1379 456 1460 ad
480 1377 663 1462 Iacobum
680 1379 729 1462 de
751 1378 897 1487 Merra,
920 1380 969 1461 de
990 1379 1162 1462 locandis
1186 1376 1405 1460 hominibus
1430 1375 1557 1459 Sancti
1580 1375 1670 1457 tln-

265 1509 360 1620 geu,
386 1511 436 1594 de
456 1509 614 1594 collecta
639 1536 663 1592 a
689 1509 834 1594 clericis
861 1519 899 1593 at
925 1509 1093 1593 ecclesiis
1120 1509 1366 1618 requirenda,
1393 1510 1441 1591 de
1465 1508 1670 1593 metallano

266 1643 393 1727 Casuli
424 1645 655 1750 amovendo,
684 1643 734 1727 dc
759 1644 921 1754 pecunia
952 1643 1130 1728 collectae
1158 1644 1199 1724 in
1226 1653 1350 1726 castro
1376 1642 1569 1726 Introduci
1598 1667 1668 1726 re-

264 1775 454 1884 ponenda.

346 1975 475 2058 (Περσεῖ.
491 1977 595 2056 smper.
611 1971 730 2036 maer.
745 1975 784 2050 11,
800 1975 851 2040 tol.
869 1977 1304 2058 stverso31nsdlt.ctrcan.‚
1320 1994 1350 2057 p.
1368 1976 1451 2056 stt.)

312 2152 361 2222 lle
380 2150 550 2244 impertisti
563 2149 720 2222 modste
741 2151 830 2240 sacto
848 2171 911 2243 per
929 2150 1127 2242 moptstrem
1148 2148 1315 2220 taddeum
1336 2147 1376 2218 de
1398 2148 1519 2220 Suessa
1537 2149 1672 2242 scripsit

266 2275 302 2346 G.
322 2274 363 2346 de
379 2275 537 2346 Catonia
552 2273 757 2366 responsales
775 2297 785 2340 :

312 2396 532 2486 tiedericus,
552 2405 636 2486 etc,
653 2397 694 2468 B.
709 2395 851 2468 Pissono
869 2395 1052 2488 J'ustitiario
1072 2395 1226 2492 Aprutii‚
1247 2403 1313 2468 etc.
1332 2393 1481 2467 licteras
1500 2393 1674 2470 fidelitatis

266 2531 345 2610 tue,
362 2530 430 2593 etc.
455 2523 505 2592 De
522 2519 690 2592 militibus
708 2528 823 2592 autem
839 2527 917 2592 octo
934 2527 970 2590 et
986 2517 1145 2592 ducentis
1162 2517 1340 2612 peditibus
1354 2539 1442 2611 quoe
1462 2517 1596 2592 dudum
1614 2541 1676 2614 per

266 2654 299 2717 te
313 2643 361 2716 ad
375 2643 542 2716 Iacobum
555 2641 601 2716 da
614 2643 728 2716 Merra
745 2642 962 2736 capitaneum
974 2641 1011 2712 in
1024 2643 1159 2712 Ducatu
1175 2640 1312 2713 fidelem
1330 2654 1487 2714 nostrum
1506 2663 1570 2736 pro
1588 2665 1675 2716 nos-

265 2768 326 2840 tris
335 2767 487 2840 servitiis
505 2765 550 2840 de
564 2765 721 2860 partibus
734 2763 985 2858 jurisdictionis
1002 2771 1062 2836 tue
1075 2765 1169 2836 micti
1185 2763 1445 2853 mandavimus,
1467 2787 1530 2860 pro
1546 2767 1674 2860 quibus

264 2891 354 2964 sicut
365 2888 531 2985 scripsisti
543 2889 621 2960 licet
633 2909 777 2983 persona
788 2888 1008 2961 inveniantur
1023 2888 1057 2960 in
1065 2888 1306 2980 jurisdictione
1320 2896 1393 2980 tua,
1409 2911 1504 2962 arma
1518 2889 1674 2963 decentia

264 3013 398 3086 ibidem
415 3012 566 3086 inveniri
587 3033 657 3085 non
683 3012 834 3108 possint,
859 3014 1021 3086 volumus
1043 3023 1083 3084 ut
1101 3013 1223 3086 mictas
1245 3012 1348 3085 etiam
1371 3013 1539 3108 paralius
1562 3022 1676 3108 partes

264 3137 480 3232 ubicumque
493 3136 544 3208 sic
558 3136 681 3208 armati
698 3145 858 3232 poterunt
877 3135 1042 3226 inveniri,
1061 3137 1109 3208 ita
1124 3135 1220 3230 quod
1232 3134 1386 3230 predicta
1407 3136 1581 3230 quantitas
1603 3136 1676 3207 mi-

263 3261 364 3354 litum
376 3267 414 3333 ot
425 3259 582 3355 peditum
595 3259 686 3334 bene
700 3259 833 3332 munita
845 3260 963 3350 armis,
974 3260 1065 3334 sicut
1079 3260 1141 3332 tibi
1152 3260 1409 3348 mandavimus,
1424 3279 1487 3354 per
1499 3258 1589 3332 tend
1601 3281 1678 3354 pre·

266 3383 400 3456 dimum
422 3382 589 3455 iacobum
613 3382 658 3454 de
678 3383 790 3455 Morta
809 3383 980 3454 mictatur.
1002 3382 1105 3470 Quod
1125 3393 1240 3454 autem
1265 3391 1417 3454 nostram
1439 3382 1677 3454 excellentiam

265 3505 470 3578 consultanti
490 3505 549 3578 ubi
570 3515 605 3578 et
621 3506 658 3576 in
679 3505 808 3600 quibus
831 3505 914 3579 locis
936 3505 1083 3580 velimus
1101 3506 1257 3578 homines
1281 3506 1396 3578 Sancti
1416 3505 1540 3598 Angeli
1563 3503 1613 3600 (o)
1632 3505 1679 3578 ad

266 3628 496 3702 habitandum
519 3629 642 3719 locari,
665 3629 825 3701 volumus
849 3639 883 3701 et
904 3629 1111 3702 mandamus
1128 3639 1168 3702 ut
1190 3651 1250 3702 eos
1276 3629 1312 3700 in
1336 3630 1505 3702 territorio
1527 3631 1679 3725 predicte

266 3761 356 3825 terra
371 3751 491 3823 Sancti
513 3750 637 3844 Angeli
661 3752 768 3840 loces,
792 3752 922 3824 taciens
942 3774 988 3825 ex
1014 3753 1065 3824 eis
1088 3754 1153 3824 tria
1175 3752 1301 3824 casalia
1324 3751 1385 3823 ubi
1407 3754 1622 3827 commodius
1646 3765 1680 3825 et

267 3873 450 3946 decentius
464 3875 595 3948 videris
611 3896 674 3970 pro
689 3883 804 3948 nostra
821 3876 915 3948 curia
935 3876 1113 3970 expedire.
1134 3877 1185 3947 De
1201 3876 1343 3948 collecta
1361 3895 1443 3947 vcro
1461 3897 1482 3946 a
1499 3877 1630 3948 clericis
1646 3891 1680 3950 at

268 3998 422 4070 ecclesiis
435 3997 684 4089 jurisdictionis
702 4008 761 4071 tue
775 3998 965 4092 exigenda,
979 4000 1023 4072 dc
1042 4001 1140 4092 cujus
1156 4001 1263 4070 forma
1275 4011 1309 4070 st
1320 4001 1508 4092 quantitate
1521 4002 1676 4093 quesisti,

269 4120 474 4193 mandamns
497 4132 535 4192 nt
556 4121 779 4195 consideratis
806 4129 961 4218 possset
985 4123 1204 4194 facultatibus
1227 4121 1441 4216 singulorum
1468 4123 1622 4218 requiras
1646 4135 1680 4197 ct

269 4245 393 4336 exigas
419 4245 465 4316 ab
493 4243 624 4318 eisdem
650 4255 751 4340 pmut
773 4229 895 4317 melius
920 4244 1089 4339 expedire
1113 4245 1244 4318 videris
1269 4266 1330 4339 pro
1354 4247 1449 4319 curia
1474 4257 1606 4337 nostra,
1634 4247 1680 4320 ita

270 4377 385 4439 umen
403 4367 499 4462 quod
514 4369 688 4462 quantitas
705 4389 776 4463 qua
790 4389 883 4440 anno
898 4369 1061 4462 preterito
1080 4371 1143 4441 luit
1159 4370 1209 4442 eis
1224 4371 1402 4464 imposita,
1422 4371 1489 4443 hoc
1512 4393 1604 4444 anno
1619 4393 1681 4466 per

272 4499 305 4561 te
317 4491 534 4584 recolligatur
547 4491 593 4562 ab
611 4492 672 4564 eis.
690 4493 739 4564 Do
756 4491 855 4562 Petro
869 4491 1118 4586 archiepiscopi
1133 4495 1356 4565 Russanensis
1369 4493 1431 4589 (b),
1445 4495 1505 4588 qui
1526 4493 1569 4567 de
1585 4517 1682 4568 mau-

312 4665 355 4746 (a)
374 4670 410 4729 In
423 4672 555 4748 margine
569 4667 604 4729 dc
617 4667 778 4730 bominibus
789 4671 913 4731 actutu
930 4669 1034 4732 Sancti
1046 4669 1160 4754 nopes

311 4770 355 4851 (b)
375 4772 630 4853 subaudiendum,
644 4783 679 4837 ut
692 4777 819 4853 videtur,
827 4772 908 4853 filio.
