4374 6010
540 593 602 658 984
975 632 979 642 ·
1042 591 1256 654 aulonam!
1283 591 1456 654 sacuam
1765 589 1966 676 [linsamo.

528 751 531 758 ·
587 725 804 815 Fredericus,
828 736 911 818 ete,
929 729 971 801 ll.
994 727 1039 801 dc
1055 729 1306 801 Montelnsculo
1324 727 1506 820 justitiario
1526 725 1733 823 Capitinate,
1759 736 1826 800 etc.
1854 727 1970 802 Man-

541 852 665 925 damns
682 860 717 925 et
727 851 934 946 precipimus
947 850 1103 924 fidelitati
1119 861 1176 925 tue
1191 860 1361 946 quatenus
1378 849 1425 924 ad
1443 849 1701 946 requisitionem
1718 850 1871 923 Nicolini
1885 851 1969 947 Spi-

540 977 623 1060 nule
638 975 735 1069 regni
751 975 867 1050 Sicilie
888 973 1059 1049 ammirati
1078 974 1190 1049 fidelis
1208 976 1315 1048 nostri
1341 983 1513 1070 quotquot
1535 985 1633 1070 potas
1657 983 1853 1048 mmatnras
1882 977 1968 1048 terri

541 1099 587 1173 de
602 1099 669 1195 hys
681 1120 769 1194 quas
781 1098 890 1172 habes
907 1107 942 1172 et
956 1107 1039 1172 sunt
1051 1099 1147 1171 curie
1164 1107 1293 1188 nostre,
1309 1097 1376 1170 sibi
1393 1120 1457 1194 pro
1473 1098 1597 1171 nostris
1611 1099 1760 1172 servitiis
1772 1120 1965 1195 exequen-

540 1223 595 1297 dis
614 1224 721 1296 lacias
738 1223 815 1296 sine
828 1245 926 1296 more
939 1221 1122 1318 dispendio
1139 1221 1236 1318 apud
1247 1222 1407 1294 Barolum
1426 1221 1608 1316 assignari.

588 1347 713 1419 Datum
725 1345 906 1435 Coronam,
921 1346 1060 1420 xxvlu
1076 1343 1126 1443 (α)
1142 1345 1285 1442 aprelis,
1301 1345 1380 1418 Xlll
1397 1345 1606 1419 indictionis.

352 1849 486 1960 illidi!
591 1868 812 1954 Mandatum
844 1869 895 1952 ad
924 1869 1121 1954 custodem
1150 1880 1284 1980 portus
1310 1869 1442 1954 Turris
1472 1873 1521 1955 ad
1550 1871 1653 1960 Mare
1687 1871 1794 1984 quod
1819 1867 1958 1952 fideles

535 2001 644 2112 regni
671 2001 848 2088 victualia
877 2013 915 2086 et
943 2002 1220 2114 animaliapro
1251 2004 1524 2088 sustentatione
1556 2003 1761 2088 domorum
1791 2027 1957 2086 suarum

534 2135 583 2218 de
600 2145 713 2245 portu
730 2135 814 2246 ipso
831 2135 932 2220 infra
949 2162 1114 2248 regnum
1132 2137 1357 2247 deierantes,
1375 2163 1489 2250 super
1505 2138 1641 2250 quinta
1657 2147 1767 2248 purte
1783 2133 1958 2218 indebite

534 2293 612 2351 non
630 2267 812 2378 requirat.

615 2480 742 2563 (λιφε.
755 2480 859 2562 imper.
871 2477 992 2543 mdc.
1009 2481 1052 2558 11,
1068 2481 1122 2544 fol.
1139 2491 1195 2545 10⁴
1210 2499 1311 2560 rerum
1325 2485 1358 2545 ln
1370 2483 1441 2546 edlt.
1458 2483 1595 2564 Curcum,
1608 2501 1641 2566 p.
1656 2482 1740 2562 405.)

580 2672 688 2742 Imm:

580 2793 799 2888 Fredericus,
819 2803 902 2886 etc,
916 2793 1064 2868 Henrioo
1075 2791 1232 2866 lenardo
1248 2793 1293 2867 da
1310 2791 1525 2886 Brundusio,
1545 2793 1681 2868 custodi
1694 2801 1815 2890 portus
1830 2791 1948 2864 Turris

532 2917 578 2992 ad
590 2918 697 3010 lllare,
712 2919 780 2990 e'tc.
796 2918 851 2990 Ex
861 2917 1004 3012 querela
1018 2925 1212 2992 nostrornm
1223 2917 1381 2992 fidelium
1396 2917 1442 2992 de
1458 2937 1568 3012 regno
1579 2916 1626 2992 ad
1639 2915 1854 3012 audientiam
1872 2935 1950 2988 ma·

528 3041 663 3135 jestatis
680 3051 796 3116 nostre
813 3041 970 3136 parvenit
986 3040 1084 3136 quod
1095 3041 1141 3116 ab
1156 3041 1207 3114 eis
1224 3041 1270 3116 dc
1287 3042 1496 3118 victualibus
1508 3063 1580 3137 que
1590 3050 1711 3114 emunt
1723 3061 1787 3136 pro
1804 3061 1947 3112 suumn

531 3165 777 3238 sustentatione
793 3165 988 3256 domorum,
1003 3186 1068 3262 pro
1083 3187 1126 3238 co
1142 3165 1238 3260 quod
1254 3187 1316 3262 per
1334 3188 1429 3240 marc
1447 3167 1523 3262 ipsa
1534 3167 1722 3240 extrahunt
1739 3173 1774 3238 et
1788 3163 1948 3238 deterunt

533 3289 578 3362 de
596 3297 696 3381 portu
715 3287 832 3358 Turris
850 3287 897 3358 ad
912 3287 1024 3378 Mare,
1042 3289 1156 3382 exigis
1172 3297 1206 3360 ct
1221 3289 1347 3386 recipis
1370 3288 1416 3362 ad
1436 3311 1525 3384 opus
1542 3298 1658 3362 nostre
1675 3267 1771 3361 curie
1790 3287 1948 3380 quintam

531 3421 681 3505 partem,
702 3409 894 3483 inherendo
913 3411 1042 3484 licteris
1062 3413 1188 3484 nostris
1210 3435 1273 3508 per
1291 3434 1381 3506 quas
1399 3411 1551 3486 officium
1576 3413 1691 3508 ipsum
1711 3409 1775 3483 tibi
1799 3409 1947 3483 commi·

530 3533 656 3622 simus;
673 3533 709 3603 in
722 3533 851 3629 quibus
865 3533 1057 3607 continetur
1070 3556 1235 3630 expresse
1248 3535 1347 3631 qnod
1359 3545 1430 3608 tam
1442 3535 1487 3608 ab
1501 3535 1624 3608 incolis
1638 3534 1737 3629 regni
1755 3554 1863 3628 quam
1881 3553 1944 3606 ex·

530 3655 612 3727 teris
639 3657 823 3750 permictas
846 3657 1012 3730 victualia
1035 3667 1070 3731 at
1094 3658 1259 3732 animalia
1287 3658 1380 3734 licita
1402 3657 1447 3732 de
1472 3657 1575 3756 portu
1600 3656 1737 3732 extrahi
1760 3653 1947 3731 deferenda

529 3800 750 3874 quocumque
773 3779 947 3853 voluerint
969 3791 1001 3852 et
1023 3793 1150 3872 cetere,
1169 3781 1253 3856 inde
1274 3781 1445 3856 sumendo
1468 3781 1564 3880 qnod
1581 3803 1652 3855 uon
1676 3780 1831 3854 diximus
1848 3789 1945 3853 extra

530 3923 688 3997 regnum.
708 3902 794 3975 Cum
816 3903 923 3998 igitur
941 3904 1140 3979 intentionis
1158 3914 1273 3980 nostre
1294 3905 1339 3978 sit
1357 3915 1391 3979 et
1415 3905 1519 3978 luerit
1539 3915 1580 3978 ut
1599 3905 1719 4000 quinta
1745 3926 1825 4000 pars
1844 3907 1945 3998 juxta

531 4026 673 4098 sormam
698 4027 852 4122 priorum
880 4027 1076 4100 licterarum
1101 4039 1295 4102 nostrarum
1319 4028 1505 4126 recipiatur
1527 4040 1600 4103 tam
1623 4029 1670 4102 ab
1698 4027 1819 4102 incolis
1841 4049 1944 4122 quam

529 4150 658 4221 exteris
681 4149 743 4244 qui
770 4149 924 4244 predicta
948 4161 1047 4225 extra
1077 4171 1224 4247 regnum
1250 4154 1426 4246 deferunt,
1448 4153 1603 4227 maxime
1624 4151 1671 4226 ad
1696 4151 1941 4240 vendendum,

530 4269 736 4343 mandamus
753 4281 924 4366 quatenus
943 4273 1054 4348 dictos
1072 4275 1192 4350 fideles
1205 4285 1340 4351 nostros
1355 4277 1401 4350 de
1419 4296 1527 4368 regno
1543 4297 1624 4348 cum
1644 4275 1810 4348 victualia
1822 4281 1856 4346 et
1871 4272 1944 4346 ani·

530 4395 634 4467 malin
653 4395 746 4470 licita
761 4395 912 4469 maxime
927 4419 991 4492 pru
1008 4401 1258 4474 sustentatione
1274 4401 1457 4475 domorum
1475 4421 1618 4474 sumum
1640 4419 1756 4472 emere
1775 4406 1810 4470 at
1825 4405 1944 4470 extra-

528 4517 612 4590 here
628 4517 673 4591 de
691 4527 793 4615 portu
808 4514 883 4615 ipso
901 4519 1089 4596 deferenda
1109 4522 1199 4597 inira
1218 4545 1364 4620 regnum
1383 4525 1445 4598 tibi
1468 4521 1677 4616 constiterit,
1697 4541 1804 4618 super
1823 4519 1942 4616 quinta

572 4699 614 4781 (n)
635 4703 671 4763 ln
685 4703 836 4781 impresso,
852 4705 905 4767 sed
917 4721 1068 4785 perperam
1082 4707 1206 4769 XXVII.
