4564 6038
270 677 370 738 nnn.
388 674 451 752 13.]
720 673 919 735 lllsroarn
943 673 1236 736 blancalanda,
1604 673 1683 737 laos

269 806 400 880 bardus
422 818 457 879 ct
478 805 570 878 lilios
588 815 674 880 snu's
699 806 744 880 de
769 807 972 899 Aicbbeim,
997 807 1173 880 Conradns
1201 809 1366 902 pincerna
1388 807 1434 880 de
1452 807 1680 899 Winterstett,

269 930 349 1002 Otto
362 929 586 1002 Berobtoldus
603 929 739 1025 dapifer
763 931 809 1005 de
823 932 1024 1027 Waltpurg‚
1050 931 1243 1004 Friden'cus
1266 931 1310 1004 dc
1335 931 1580 1024 Hocbenberg,
1603 934 1682 1005 Ber·

268 1051 408 1125 tboldus
423 1052 468 1125 de
480 1052 692 1144 Fronholen,
706 1053 843 1126 Uln'eus
857 1053 902 1126 de
915 1054 1150 1128 Wartlsausen
1167 1064 1202 1126 et
1219 1054 1278 1126 alii
1294 1056 1530 1148 quamplures.

316 1175 440 1248 Actum
459 1197 551 1248 anno
572 1176 747 1250 dominice
768 1177 1013 1252 incarnationis
1032 1179 1213 1252 millesimo
1234 1178 1471 1253 ducentesimo
1486 1178 1680 1274 quadrage-

267 1296 372 1384 simo,
391 1319 510 1371 mense
525 1299 684 1392 augusti,
706 1300 806 1372 tertia
822 1300 959 1374 decima
975 1299 1178 1374 indictione.

316 1421 441 1494 Datum
454 1420 549 1515 apud
570 1407 756 1514 Biberach‚
782 1443 891 1514 anno,
910 1445 1045 1510 mense,
1066 1424 1256 1496 indictione
1275 1423 1492 1518 prescriptis,
1515 1433 1681 1518 regnante

267 1541 408 1617 domino
421 1554 456 1616 et
469 1545 624 1638 genitore
636 1555 752 1619 nostm
765 1545 939 1620 Friderioo
957 1547 1111 1620 secundo
1122 1550 1356 1620 Romanorum
1371 1549 1593 1643 imperatore,
1612 1549 1680 1620 ieli-

217 1663 224 1672 '
267 1667 364 1742 citer.
381 1666 505 1740 Amen.

320 2189 538 2300 ConraduS,
558 2193 598 2274 in
620 2193 881 2277 Romanorum
900 2219 1030 2304 regem
1048 2192 1206 2291 electae,
1234 2193 1285 2275 ad
1309 2191 1530 2301 petitionem
1553 2191 1679 2276 abba-
1772 2272 1783 2302 r
1859 2289 1867 2312 ·

265 2321 379 2406 tissae
399 2324 448 2406 de
468 2323 585 2410 Wald
605 2324 751 2408 ordinis
774 2323 1051 2434 cisterciensis,
1071 2335 1109 2409 et
1132 2326 1181 2408 de
1202 2350 1391 2408 consensu
1414 2325 1555 2409 civium
1578 2351 1678 2409 suo·
1742 2324 1771 2358 ⁸¹¹

264 2481 353 2540 rum
376 2456 425 2539 de
447 2455 697 2568 Uberlingcn,
722 2457 846 2541 eidem
871 2458 1086 2542 abbatissae
1112 2465 1149 2541 et
1175 2457 1377 2542 conventui
1400 2457 1482 2568 ejus
1508 2458 1680 2542 coneedit

265 2597 308 2672 ut
333 2588 436 2672 bona
457 2615 556 2700 quae
578 2589 720 2673 ibidem
744 2591 888 2675 habent
914 2592 955 2674 in
981 2591 1102 2674 vineis
1123 2599 1161 2674 et
1183 2589 1383 2696 domibus,
1412 2589 1628 2673 eximantur
1654 2614 1679 2672 a

263 2720 443 2828 precariis
463 2721 541 2806 sive
558 2720 660 2805 taliis
677 2748 776 2832 quae
790 2747 861 2832 pro
879 2731 1049 2831 tempore
1065 2722 1329 2832 imponuntur.

347 2959 438 3041 (nult.
447 2979 497 3041 up.
509 2961 675 3038 mannua,
685 2961 894 3048 Anaetqcrfitr
904 2959 1010 3026 Korde
1019 2961 1070 3024 der
1083 2960 1238 3026 Teatceltcn
1253 2961 1367 3024 Vorzcc't
1378 2959 1561 3040 (llarlsruhe,
1575 2961 1676 3040 1836),
1788 2937 1794 2948 ¹

383 3087 414 3147 p.
433 3078 501 3144 117,
517 3085 555 3131 ex
568 3072 676 3149 origin
691 3072 723 3132 ln
736 3071 817 3132 arch.
834 3069 1064 3149 Slgmarlngen.)

311 3282 350 3353 ln
367 3281 506 3354 nomine
523 3259 641 3355 sancte
659 3289 695 3356 et
712 3281 896 3358 individue
914 3281 1099 3354 Trinitatis.
1124 3279 1301 3354 Conradus
1319 3279 1392 3354 divi
1415 3281 1555 3375 angusti
1575 3282 1679 3377 impe

263 3404 384 3477 ratoris
401 3402 573 3477 Frederici
591 3403 700 3498 lilius,
721 3405 784 3478 Dei
802 3407 913 3500 gratia
928 3406 1160 3478 Romanorum
1179 3403 1216 3475 in
1234 3403 1498 3498 regemelectus
1502 3457 1675 3478 .....

263 3527 365 3600 berec
393 3528 491 3622 regni
507 3529 695 3602 Jerusalem
720 3529 756 3600 in
779 3538 997 3624 perpetuum.
1024 3527 1161 3622 Regalis
1192 3527 1304 3624 pietas
1329 3537 1413 3600 tuuc
1433 3529 1599 3624 precipue
1622 3530 1678 3602 sui

263 3650 412 3724 nominis
429 3652 546 3724 titulos
559 3652 702 3748 ampliat
714 3662 749 3725 et
762 3652 899 3726 extollit
901 3702 1361 3724 ............
1381 3652 1471 3724 tuitu
1486 3654 1679 3748 proiectum

263 3775 417 3878 locorum
436 3775 684 3848 venerabilium
701 3776 792 3848 eirca
810 3797 931 3872 preces
952 3783 1149 3849 sanctarum
1165 3775 1227 3848 Dei
1247 3774 1452 3847 feminarum
1475 3797 1514 3849 se
1531 3777 1679 3849 effundit

262 3897 529 3971 misericorditer
547 3907 583 3971 et
601 3899 744 3971 exhibet
767 3899 955 3973 liberalem.
979 3901 1110 3972 Tenere
1128 3899 1339 3995 presentium
1363 3899 1410 3974 ad
1433 3899 1679 3974 modemorom

263 4029 298 4094 et
327 4022 519 4093 futurorum
546 4022 701 4094 notitiam
728 4023 909 4118 pervenire
935 4023 1095 4117 cupimus
1123 4032 1159 4095 et
1185 4021 1344 4117 protendi
1367 4021 1464 4116 quod
1493 4024 1678 4096 constituta

262 4163 378 4217 coram
393 4144 497 4218 nobis
514 4145 720 4218 venerabilis
722 4198 897 4220 .....
916 4146 1089 4220 abbatissa
1109 4145 1155 4220 de
1171 4145 1293 4220 Walde
1318 4146 1449 4220 ordinis
1466 4147 1678 4241 cystercien-

262 4266 355 4340 sium
380 4267 493 4341 fidelis
524 4277 642 4343 nostra
670 4291 734 4366 pro
751 4277 861 4364 parte
891 4278 1082 4343 conventus
1111 4268 1269 4362 ejusdem
1301 4269 1447 4342 ecclesie
1477 4265 1677 4342 celsitudini

263 4399 378 4465 nostre
399 4391 576 4466 humiliter
598 4393 808 4489 supplicavit
829 4402 869 4466 ut
886 4394 1063 4467 voluntate
1086 4393 1217 4466 civium
1239 4393 1284 4467 de
1298 4391 1506 4486 Uberlingen
1522 4391 1677 4464 fidelium

262 4525 455 4587 nostrornm
469 4517 562 4589 bona
580 4517 818 4612 ipsarumque
835 4517 965 4592 ibidem
986 4517 1116 4590 habent
1132 4518 1167 4588 in
1188 4517 1302 4589 vineis
1319 4525 1354 4590 et
1367 4515 1530 4589 domibus
1551 4518 1587 4588 in
1604 4538 1678 4612 pre

263 4639 352 4712 senti
363 4660 384 4712 a
394 4640 557 4734 precariis
569 4641 644 4714 sive
659 4641 750 4713 taliis
765 4663 835 4734 qne
852 4663 917 4736 pro
933 4652 1085 4738 tempore
1098 4642 1336 4735 imponuntur,
1354 4639 1546 4735 depietatis
1563 4649 1679 4714 nostre

263 4763 375 4856 gratia
393 4764 550 4860 ampliori
572 4765 725 4839 eximere
739 4763 975 4857 dignaremur.
997 4767 1067 4839 Nos
1080 4765 1198 4861 itaque
1215 4773 1254 4836 ut
1272 4765 1342 4857 Jnri
1362 4763 1533 4838 dictorum
1549 4764 1679 4836 civium
