4384 6004
227 706 327 766 barm.
345 701 408 780 lt]
680 695 877 758 HISTORIA
902 689 1194 758 nirtomatics.

278 1242 512 1348 FridericuS,
536 1241 799 1324 Romanorum
822 1240 1049 1350 imperator,
1073 1237 1156 1348 regi
1180 1237 1340 1349 Aogliae
1357 1235 1572 1318 Walterum
1596 1236 1643 1320 de

226 1377 325 1462 Ocra
351 1401 440 1457 cum
468 1373 662 1484 responsis
690 1385 726 1456 et
752 1373 866 1484 plena
894 1383 1078 1482 potestate
1108 1371 1282 1476 mittens,
1309 1369 1459 1451 nuntiat
1486 1368 1642 1452 insimul

224 1509 328 1618 quod
344 1507 475 1591 civitas
490 1507 690 1591 Faventiae
704 1533 744 1589 se
761 1507 916 1590 tandem
930 1505 1089 1614 imperio
1104 1503 1270 1586 reddidit
1287 1512 1325 1585 et
1342 1503 1546 1612 quodcum
1562 1501 1643 1610 ipse

224 1667 358 1725 uersus
374 1641 587 1723 Bononiam
605 1640 824 1748 disponeret
846 1639 1010 1749 dirigere
1029 1662 1184 1747 gressus
1203 1661 1312 1741 sum,
1333 1634 1491 1745 praelati
1508 1661 1642 1718 omnes

225 1773 386 1856 Romam
405 1774 453 1856 de
470 1773 592 1858 lanua
611 1774 660 1856 ad
679 1772 882 1856 concilium
911 1780 1156 1880 properantes
1179 1767 1304 1851 navali
1328 1767 1533 1850 certamine
1554 1769 1642 1851 victi

225 1919 262 1990 et
292 1907 488 2016 intercepti
518 1917 632 2014 sunt,
664 1906 860 2015 captivatis
892 1903 1016 1988 tribus
1038 1901 1174 2014 legatis
1197 1927 1242 1984 ao
1264 1901 1416 1984 duobus
1442 1913 1480 1984 et
1507 1902 1642 2012 viginti

225 2039 360 2150 galeis.

310 2255 423 2335 (Edidit
437 2253 740 2330 Murr.Pan1s‚Hr‘et.
751 2253 822 2334 maj.
834 2247 969 2333 duplos„
979 2249 1018 2311 ad
1031 2265 1101 2310 ann.
1116 2257 1204 2323 tati,
1216 2265 1246 2327 p.
1261 2249 1413 2328 ³81‚edit.
1428 2251 1642 2328 rotaintegra

345 2356 1640 2441 ibilegiturepistolc,deflcientibusnotischronologicisquaesuppieuturexcod.Mus.

344 2469 418 2530 Brit.
434 2469 518 2529 llari.
538 2477 573 2529 n⁰
589 2476 658 2528 ³25.
674 2466 762 2528 Edita
775 2482 893 2543 quoque
907 2481 957 2542 ap.
973 2464 1053 2525 Patr.
1070 2461 1105 2523 de
1120 2463 1308 2542 Vtu.1t'pirt.,
1324 2462 1375 2522 lib.
1394 2463 1424 2536 1,
1438 2479 1504 2541 cap.
1521 2463 1575 2536 lli,
1590 2464 1642 2525 sed

344 2591 405 2634 non
421 2575 517 2635 multo
537 2575 604 2651 plus
617 2590 706 2651 quam
720 2572 843 2633 dimidia
860 2579 890 2632 et
908 2571 956 2632 his
969 2569 1068 2630 verbis
1079 2571 1242 2646 incipiens:
1260 2569 1333 2630 Cum
1343 2568 1384 2630 ud
1392 2567 1642 2649 depropitiationem

345 2681 437 2741 oldae
449 2679 531 2742 urbia
547 2681 686 2742 Borroaie.
700 2679 789 2740 Deest
801 2697 935 2758 quoque,
951 2685 986 2738 ut
998 2679 1087 2752 solet,
1106 2679 1221 2738 nomdo
1233 2677 1290 2737 ioci
1303 2683 1333 2736 et
1345 2681 1495 2754 temporis.
1511 2678 1572 2739 Sub
1586 2680 1642 2741 bac

343 2788 509 2866 encyclicae
524 2787 620 2848 torma
636 2786 745 2848 eisdem
764 2793 883 2848 tantum
898 2784 996 2845 verbis
1010 2786 1170 2862 incipiens,
1187 2782 1318 2843 sedeam
1332 2785 1411 2842 nobs
1428 2783 1641 2863 chronologicis

345 2893 452 2973 iegitur
466 2897 498 2954 in
511 2894 673 2954 nomana.
693 2889 793 2954 atem.
815 2887 939 2965 douai„
962 2909 1010 2970 ap.
1028 2891 1160 2966 (Enna,
1179 2896 1203 2949 t.
1219 2889 1250 2966 1,
1266 2905 1296 2966 p.
1314 2897 1384 2962 669,
1406 2896 1436 2950 et
1455 2892 1486 2949 in
1506 2888 1639 2953 Chromis.

343 2999 483 3081 Anaua,
498 3018 545 3078 ap.
559 3001 698 3078 Sanum,
711 3006 735 3059 t.
752 3001 778 3072 1,
794 3017 825 3077 p.
843 3007 913 3076 520,
928 3014 998 3059 cum
1011 2996 1196 3058 variantibus
1208 2995 1382 3057 lectionibus
1395 2996 1597 3074 quibusdam.)

272 3189 476 3263 Fredericus
494 3190 691 3284 imperator,
715 3187 789 3282 regi
805 3187 930 3280 Angiie
948 3186 1093 3258 salutem
1116 3194 1151 3256 et
1173 3183 1306 3254 sincere
1326 3182 1520 3256 dilectionis
1537 3183 1641 3256 affec-

226 3322 311 3386 tum.
330 3313 436 3385 Hilari
454 3312 635 3385 affectione
652 3311 847 3405 recepimus
867 3310 996 3382 litteras
1021 3319 1056 3382 et
1078 3309 1217 3381 nuntios
1240 3317 1373 3380 vestros
1394 3327 1482 3401 qnos
1500 3308 1546 3380 ad
1563 3329 1642 3382 uos·

225 3446 310 3508 tram
321 3437 531 3532 presentiam
543 3435 790 3526 transmisistis,
801 3443 834 3506 et
845 3444 916 3506 tam
927 3455 1047 3528 eaque
1058 3433 1514 3526 litterecontinebantquam
1525 3456 1644 3528 eaque

224 3559 328 3635 iidem
349 3561 462 3634 nuntii
486 3583 531 3633 ex
551 3569 649 3656 parte
663 3568 781 3633 vestra
799 3567 961 3632 oretenus
984 3580 1100 3632 coram
1117 3558 1217 3630 nobis
1237 3558 1433 3630 referebant
1445 3557 1645 3630 audivimus

223 3696 258 3758 et
273 3686 511 3758 intelleximus
535 3685 731 3777 diiigenter.
753 3685 798 3755 Et
813 3704 895 3756 erce
922 3681 968 3756 ad
989 3683 1126 3776 singula
1148 3705 1219 3778 que
1237 3681 1379 3756 misistis
1399 3703 1562 3778 prospere
1585 3703 1645 3778 per

224 3829 296 3898 eos,
310 3831 373 3904 per
387 3811 590 3905 magistrum
602 3811 791 3882 Walterum
809 3809 854 3882 de
863 3809 951 3882 Ocra
963 3807 1129 3882 dilectum
1145 3817 1299 3882 nostrum
1315 3808 1487 3880 notarium
1501 3830 1542 3880 ac
1555 3807 1646 3882 iide-

224 3932 292 4004 lem
308 3933 462 4028 plenarie
474 3931 739 4028 respondemus,
757 3933 814 4005 cui
828 3955 870 4006 ea
881 3953 950 4028 que
963 3931 1064 4004 vobis
1081 3939 1245 4004 oretenus
1261 3951 1307 4004 ex
1321 3939 1419 4025 parte
1432 3930 1647 4002 celsitudinis

225 4067 341 4130 nostre
360 4058 472 4150 dicet,
493 4056 732 4130 indubitanter
755 4067 920 4151 tanquam
943 4075 1090 4150 persone
1117 4065 1234 4127 nostre
1262 4053 1421 4126 credatis.
1451 4051 1513 4124 Cui
1543 4053 1647 4125 etiam

226 4181 362 4276 plenam
378 4181 611 4256 concessimus
628 4189 831 4276 potestatem
849 4178 1060 4276 procedendi
1077 4179 1114 4250 in
1127 4178 1265 4273 negotio
1285 4197 1348 4273 pro
1362 4198 1434 4270 qao
1453 4177 1564 4246 nuntii
1583 4199 1648 4247 so-

225 4305 371 4400 pradicti
390 4316 560 4378 venerunt
577 4315 613 4378 et
625 4303 825 4401 complendi
842 4303 928 4377 iilud
947 4307 1047 4397 juxta
1065 4305 1210 4377 formam
1225 4303 1291 4376 sibi
1310 4324 1331 4376 a
1347 4300 1554 4376 celsitudine
1569 4321 1648 4374 nos·

226 4437 275 4502 tra
295 4428 426 4502 datam
447 4427 503 4502 Ad
519 4429 585 4502 hoc
596 4433 681 4502 'eum
695 4429 819 4502 nostris
836 4427 1084 4523 congaudeatis
1102 4426 1322 4500 successibus
1339 4435 1377 4498 ut
1396 4427 1432 4497 in
1446 4405 1648 4498 'nostrorum

226 4551 458 4627 bumilitatem
473 4554 652 4628 rebellium
669 4551 729 4627 liat
745 4565 853 4627 terror
869 4563 903 4626 et
919 4553 1042 4626 ceteris
1058 4553 1191 4625 cautela
1206 4550 1383 4644 subjectis,
1393 4551 1548 4644 jocunda
1567 4550 1649 4623 insi.-

225 4676 390 4750 nuatione
406 4678 508 4750 vobis
526 4678 754 4752 describimus
775 4678 875 4773 quod
893 4700 972 4749 curn
990 4677 1114 4750 civitas
1131 4676 1312 4766 Faventia,
1327 4677 1401 4749 suis
1418 4675 1531 4748 diffisa
1549 4675 1649 4746 meri·

224 4797 268 4870 tis
285 4809 320 4872 et
339 4801 479 4898 propria
499 4801 690 4876 munitione
708 4800 861 4894 conlisa,
886 4799 1057 4874 beneficio
1081 4801 1243 4897 temporis
1268 4775 1427 4874 hiemalis
1443 4821 1528 4873 ausa
1548 4799 1649 4871 inerit

1697 1240 1829 1292 Faventino.

1715 1297 1741 1340 10
1749 1297 1813 1340 mati.
