4374 6010
331 636 427 696 Imm.
445 631 509 710 la]
779 627 976 692 HISTORIA
1001 623 1294 689 sustollentes.
1684 623 1743 686 9³¹1

330 767 409 842 ralis
427 767 592 854 collecta;
610 773 645 838 et
660 762 833 860 significes
848 762 950 837 nobis
966 783 1028 858 per
1040 762 1177 836 licteras
1194 768 1273 833 tuas
1287 756 1430 853 quando
1443 756 1527 830 dicti
1542 757 1667 830 milites
1682 757 1746 830 iter

331 889 494 986 arripient
506 887 684 961 veniendi.

377 1015 505 1084 Datum
524 1011 711 1102 Coronate,
729 1010 842 1084 XXIX
855 1010 1001 1107 apreIIs,
1020 1009 1098 1082 XIII
1115 1005 1324 1080 indictionis.

378 1136 517 1208 SImiles
537 1135 655 1208 lictore
675 1154 740 1228 per
760 1133 878 1208 omnia
903 1135 992 1208 lacte
1013 1141 1096 1206 sunt
1121 1131 1302 1204 Guillelmo
1321 1129 1367 1204 de
1388 1128 1545 1223 Angloue
1562 1129 1746 1222 justitiario

330 1259 443 1332 Sicilie
456 1259 543 1332 citra
557 1259 688 1330 llomen
705 1258 839 1332 Salsum
855 1277 918 1353 pro
935 1257 1103 1330 militibus
1116 1254 1310 1349 sexaginta.

377 1382 516 1455 Similes
529 1381 649 1454 lictere
661 1381 750 1454 lacte
762 1390 844 1454 suut
854 1381 1044 1474 justitiario
1057 1379 1211 1452 Calabris
1224 1399 1287 1475 pro
1302 1375 1469 1449 militibus
1481 1375 1615 1465 decem,
1632 1388 1745 1471 preter

330 1514 486 1602 copemas
503 1505 644 1580 immas.

379 1629 514 1702 Similes
531 1629 621 1702 lactc
634 1637 715 1700 sunt
724 1629 911 1720 justitiario
927 1628 1033 1702 Vallis
1048 1627 1158 1700 Gratis
1175 1635 1210 1698 et
1225 1627 1326 1700 Terre
1337 1623 1486 1699 Iordane
1502 1644 1565 1721 pro
1578 1623 1744 1697 militibus

331 1753 455 1848 viginti
473 1751 648 1846 quinque,
666 1761 799 1847 preter,
820 1761 886 1826 etc.

378 1876 514 1949 slmiles
531 1875 621 1948 lacte
640 1885 721 1948 sunt
732 1876 918 1968 justitiario
938 1875 1119 1948 Basiliuate
1134 1895 1200 1972 pro
1216 1874 1384 1947 militibus
1396 1872 1644 1968 quadragInta,
1666 1894 1743 1968 pra·

332 2009 399 2090 ter,
416 2009 483 2072 etc.

378 2122 512 2194 Similes
526 2121 712 2215 justitiario
725 2123 826 2194 Terre
842 2121 973 2194 Idronti
992 2142 1053 2216 pro
1069 2119 1234 2192 militibus
1251 2120 1409 2214 triginta,
1429 2129 1558 2216 preter,
1574 2131 1641 2194 etc.

379 2243 513 2317 Similes
529 2243 833 2338 justitiariorum
850 2243 928 2316 Bnri
943 2263 1007 2340 pro
1018 2243 1185 2316 militibus
1198 2263 1279 2334 sex,
1301 2253 1428 2338 preter,
1443 2253 1509 2317 etc.

379 2367 514 2440 Similes
528 2367 715 2460 justitiario
731 2365 923 2463 Capitinate
934 2388 997 2464 pro
1009 2367 1176 2440 militibus
1192 2367 1365 2462 quinque,
1387 2377 1521 2463 preter,
1537 2377 1603 2441 etc.

380 2491 512 2564 Similes
524 2491 711 2585 justitiario
725 2489 862 2588 Aprutii
883 2513 946 2586 pro
963 2492 1143 2564 militibus.
1174 2545 1183 2564 .
1215 2545 1224 2564 .
1256 2545 1266 2564 .
1296 2545 1323 2584 .,
1340 2501 1471 2588 preter,
1491 2501 1558 2565 etc.
1575 2487 1640 2588 (a).

380 2615 513 2689 Similes
527 2616 714 2709 justitiario
725 2618 827 2691 Terre
841 2617 984 2690 Laboris
998 2638 1062 2713 pro
1076 2617 1241 2692 militibus
1258 2619 1456 2713 sexaginta,
1474 2627 1602 2715 preter,
1622 2627 1688 2692 etc.

382 3153 603 3241 Mandatum
638 3153 689 3237 ad
722 3178 958 3263 prousorem
988 3161 1201 3238 castrorum
1238 3157 1278 3238 iu
1310 3155 1438 3241 Sicilia
1467 3159 1562 3243 citra
1595 3159 1740 3246 flumen
1822 3121 1884 3213 Μ(
1918 3200 1926 3225 ·

339 3283 480 3372 Salsum
496 3289 545 3372 de
562 3285 784 3372 necessariis
801 3287 938 3371 dandis
955 3313 1026 3398 pro
1043 3287 1256 3372 munitione
1272 3291 1386 3372 castri
1406 3291 1606 3390 Cassiliati.

407 3510 539 3592 (Itaque.
554 3510 659 3590 uapor.
678 3505 799 3572 rrae.
814 3508 855 3587 11,
869 3509 921 3572 Iol.
941 3519 998 3572 105
1017 3517 1115 3586 recto;
1132 3513 1163 3572 ln
1175 3511 1248 3574 odlt.
1264 3511 1401 3588 cumn,
1415 3530 1446 3592 p.
1462 3513 1548 3596 tot.)

373 3709 423 3782 Dc
443 3707 615 3804 a'mperiuli
640 3706 801 3780 monum
829 3709 918 3800 [octo
940 3730 1004 3802 per
1034 3709 1230 3803 mulctrum
1264 3709 1436 3783 Toddeum
1461 3714 1598 3808 scripsit
1629 3716 1670 3788 G.
1701 3717 1740 3789 de
1794 3759 1801 3774 ·

332 3825 505 3905 Cluentio:

371 3955 595 4050 Fredcricus‚
621 3965 705 4047 etc,
724 3955 873 4028 Iohanni
891 3955 1045 4030 Bulcano
1064 3955 1235 4052 provisori
1254 3967 1441 4031 castrorum
1459 3959 1496 4032 in
1518 3961 1635 4034 Sicilia
1658 3964 1741 4037 citra

320 4067 456 4152 lluman
478 4079 634 4168 Salsum,
655 4087 723 4149 eto.
753 4075 972 4168 Significavit
996 4079 1200 4152 excellentie
1221 4091 1337 4153 nostre
1358 4083 1507 4155 Iacobus
1530 4081 1576 4156 de
1597 4085 1741 4159 Lentino

316 4189 438 4278 fidelis
453 4211 571 4275 noster
583 4200 679 4296 quod
698 4221 760 4296 pro
775 4200 970 4273 munitione
987 4202 1091 4274 castri
1110 4203 1216 4275 nostri
1229 4203 1396 4277 Carsiliuti
1410 4205 1506 4301 quod
1522 4215 1574 4280 est
1586 4209 1742 4282 custodie

312 4335 385 4399 soe
403 4325 645 4416 commissum,
666 4323 861 4397 necessaria
873 4326 979 4417 juxta
998 4333 1165 4398 statutum
1182 4327 1283 4400 castri
1299 4328 1396 4422 quod
1411 4329 1516 4404 habet
1529 4329 1656 4404 babere
1669 4353 1741 4404 non

314 4457 449 4537 potest.
465 4448 580 4534 Quare
596 4445 806 4522 mandamus
822 4455 995 4542 quatenus
1011 4449 1041 4522 si
1067 4457 1120 4521 est
1143 4449 1209 4542 ita,
1228 4451 1331 4542 juxta
1346 4461 1510 4527 statutum
1529 4453 1630 4528 castri
1645 4455 1743 4548 quod

313 4559 445 4681 babet,
463 4571 578 4646 eidem
595 4591 657 4668 pru
677 4569 832 4666 personis
848 4571 884 4641 in
902 4579 1014 4644 castro
1032 4571 1106 4668 ipso
1122 4575 1259 4647 statutis
1281 4577 1474 4651 necessarIa
1492 4575 1621 4652 debeas
1640 4577 1742 4651 exhi·

365 4733 408 4818 (o)
427 4736 989 4816 Dcostlatutllnprlorlbusmandatls.
1124 4821 1146 4832 Α.
