4524 6012
504 657 565 720 672
1004 661 1220 722 satuentes
1245 661 1418 722 saeuum
1723 663 1804 741 [asu.
1823 663 1907 728 12⁴0.

553 795 600 864 lle
627 793 795 886 imperiali
824 793 982 865 merloto
1013 798 1103 885 [octo
1135 817 1198 888 per
1234 797 1402 868 dominam
1429 793 1579 867 Iiuoucm
1618 797 1658 868 dc
1695 799 1910 870 Trenteraorio

504 918 637 1008 scripsit
651 918 856 986 Laurentius
872 943 883 986 :

552 1038 768 1126 fredericus,
791 1047 874 1125 ete,
898 1040 1066 1132 lloggerio
1090 1041 1136 1113 de
1166 1039 1296 1112 Amicis
1318 1039 1502 1130 justitiario
1521 1040 1634 1112 Sicilie
1663 1041 1751 1114 ultra
1781 1042 1907 1115 ilnmen

503 1163 653 1253 Sauum,
672 1173 738 1234 etc.
759 1162 843 1234 Cum
862 1161 945 1234 boni
963 1163 1047 1234 muli
1063 1164 1133 1234 siut
1146 1172 1261 1236 nostre
1279 1163 1375 1234 curie
1392 1163 1571 1260 oportuni,
1590 1161 1747 1236 fidelitati
1758 1173 1818 1237 tue
1831 1187 1908 1260 pre·

503 1285 664 1380 cipiendo
689 1285 895 1358 mandamus
918 1295 1088 1378 quatenus
1105 1287 1251 1380 receptis
1269 1286 1334 1378 hys
1352 1286 1488 1360 iicteris'
1505 1287 1661 1360 invenire
1678 1287 1818 1360 studeas
1842 1297 1909 1360 tres

501 1410 614 1481 mulos
637 1410 693 1480 vel
709 1409 820 1480 mulas
839 1407 885 1479 ad
905 1409 1043 1498 sellam,
1064 1409 1153 1480 bene
1168 1429 1289 1499 sanos,
1304 1409 1471 1500 juvenes,
1488 1419 1522 1480 et
1541 1410 1771 1500 ambulantes,
1791 1432 1833 1484 ac
1848 1431 1907 1484 eos
2018 1493 2020 1498 ,

500 1532 574 1602 sine
596 1551 692 1603 mora
710 1552 772 1625 per
793 1529 975 1624 specialem
998 1539 1096 1601 tuum
1120 1531 1279 1603 nuntium
1299 1531 1344 1604 ad
1367 1532 1574 1627 presentiam
1596 1542 1745 1608 nostram
1767 1534 1904 1622 mistas,

501 1655 585 1727 tales
598 1655 765 1726 missurus
781 1652 876 1746 quod
891 1655 926 1722 iu
941 1653 991 1723 eis
1006 1663 1105 1724 tuum
1124 1652 1278 1724 studium
1295 1653 1587 1727 commendemus.

547 1777 670 1849 Datum
689 1775 783 1870 apud
797 1775 969 1866 Aretium,
989 1775 1049 1847 llll
1062 1777 1228 1868 januarii,
1245 1777 1322 1848 Xlll
1340 1775 1549 1849 indictionis.

547 1899 682 1971 Similes
694 1899 830 1994 scripsit
843 1897 883 1968 G.
902 1897 947 1970 de
960 1897 1117 1991 Anglone
1128 1899 1311 1990 justitiario
1326 1898 1440 1972 Sicilie
1458 1901 1541 1973 citra
1557 1900 1684 1973 flumen
1698 1901 1831 1974 &hum
1845 1923 1905 1995 pro

498 2021 600 2095 mulis
614 2023 687 2093 llll.

546 2145 684 2218 Similes
701 2151 832 2216 secreto
846 2143 1000 2216 Messene
1014 2165 1076 2238 pro
1092 2145 1195 2216 mulis
1212 2145 1270 2216 lil.

546 2267 680 2339 Similes
693 2265 735 2336 G.
750 2265 795 2337 de
809 2267 1059 2339 Monteiusoulo
1073 2267 1257 2359 justitiario
1270 2267 1425 2340 Calabria
1442 2290 1504 2363 pru
1521 2269 1623 2342 mulis
1634 2269 1690 2342 lli.

545 2389 680 2462 Similes
694 2389 881 2480 justitiario
898 2389 1076 2462 Basilicate
1093 2411 1155 2486 pro
1170 2390 1272 2461 mulis
1287 2391 1328 2462 ll.

544 2511 678 2584 Similes
692 2512 876 2603 justitiario
890 2521 980 2584 terre
994 2511 1123 2583 idronti
1141 2531 1204 2605 pro
1218 2511 1320 2582 mulis
1336 2513 1408 2584 llll.

544 2633 679 2706 Similes
695 2633 880 2724 justitiario
898 2641 986 2706 terre
996 2633 1074 2706 Bari
1091 2654 1154 2727 pro
1172 2633 1274 2706 mulis
1290 2634 1348 2706 lll.

543 2754 678 2827 Similae
691 2754 875 2846 justitiario
890 2754 1080 2848 Capitinate
1095 2775 1159 2849 pro
1176 2756 1278 2827 mulis
1294 2755 1352 2827 lll.

543 2877 676 2950 Similes
690 2877 879 2969 justitiario
892 2877 1106 2973 Principatus
1122 2897 1185 2972 pro
1202 2878 1305 2950 mulis
1320 2879 1362 2949 ll.

542 3001 678 3073 Similes
694 3001 879 3093 justitiario
893 3002 995 3073 Terre
1009 3001 1147 3072 Laboris
1167 3021 1230 3095 pro
1245 3000 1348 3072 mulis
1364 3001 1422 3074 lll.

542 3123 680 3196 Similes
691 3123 877 3215 justitiario
890 3123 1026 3219 Aprutii
1043 3145 1105 3218 pro
1119 3124 1221 3196 mulis
1233 3124 1274 3196 ll.

350 3715 373 3747 κ
406 3730 444 3801 ν,
545 3686 767 3772 illaudatum
789 3685 840 3768 ad
861 3685 1140 3794 Alexandrum,
1164 3687 1287 3770 filium
1308 3685 1476 3790 Raurici,
1501 3693 1544 3768 ut
1572 3682 1826 3768 Camilerario
1852 3683 1900 3764 de

491 3819 607 3926 Papia
639 3818 835 3903 falconum
866 3821 994 3902 euriae
1019 3821 1169 3904 custodi
1197 3845 1382 3928 expensas
1408 3817 1606 3920 exhibeat,
1635 3815 1733 3898 sicut
1757 3813 1898 3898 olima

490 3948 694 4034 Thomesio
722 3951 770 4033 de
787 3951 1003 4036 Brundusio
1020 3952 1122 4034 idem
1142 3950 1419 4036 darnileuariue
1436 3947 1651 4057 recipiebat.

571 4173 695 4256 (Repeti.
711 4176 815 4255 imper.
830 4172 949 4236 meda.
967 4175 1008 4250 11,
1023 4173 1074 4236 iol.
1089 4185 1126 4236 tt
1141 4177 1289 4250 verso31n
1301 4174 1372 4236 odit.
1388 4173 1511 4236 Cascam
1517 4215 1526 4250 ,
1540 4189 1569 4250 p.
1587 4171 1671 4250 tlt.)

538 4370 585 4439 ilc
601 4371 770 4464 imperiali
787 4369 942 4442 maome
964 4373 1051 4462 sacto
1063 4391 1127 4464 per
1141 4371 1336 4462 mapistrum
1356 4369 1397 4440 ll.
1418 4367 1458 4439 de
1478 4367 1623 4460 Trojecto
1638 4363 1772 4458 scripsit
1792 4358 1834 4434 G.
1857 4361 1897 4430 dc

490 4491 670 4564 Cuscnit'a:

539 4617 756 4704 Fredericus,
775 4626 857 4710 etc,
876 4615 1074 4689 Alexandro
1093 4614 1164 4687 filio
1177 4613 1331 4702 Henrici,
1350 4623 1416 4685 etc.
1434 4609 1648 4706 Significavit
1663 4608 1764 4682 nobis
1778 4605 1895 4679 Carni·
1953 4709 1955 4720 Ι

488 4741 640 4812 levarius
658 4740 703 4813 de
718 4741 843 4836 Papia,
860 4738 972 4814 fidelis
989 4749 1124 4829 noster,
1147 4737 1242 4832 quod
1262 4757 1342 4810 cum
1366 4736 1592 4809 demandato
1614 4741 1729 4807 nostro
1747 4732 1895 4804 ialoones
