4384 6004
506 609 584 671 1062
1000 609 1216 669 FlllllElllCl
1243 609 1419 672 securint
1724 611 1805 689 [Arra.
1823 609 1916 672 1240.

504 743 756 838 quinquaginta
769 752 900 838 septem
919 741 1060 837 promisi
1075 741 1322 816 mercatoribus
1336 764 1399 840 pro
1415 742 1541 815 salario
1553 763 1690 834 eorum,
1709 742 1919 838 computatis

504 865 579 938 istis
595 865 688 936 mille
708 865 832 937 marcis
855 886 943 958 quas
958 865 1088 959 recepi;
1107 873 1142 936 et
1159 875 1363 940 mercatores
1379 875 1538 939 tenentur
1552 864 1635 937 dare
1651 865 1762 938 lanne
1782 865 1918 936 nuntiis

505 987 626 1060 vestris
638 987 727 1059 inira
738 1008 891 1059 mensem
901 996 978 1082 post
989 967 1219 1081 r'eoeptionem
1231 987 1266 1059 in
1278 989 1419 1061 Francia
1430 989 1502 1061 dno
1513 987 1606 1060 milia
1620 1008 1815 1060 marcarum
1827 987 1919 1060 etad

504 1111 610 1183 alium
624 1132 776 1182 mensem
789 1111 857 1182 alia
873 1110 944 1183 dno
959 1111 1053 1183 milia
1068 1131 1279 1200 marcarum
1296 1121 1331 1185 et
1344 1113 1373 1184 si
1392 1113 1457 1184 ista
1475 1111 1621 1206 pecnnia
1639 1110 1685 1183 ad
1698 1111 1793 1183 istud
1810 1132 1917 1204 nego·

505 1235 591 1305 tium
606 1255 675 1306 non
693 1233 757 1305 erit
770 1241 844 1306 tota
863 1233 1070 1322 necessaria,
1091 1232 1291 1308 deresiduo
1306 1234 1365 1308 fiet
1380 1234 1476 1328 qn'od
1494 1220 1662 1329 placuerit
1681 1233 1797 1306 vobis
1811 1211 1918 1306 Pacta

505 1358 593 1429 lacta
616 1377 722 1450 snper
743 1355 884 1450 negotio
905 1341 1112 1450 supradicto⁴
1124 1357 1294 1430 sanctitati
1316 1365 1432 1430 vestre
1454 1357 1551 1428 mitto
1572 1357 1789 1451 presentibus
1810 1357 1917 1428 inter-

505 1481 610 1552 clusa.
631 1478 686 1550 Ad
701 1479 767 1552 boc
786 1501 848 1575 pro
867 1499 1010 1550 munere
1026 1478 1130 1550 totius
1152 1480 1284 1552 servitii
1303 1481 1401 1574 qnod
1421 1475 1521 1552 robis
1544 1488 1579 1551 et
1595 1471 1748 1551 Ecclesia
1761 1480 1919 1552 Romane

506 1603 583 1693 ieci,
604 1603 768 1674 instanter
786 1613 866 1696 peto
882 1610 916 1674 ct
934 1600 1064 1673 obnixe
1080 1601 1232 1695 deposco
1247 1611 1287 1674 ut
1306 1603 1391 1676 mibi
1405 1601 1533 1676 nolenti
1550 1601 1646 1695 apud
1663 1603 1810 1676 Jannam
1828 1601 1917 1685 ulte:

505 1725 578 1797 rius
600 1725 824 1817 commorari,
848 1723 1018 1797 redeundi
1042 1724 1213 1797 licentiam
1239 1726 1382 1798 tribuas.
1411 1725 1574 1798 Habeatis
1600 1723 1916 1798 recommendatum

505 1848 707 1942 magistrum
725 1849 862 1920 Petrum
881 1847 925 1920 de
941 1847 1113 1920 Guarcino
1129 1869 1233 1941 super
1244 1849 1394 1936 ecclesia
1406 1848 1520 1922 Sancti
1537 1847 1626 1919 Sixti
1644 1847 1838 1938 leunensis,
1855 1867 1917 1940 pro

505 1992 576 2064 quo
591 1971 690 2043 vobis
708 1971 774 2042 alia
791 1972 868 2042 vice
881 1971 1087 2066 supplicavi.

553 2095 678 2165 Datum
694 2094 824 2183 lanne,
839 2093 869 2165 V
886 2092 967 2165 idus
979 2092 1182 2166 decembris.

555 2218 754 2309 Sequuntur
770 2216 902 2287 litterae
914 2216 1157 2288 testimoniales
1174 2215 1425 2312 archiepiscopi
1438 2215 1634 2306 lanuensis,
1646 2215 1781 2288 abbatis
1798 2215 1916 2288 Sancti

507 2338 669 2434 Stephani
683 2337 878 2429 lanuensis,
896 2337 1079 2433 praepositi
1092 2340 1238 2412 Sanctae
1249 2339 1377 2412 Mariae
1390 2339 1434 2412 de
1443 2339 1574 2432 Vineis,
1587 2338 1700 2410 fratris
1713 2336 1834 2430 Algisii
1848 2339 1915 2410 fra·

507 2473 598 2534 trum
613 2458 891 2556 praedicatorum
906 2483 1013 2556 super
1025 2471 1193 2555 apparatu
1210 2462 1352 2556 navigii.

1188 2743 1235 2814 ll.

556 2949 594 3020 ln
611 2946 733 3020 Christi
758 2944 899 3018 nomine
915 2965 1030 3017 amon.
1051 2933 1136 3016 Cum
1158 2944 1318 3018 dominus
1338 2945 1522 3040 Gregorius
1538 2943 1583 3018 do
1600 2901 1767 3017 vllomania
1783 2953 1917 3038 aposto-

508 3072 573 3144 lice
596 3069 689 3142 sedis
710 3071 844 3160 legatos
864 3088 927 3163 pro
945 3067 1086 3139 domino
1110 3088 1225 3162 papa,
1241 3089 1288 3140 ex
1306 3068 1449 3162 speciali
1471 3067 1634 3140 mandato
1658 3066 1790 3139 domini
1812 3087 1915 3160 pape,

508 3193 660 3288 petiisset
678 3213 698 3263 a
722 3190 966 3263 communitate
985 3191 1147 3262 lennensi
1170 3199 1341 3284 qnatenus
1363 3191 1558 3299 eidem‘pm
1584 3188 1724 3263 domino
1747 3210 1835 3284 papa
1855 3209 1917 3260 sen

508 3315 583 3388 aliis
606 3314 735 3385 nuntiis
754 3312 884 3384 domini
906 3333 995 3406 pape
1020 3312 1186 3407 expensis
1203 3313 1360 3405 ejusdem
1378 3313 1581 3386 concederet
1596 3313 1713 3406 galeas
1735 3321 1770 3384 et
1791 3310 1919 3384 taridas

509 3446 656 3510 armatas
673 3456 737 3530 pro
755 3433 994 3506 conducendis
1016 3443 1051 3506 et
1071 3434 1278 3508 reducendis
1293 3437 1435 3530 prelatis
1451 3436 1673 3510 ecclesiarum
1689 3443 1724 3506 et
1746 3435 1822 3507 aliis
1842 3455 1918 3528 per-

509 3559 604 3633 sonis
623 3559 669 3632 ad
690 3558 850 3650 generale
866 3556 1049 3630 concilium
1070 3579 1132 3652 per
1156 3559 1271 3653 ipsum
1295 3581 1473 3631 snmmnm
1488 3557 1684 3654 pontificem
1704 3556 1915 3646 laciendum,

510 3681 624 3756 dictus
646 3681 809 3753 dominns
832 3680 965 3771 legatus
981 3680 1122 3752 nomine
1144 3690 1180 3754 et
1199 3681 1277 3755 vioe
1302 3683 1412 3778 ipsius
1435 3683 1564 3755 summi
1582 3679 1755 3777 pontificis
1778 3702 1825 3752 ex
1847 3701 1917 3752 una

510 3813 606 3902 parte
632 3812 668 3876 et
693 3803 860 3876 Henricns
878 3801 977 3888 ,fitius
1000 3802 1177 3897 quondam
1200 3805 1369 3877 Gnillelmi
1390 3804 1542 3896 Iudicis,
1558 3803 1714 3876 anneus
1729 3803 1918 3876 communis

509 3928 710 4018 leunensis,
736 3925 872 3999 adhoc
897 3926 1088 4020 specialiter
1108 3927 1315 4000 constitutos
1341 3949 1403 4024 per
1422 3937 1624 4024 potestatem
1651 3936 1686 4000 et
1711 3925 1917 3999 consiliarios

510 4053 699 4124 lerinenses
719 4055 858 4121 vocatos
874 4056 909 4121 et
928 4057 1152 4144 congregatos
1167 4049 1214 4123 ad
1230 4050 1346 4144 ipsum
1363 4051 1546 4124 consilium
1565 4071 1627 4146 per
1648 4071 1754 4122 cornu
1775 4059 1810 4121 et
1829 4069 1918 4121 oam-

510 4196 638 4270 panam
654 4193 751 4245 more
764 4172 876 4264 solito,
900 4193 1035 4245 necnon
1059 4183 1094 4246 et
1116 4174 1182 4267 ipsi
1200 4175 1384 4247 consiliarii
1400 4195 1448 4246 ex
1463 4175 1544 4266 alia,
1565 4173 1655 4246 inter
1669 4195 1709 4246 se
1721 4193 1825 4267 snper
1841 4193 1917 4267 pre·

512 4296 613 4370 dictis
634 4294 743 4388 galeis
767 4303 801 4366 et
825 4293 946 4366 taridis
973 4303 1008 4366 et
1033 4295 1253 4368 armamentis
1278 4317 1398 4369 earum
1428 4295 1659 4370 concedendis
1683 4295 1750 4391 ipsi
1778 4294 1941 4368 domino,

511 4439 601 4515 pape
621 4418 679 4490 vel
699 4416 774 4508 ejus
792 4415 922 4488 nuntiis
940 4437 1003 4489 seu
1018 4417 1140 4490 nuntio
1153 4419 1264 4492 taliter
1278 4427 1540 4492 convenerunt:
1562 4417 1724 4492 videlicet
1743 4417 1828 4512 qnia
1842 4415 1920 4489 dio-

512 4552 568 4612 tos
596 4537 751 4612 sindicus
773 4559 838 4634 pro
865 4537 940 4633 ipso
969 4540 1145 4613 communi
1171 4542 1328 4637 promisit
1352 4542 1419 4638 ipsi
1446 4543 1558 4634 legato
1579 4541 1757 4636 recipienti
1782 4539 1920 4612 nomine

512 4661 638 4736 summi
654 4660 828 4757 pontificis
849 4661 1038 4736 conmdere
1060 4671 1095 4736 et
1117 4673 1270 4759 prostare
1292 4665 1358 4760 ipsi
1379 4665 1520 4739 domino
1539 4685 1628 4760 pape
1649 4685 1711 4737 sen
1732 4663 1808 4756 ejus
1828 4683 1921 4735 nnn·
