4384 6004
534 609 611 674 1090
644 664 647 670 .
1031 608 1245 670 emesam!
1264 608 1440 670 sscitant
1754 610 1835 688 [dn.
1854 611 1943 674 1241.

530 744 646 816 banno
663 742 798 838 imperii
815 741 957 814 tirmiter
971 743 1191 836 injungentes
1203 743 1367 836 quatinus
1382 764 1503 817 omnes
1520 743 1688 838 prelatos,
1712 744 1946 840 archiepisco·

531 888 610 962 pos,
632 867 826 960 episcopos,
848 865 990 939 abbates
1007 877 1112 960 atque
1129 867 1260 960 priores
1280 875 1315 938 et
1333 865 1516 958 cujuslibet
1534 867 1667 939 ordinis
1681 867 1871 963 prepositos
1884 879 1946 941 aut

530 991 704 1063 ministros
723 1011 786 1085 per
800 1010 867 1062 vos
890 990 999 1062 ituros
1021 989 1067 1062 ad
1088 991 1276 1062 llomanam
1290 989 1422 1062 curiam
1441 999 1675 1082 transeuntes,
1695 1012 1758 1062 seu
1782 992 1869 1063 mari
1887 992 1945 1065 vel

530 1125 618 1186 terra
641 1113 802 1208 privatim
819 1113 875 1184 vel
892 1113 1032 1208 publice
1051 1113 1197 1188 transire
1221 1113 1411 1204 voluerint,
1430 1113 1466 1183 in
1482 1114 1638 1210 personis
1654 1121 1689 1186 et
1705 1113 1812 1186 rebus
1830 1114 1945 1210 impe-

531 1237 623 1328 dire,
650 1236 845 1310 disturbare
860 1245 894 1310 et
919 1236 1074 1309 detinere
1095 1236 1211 1309 modis
1232 1235 1394 1308 omnibus
1418 1237 1628 1330 procuretis,
1655 1236 1854 1332 passagium
1874 1247 1943 1309 tam

531 1382 593 1456 per
610 1381 706 1432 mare
722 1382 827 1456 quam
841 1371 965 1432 terram
980 1361 1032 1433 eis
1044 1360 1182 1454 penitus
1197 1360 1426 1450 denegantem
1443 1358 1646 1432 mandatum
1658 1369 1818 1447 nostrum
1832 1360 1944 1432 taliter

531 1482 702 1578 impleturi
718 1493 758 1554 ut
770 1481 970 1555 fidelitatem
980 1492 1130 1556 vestram
1143 1481 1189 1555 ad
1207 1504 1270 1554 nos
1283 1493 1317 1555 et
1332 1481 1517 1576 imperinm
1531 1481 1685 1554 habitam
1706 1503 1765 1577 per
1779 1481 1943 1555 obedian-

530 1607 614 1679 tiem
626 1607 780 1679 debitam
796 1616 832 1680 et
846 1606 1034 1679 efficaciam
1048 1606 1163 1702 operis
1178 1603 1369 1678 ostendatis
1382 1615 1418 1678 et
1428 1606 1463 1676 iu
1479 1605 1607 1678 dictam
1621 1625 1746 1700 penam
1757 1625 1822 1678 vos
1836 1606 1943 1678 incur·

531 1752 607 1804 rere
620 1751 690 1804 non
709 1731 902 1824 contingat,
921 1753 1002 1802 cum
1018 1730 1148 1804 offendi
1168 1731 1204 1802 in
1226 1731 1342 1825 aliquo
1357 1732 1496 1824 gravius
1510 1751 1579 1803 non
1594 1751 1773 1824 possemus
1789 1751 1897 1824 quam
1913 1731 1941 1802 si

531 1851 695 1949 predictis
709 1853 845 1948 prelatis
859 1853 1107 1926 concederetur
1119 1853 1235 1926 aditus
1250 1854 1388 1950 publice
1400 1855 1457 1926 vel
1471 1855 1643 1950 privatim,
1664 1864 1700 1926 et
1715 1853 1850 1927 nullum
1867 1875 1942 1946 gra·

533 1975 602 2049 tius
616 1976 821 2070 obsequium
843 1975 1049 2050 meditemur
1070 1998 1176 2070 quam
1198 1975 1363 2052 silideles
1388 1977 1496 2049 nostri
1518 1976 1641 2050 honori
1658 1985 1776 2049 nostro
1793 1985 1829 2048 et
1841 1977 1943 2049 statui

534 2121 599 2172 suo
618 2098 824 2194 provideant
837 2099 883 2172 ad
902 2101 1029 2172 lutura.
1050 2101 1178 2172 Verum
1195 2101 1225 2172 si
1240 2108 1337 2172 tanta
1347 2100 1433 2172 leret
1449 2099 1620 2172 temeritas
1632 2097 1943 2194 prelatorumquod

533 2223 699 2298 adversus
715 2223 917 2295 mandatnm
936 2232 1090 2295 nostrum
1108 2233 1143 2294 et
1158 2223 1423 2318 prohibitionem
1443 2231 1594 2294 nostram
1612 2243 1674 2317 per
1696 2243 1791 2296 mare
1805 2223 1863 2296 vel
1885 2243 1944 2318 per

534 2355 659 2420 terram
675 2347 837 2441 privatim
851 2346 909 2418 vel
927 2346 1062 2440 publice
1078 2347 1143 2418 iter
1160 2346 1206 2419 ad
1221 2347 1410 2418 llomanam
1428 2345 1558 2418 curiam
1575 2345 1741 2419 veniendi
1760 2355 1940 2436 tentarent,

533 2491 652 2544 eorum
668 2469 942 2564 malignitatibus
958 2479 1176 2542 occurrentes
1195 2469 1413 2541 manifestum
1432 2467 1716 2562 impedimentum
1731 2469 1863 2542 itineris
1877 2489 1945 2564 op-

533 2593 680 2688 ponatis.
698 2593 926 2666 Conoedimus
938 2592 1141 2666 enimvobis
1153 2593 1339 2687 plenariam
1355 2600 1558 2688 potestatem
1573 2591 1734 2686 capiendi
1748 2613 1807 2664 eos
1822 2593 1857 2664 in
1871 2613 1943 2686 per·

535 2717 629 2790 sonis
646 2726 682 2790 et
707 2717 830 2808 rebus,
851 2727 887 2788 et
911 2717 1028 2789 omnia
1044 2738 1114 2811 que
1131 2717 1273 2812 capietis
1290 2716 1335 2788 de
1353 2716 1475 2807 rebus,
1497 2715 1596 2810 equis
1612 2725 1647 2787 et
1667 2717 1944 2809 quibuscumque

533 2841 638 2914 rebus
657 2861 794 2928 eorum,
817 2841 941 2912 vestris
964 2839 1086 2912 usibus
1104 2848 1139 2912 et
1161 2838 1427 2934 proprietatibus
1443 2839 1674 2934 applicamus,
1696 2837 1859 2912 videlicet
1875 2853 1944 2914 mm

534 2965 706 3038 universis
727 2965 933 3058 generaliter
951 2987 1056 3058 quam
1075 2963 1221 3058 singulis
1245 2964 1439 3058 specialiter
1454 2963 1515 3057 qui
1536 2962 1583 3036 ad
1608 2961 1895 3057 impedimentum
1911 2973 1946 3036 et

432 3170 435 3178 Ι
533 3087 723 3182 captionem
740 3109 861 3160 eorum
879 3097 914 3159 et
936 3109 1049 3160 rerum
1077 3109 1217 3158 suarum
1238 3089 1342 3180 juxta
1360 3086 1564 3159 mandatum
1587 3093 1743 3158 nostrum
1763 3107 1944 3181 processe-

532 3211 606 3282 ritis
624 3209 770 3284 fideliter
790 3219 824 3283 et
843 3211 983 3301 devote,
1005 3219 1116 3306 preter
1135 3209 1344 3304 condignam
1366 3210 1677 3282 remunerationem
1700 3231 1806 3303 quam
1824 3211 1945 3282 vestris

532 3333 662 3406 meritis
680 3355 911 3406 reservamus.
936 3337 1048 3429 Super
1070 3333 1198 3428 quibus
1222 3333 1386 3405 omnibus
1412 3343 1483 3404 tam
1505 3329 1678 3404 laudabile
1703 3331 1944 3406 sollicitudinis

535 3465 647 3528 vestre
668 3455 880 3552 perhibeatis
902 3478 1016 3529 coram
1042 3456 1143 3529 nobis
1160 3455 1393 3529 testimonium
1408 3464 1444 3527 et
1458 3454 1637 3544 ellectum,
1660 3461 1699 3524 ut
1718 3463 1834 3526 vestro
1854 3453 1944 3526 bona

533 3579 637 3651 statui
667 3589 701 3652 et
726 3581 874 3676 publicis
900 3579 1090 3653 honoribus
1112 3581 1276 3672 majorem
1303 3576 1547 3651 beneficiorum
1577 3575 1848 3651 munificentiam
1875 3577 1944 3652 de-

533 3703 691 3776 beamus.

747 3897 1102 3910 mun-nunn—-u-
1109 3899 1161 3906 ⁴..-
1167 3899 1173 3905 -
1180 3898 1271 3908 ..ι-ιιι...-
1276 3897 1464 3906 --0———1-...vn-
1471 3897 1578 3905 —-.-....--.
1584 3898 1589 3906 .
1595 3898 1622 3904 ..-
1628 3895 1725 3906 ...u-t·—

356 4167 397 4225 ffl
442 4181 483 4266 ,ᾖ
588 4151 820 4259 Friderious,
840 4151 1101 4235 Romanorum
1123 4149 1343 4258 imperator,
1363 4146 1493 4231 scribit
1513 4148 1709 4258 magistris
1732 4146 1944 4256 portalanis

535 4285 584 4369 de
607 4285 801 4368 armandis
822 4283 973 4368 resellis
1001 4283 1041 4365 in
1068 4307 1187 4393 regno
1212 4291 1344 4364 conae
1365 4281 1570 4364 anuenses
1597 4290 1634 4363 et
1657 4280 1821 4388 piratas,
1848 4302 1946 4389 quae

534 4443 603 4528 per
621 4418 852 4500 maritimam
874 4417 923 4499 ad
942 4417 1180 4499 securitatem
1197 4413 1369 4497 fidelium
1386 4413 1564 4497 continue
1581 4414 1810 4496 dissonant.

617 4607 714 4687 (Edlt.
729 4623 778 4684 ap.
794 4605 877 4667 Patri
890 4602 925 4665 dc
943 4603 1009 4664 llic.
1024 4605 1134 4685 spire,
1150 4603 1203 4667 llb.
1218 4603 1261 4682 11,
1270 4619 1336 4682 asp.
1351 4601 1498 4678 XXXVI;
1513 4601 1582 4665 coll.
1597 4603 1739 4664 cumeod.
1755 4600 1829 4663 Blbl.
1842 4601 1942 4664 Cesar.

655 4715 763 4790 Perle,
771 4710 864 4794 seoda
876 4712 1082 4792 Noas-Dante,
1097 4721 1130 4773 n·
1138 4710 1226 4791 2⁰2.)
