4358 5996
532 691 593 754 966
1031 691 1245 754 intonato!
1270 691 1447 756 SECUNDl
1754 693 1835 773 [aar.
1853 695 1943 756 lato.

532 827 623 900 saria
639 836 674 901 et
692 828 868 902 moderate
883 849 972 923 quas
988 828 1072 902 lacis
1095 849 1158 923 pro
1177 828 1331 916 nunciis,
1349 839 1389 902 ot
1408 840 1460 902 est
1478 828 1631 918 dictum,
1647 829 1683 900 in
1705 828 1776 902 tuis
1795 829 1945 904 debeant

534 951 718 1025 ratiociniis
736 953 940 1050 computari.

580 1077 722 1166 Datum,
742 1085 808 1150 eto.

582 1266 705 1337 Eodem
730 1265 785 1336 die
809 1266 855 1337 od
869 1265 1045 1338 eumdem:
1062 1264 1147 1336 Com
1174 1265 1267 1336 illius
1293 1265 1420 1336 intuitu
1447 1285 1519 1360 quo
1543 1275 1773 1360 prosequente
1801 1259 1946 1340 feliciter

533 1389 688 1461 vivimus
703 1399 738 1462 et
753 1409 952 1482 regnamus,
970 1387 1123 1462 decimas
1136 1399 1319 1461 consuetas
1334 1397 1369 1462 et
1387 1386 1522 1461 debitas
1534 1389 1624 1461 siout
1639 1391 1852 1484 temporibus
1867 1393 1947 1464 ieli-

534 1511 626 1584 cinm
657 1533 778 1606 regum
810 1511 1092 1607 predecessorum
1120 1521 1314 1584 nostrorum
1341 1533 1454 1606 usque
1478 1511 1526 1586 ad
1553 1513 1618 1584 bec
1650 1513 1763 1586 leticia
1794 1523 1948 1610 tempora

534 1645 651 1708 nostra
668 1635 813 1728 singulis
828 1635 981 1708 eeclesiis
997 1633 1094 1730 ¹regni
1111 1635 1217 1708 nostri
1233 1635 1366 1728 integre
1386 1633 1461 1708 dari
1480 1645 1733 1709 consuevemnt
1750 1645 1785 1709 et
1801 1637 1945 1728 debent·
2002 1729 2005 1736 Ι

536 1759 694 1831 exbiberi
710 1759 858 1832 velimus
876 1757 1026 1850 eisdem,
1051 1757 1207 1830 fidelitati
1228 1767 1287 1831 tuo
1307 1757 1528 1854 precipiendo
1548 1759 1754 1833 mandemus
1774 1769 1948 1854 quatenns

536 1882 679 1976 singulis
694 1884 847 1956 ecclesiis
867 1885 904 1955 in
923 1883 1161 1976 jurisdictione
1178 1891 1238 1956 tua
1260 1881 1411 1955 decimas
1432 1891 1613 1956 consuetas
1622 1891 1667 1956 'et
1688 1883 1834 1972 debitas,
1857 1885 1949 1957 sicut

536 2014 688 2100 tempore
705 2007 854 2078 leticium
875 2027 997 2100 regum
1014 2005 1296 2102 predecessorum
1309 2015 1503 2079 nostrorum
1518 2029 1630 2102 usqne
1646 2005 1693 2079 ad
1709 2007 1775 2080 bec
1792 2017 1948 2103 tempora

537 2129 648 2201 felicia
663 2139 779 2202 nostra
794 2129 869 2202 dari
884 2141 1142 2203 consueverunt
1155 2128 1311 2224 pacifice,
1329 2131 1493 2202 continue
1511 2139 1546 2203 et
1560 2129 1687 2226 quiete,
1702 2130 1836 2226 integre
1851 2130 1947 2204 exbi-

536 2253 619 2325 bere
632 2273 815 2347 procures,
837 2255 935 2326 stab
951 2253 1156 2327 officialibus
1168 2253 1237 2324 tuis
1256 2253 1361 2325 iacias
1377 2253 1467 2326 sient
1484 2254 1617 2327 dictum
1630 2255 1775 2328 estsine
1792 2253 1946 2330 diminu-

537 2375 630 2449 tione
649 2376 812 2472 persolvi.

764 2622 886 2631 ——---..
895 2623 970 2630 -..-

452 2917 458 2938 ·
590 2875 813 2960 Mandatum
845 2875 894 2957 ad
921 2875 1148 2986 magistrum
1175 2875 1426 2958 camerarium
1455 2875 1651 2960 Calabriae
1675 2887 1718 2960 ut
1739 2879 1949 2986 quamdam

537 3008 720 3116 meoniae
756 3033 947 3090 summam
983 3034 1101 3118 quam
1134 3007 1299 3094 Obertus
1334 3008 1653 3094 Fallamonachus
1687 3034 1757 3118 pro
1788 3009 1948 3095 servitiis

538 3141 664 3224 curiae
682 3141 860 3249 expendit
876 3166 946 3223 nec
964 3165 987 3221 a
1003 3140 1173 3224 Johanne
1186 3141 1234 3224 de
1250 3139 1415 3223 Venafro
1432 3143 1630 3250 quondam
1647 3141 1853 3251 justitiario
1867 3142 1948 3252 jam

538 3271 718 3355 defuncto
735 3271 900 3380 recipcre
918 3271 1058 3380 potuit,
1079 3271 1201 3354 eidem
1229 3271 1370 3358 Oberto
1387 3271 1590 3382 persolvat.

619 3484 749 3566 (licceat.
763 3486 867 3566 imper.
884 3484 1000 3548 meda.
1016 3487 1061 3563 11,
1075 3485 1128 3548 lot.
1144 3494 1272 3560 trect03
1287 3490 1320 3548 ln
1332 3489 1405 3550 edit.
1417 3487 1555 3563 Curcum,
1570 3507 1601 3567 p.
1617 3489 1702 3567 tet.)

587 3677 635 3744 lte
647 3673 805 3746 marimo
817 3673 989 3770 imperiali
998 3678 1088 3768 sacto
1095 3697 1158 3770 per
1168 3677 1365 3770 mapirtram
1377 3675 1420 3748 il.
1440 3671 1494 3772 [de
1513 3671 1675 3773 Trojectc]
1686 3675 1820 3769 scripsit
1832 3675 1949 3748 Petne

540 3797 580 3869 de
599 3798 741 3890 Capua:

588 3915 804 4010 Fredericus,
822 3927 902 4010 etc,
916 3917 1065 3992 lobanni
1083 3919 1190 3993 Cioffo
1207 3921 1372 4015 magistro
1389 3919 1579 3994 camerario
1596 3917 1769 4008 Calabria,
1789 3927 1856 3991 eto.
1878 3919 1948 3990 Ex·

540 4041 656 4138 posuit
678 4041 819 4114 culmini
845 4049 961 4114 nostro
982 4043 1129 4116 Obertus
1152 4043 1452 4132 Fallamonacbus,
1480 4050 1565 4134 etc,
1588 4041 1787 4136 quodcum
1815 4041 1948 4114 dudum

541 4163 688 4239 iohanni
705 4162 750 4237 de
766 4164 913 4236 Venafro
925 4173 1009 4236 tunc
1019 4165 1203 4258 justitiario
1215 4187 1277 4260 per
1291 4173 1425 4239 nostras
1438 4165 1574 4238 lictores
1586 4163 1786 4238 dederimus
1804 4164 1840 4236 in
1859 4185 1950 4236 man·

543 4288 634 4362 datis
645 4285 925 4381 utquadraginta
938 4295 1008 4359 tres
1020 4287 1141 4360 uncias
1158 4289 1234 4360 auri
1253 4298 1288 4360 et
1302 4297 1440 4362 tarsum
1451 4287 1575 4381 viginti
1595 4285 1684 4360 dnos
1704 4297 1740 4360 et
1758 4287 1891 4360 tertiam
1906 4284 1949 4358 ad

542 4410 680 4505 pondos
695 4409 795 4502 regni
812 4411 973 4502 generale
994 4409 1040 4483 de
1063 4412 1211 4504 pecunia
1230 4411 1326 4484 come
1347 4419 1462 4484 nostre
1484 4409 1552 4482 sibi
1569 4408 1645 4482 dari
1661 4408 1822 4500 deberet,
1847 4429 1948 4505 quam

543 4533 728 4628 pecuniam
742 4530 956 4627 expenderat
971 4553 1034 4627 pro
1045 4553 1192 4628 persona
1207 4555 1289 4623 sna,
1302 4535 1346 4606 Η.
1367 4533 1512 4606 Abbatis
1529 4533 1681 4606 consolis
1699 4533 1852 4622 tunicii,
1874 4553 1950 4606 ecn-

544 4665 638 4752 terys
657 4665 693 4730 et
709 4655 915 4750 equitaturis
934 4656 1006 4728 suis
1025 4665 1060 4729 ct
1074 4676 1138 4752 pro
1159 4658 1299 4731 camelis
1320 4657 1448 4730 nostris
1464 4675 1553 4752 quos
1571 4656 1719 4730 duxerat
1743 4655 1790 4730 ad
1811 4676 1874 4729 nos
1888 4675 1950 4728 re·

545 4778 674 4854 niendc
692 4780 737 4854 de
755 4779 876 4852 Tuniei
891 4779 938 4854 ad
950 4780 1158 4876 presentiam
1179 4789 1344 4875 noscam,
1360 4782 1513 4876 prelatus
1525 4781 1698 4856 lohannes
1712 4779 1811 4878 prius
1830 4779 1867 4853 in
1884 4778 1950 4850 tata
