4358 5996
198 652 300 712 lunum.
319 642 381 727 la]
651 649 849 713 HISTORIA
877 649 1170 714 nlntoutlmclt

440 944 1395 960 mma—ffl--q———u--u-——nq-

256 1223 490 1332 Fridcrious,
516 1223 779 1310 Romanorum
808 1227 1028 1337 imperator,
1054 1226 1197 1312 Oberto
1223 1224 1518 1308 Fullamonacho
1548 1251 1616 1308 se·
1644 1229 1824 1329 *Pl‘lfflfifm

201 1368 308 1441 creto
327 1357 476 1442 Siciliae
494 1358 653 1442 mandat
681 1367 724 1442 ut
744 1359 931 1468 capellam
950 1361 1180 1445 Graecorum
1205 1359 1308 1468 apud
1330 1357 1545 1444 Messanam
1568 1359 1617 1442 ad

202 1490 428 1574 demanium
446 1491 574 1575 curiae
590 1516 765 1576 revocure
782 1491 929 1576 debeat.

289 1701 470 1784 (aaaron,
484 1703 537 1765 lol.
555 1712 612 1765 too
626 1709 721 1778 recto3
735 1703 782 1767 ct.
797 1720 902 1782 supra,
915 1721 947 1782 p.
963 1703 1047 1782 stt.)

255 1888 483 1964 Postmodum
502 1890 595 1964 enim
617 1899 749 1964 mutato
764 1891 892 1984 Majore
915 1889 961 1964 de
984 1891 1190 1964 Plancatone
1213 1890 1446 1986 scriptumest
1467 1889 1617 1964 Obberto

204 2013 471 2087 Fallamouucho
489 2014 682 2087 secundum
700 2014 857 2088 eumdem
876 2015 1046 2087 formam:

256 2137 476 2230 Fredericus,
495 2147 580 2230 etc,
603 2137 868 2212 Fallamonacho
891 2147 1022 2211 secreto
1036 2136 1163 2224 Sicilie,
1181 2145 1247 2210 eto.
1267 2138 1438 2211 Intellerit
1453 2139 1618 2212 serenitas

205 2269 324 2334 nostra
341 2261 437 2356 qnod
452 2260 603 2356 quedam
619 2262 776 2358 cappella
794 2261 979 2334 Grecorum
992 2259 1045 2356 (ut
1065 2283 1170 2354 sopra
1189 2283 1292 2354 arque
1309 2262 1548 2354 commeare,
1564 2264 1617 2336 lis

205 2385 331 2456 motos
344 2383 385 2479 :)
410 2379 472 2481 [et]
494 2383 663 2478 quioquid
691 2383 774 2458 inde
801 2383 923 2458 leceris
949 2391 984 2456 et
1011 2382 1187 2457 inveneris
1215 2387 1310 2457 curie
1335 2395 1451 2460 nostre
1478 2385 1619 2460 studeas

205 2507 381 2580 intimare.

257 2632 382 2703 Datum
397 2628 493 2725 apud
509 2627 728 2725 spicoma),
749 2630 826 2703 xv}
845 2627 969 2722 madii,
989 2629 1066 2702 Xlll
1082 2628 1291 2702 indictionis.

260 3209 489 3320 Fridericus‚
509 3211 770 3297 Romanorum
789 3213 1010 3321 imperator,
1029 3212 1139 3295 Petro
1157 3211 1205 3294 de
1225 3210 1418 3318 Castaldo,
1434 3211 1619 3322 magistro

207 3345 442 3452 procuratori
480 3345 608 3428 curiae
642 3345 727 3430 loco
758 3345 964 3428 Alexandri
998 3344 1067 3426 lilii
1112 3343 1263 3429 Henrici
1294 3349 1454 3449 statuto,
1492 3344 1619 3428 denuo

208 3477 366 3560 mandat
384 3487 427 3560 ut
448 3477 609 3562 Henrico
637 3477 785 3563 Baumo
803 3480 851 3562 de
882 3477 1045 3562 Wienna
1066 3478 1266 3562 mercatori
1288 3480 1395 3562 utos
1413 3481 1458 3581 ¹s,
1478 3477 1620 3561 salmas

207 3605 388 3692 frumenti
406 3609 592 3719 assignari
610 3609 724 3694 saciat
739 3637 810 3721 pro
827 3611 1057 3720 quietatioue
1074 3611 1213 3695 mutui.

288 3819 469 3902 (Repetam,
484 3821 536 3884 lol.
554 3831 592 3884 54
604 3840 707 3898 verso3
723 3822 770 3887 Gl.
786 3840 891 3901 supro,
907 3841 937 3902 p.
955 3822 1039 3902 677.)

253 4005 476 4100 Fredericne,
495 4019 579 4102 eto,
601 4009 640 4082 P.
664 4007 709 4082 de
725 4008 885 4083 Castuldc
902 4009 1066 4104 magistro
1084 4010 1298 4104 procuratori
1316 4010 1430 4100 curio,
1457 4020 1523 4085 eto.
1550 4013 1620 4112 No·

207 4131 298 4204 veris
311 4131 408 4227 qnod
426 4133 595 4206 Henricns
608 4135 739 4207 Bnumo
757 4132 803 4207 de
816 4133 964 4206 Wiennu
981 4143 1152 4207 mereator
1164 4133 1215 4232 (ut
1228 4157 1347 4230 aomo,
1364 4136 1473 4208 verbis
1486 4157 1620 4230 compc-

208 4263 311 4327 tooter
326 4258 600 4350 medullamque
619 4259 665 4329 od
684 4267 904 4353 preterquam
916 4257 1097 4354 Venetiae)
1115 4268 1151 4332 et
1167 4259 1282 4334 eidem
1300 4260 1499 4336 Alexandro
1516 4280 1620 4354 snper

206 4375 271 4473 hys
292 4380 450 4452 misimus
471 4381 596 4475 scriptu
616 4392 746 4454 nostra.
774 4381 945 4466 Quicum
969 4403 1011 4456 ea
1034 4403 1104 4455 non
1131 4384 1234 4457 lnen't
1259 4393 1449 4475 executus,
1477 4381 1620 4455 firmiter

207 4500 413 4575 mandamns
432 4513 605 4599 quatenns
625 4505 775 4601 presenti
797 4514 904 4578 estate
924 4505 970 4578 de
991 4527 1084 4579 novo
1103 4507 1275 4582 frumento
1291 4508 1387 4580 cnrie
1404 4517 1519 4582 nostre
1539 4528 1618 4602 pre·

241 4756 279 4828 (t)
296 4756 383 4815 loeus
393 4757 422 4815 iu
432 4757 583 4834 Principem
595 4761 683 4820 uibus
694 4761 779 4820 leucis
791 4761 941 4821 uenerem
952 4760 1068 4821 metens.
