4468 6010
551 669 611 732 ’tte
1055 673 1271 738 relnnntct
1295 676 1471 738 sncttttnt
1780 679 1861 764 [Aba.
1878 681 1963 745 12⁴0.

601 803 817 896 Fredericus‚
831 813 913 896 eto,
926 801 981 903 [ll.
994 805 1039 879 de
1050 807 1298 884 Montelusculo
1308 809 1372 910 [ol]
1380 813 1564 903 justitiario
1579 811 1781 908 Capitiuato,
1793 825 1859 888 etc.
1871 817 1965 890 Fide·

552 931 638 1004 litati
656 939 715 1004 tue
735 931 958 1027 precipiendo
980 934 1187 1008 mandamus
1204 947 1377 1032 quatenus
1397 938 1433 1011 id
1451 938 1546 1032 quod
1567 939 1629 1010 tibi
1649 941 1796 1033 presenti
1814 941 1850 1012 iu
1868 943 1962 1014 curie

550 1063 668 1128 nostra
685 1054 902 1145 injunximus
928 1056 1124 1130 laciendum
1139 1061 1185 1132 de
1202 1060 1498 1157 archipresbytero
1519 1063 1631 1136 hocce
1652 1065 1775 1134 Sancto
1792 1062 1959 1157 Agathos,

549 1179 611 1273 qui
630 1178 666 1248 in
682 1177 913 1274 prejudicium
933 1179 1073 1254 honoris
1090 1191 1125 1254 et
1142 1181 1321 1278 diguitatis
1336 1197 1451 1258 nostre
1468 1187 1566 1260 nisus
1585 1195 1637 1260 est
1658 1196 1693 1259 et
1708 1185 1824 1260 adhuc
1843 1189 1962 1262 nititur

550 1303 707 1398 optinere
725 1303 960 1399 episcopatum
981 1304 1095 1376 Biviui
1118 1329 1181 1402 per
1204 1309 1499 1404 archiepiscopum
1521 1312 1820 1406 Beneventanum,
1847 1321 1963 1388 nostro

548 1426 752 1520 inrequisito
770 1447 935 1516 assensu,
953 1449 1019 1501 uec
1035 1429 1081 1502 de
1098 1439 1214 1504 nostra
1230 1433 1320 1505 sicut
1339 1433 1573 1508 intelleximus
1593 1436 1725 1508 veritus
1750 1445 1803 1508 est
1821 1437 1962 1532 obloqui

549 1549 727 1642 majestate
748 1560 860 1646 preter
876 1553 1099 1626 temeritatem
1123 1555 1331 1651 predictam,
1348 1557 1378 1629 si
1396 1557 1551 1630 noudum
1566 1558 1742 1655 impletum
1768 1570 1839 1648 est,
1858 1540 1963 1634 facias

547 1683 582 1747 et
605 1672 815 1770 adimpleas;
836 1675 1082 1751 nichilominus
1106 1678 1142 1750 iu
1166 1681 1317 1753 lautores
1340 1681 1497 1773 ejusdem
1515 1684 1803 1781 archipresbyteri
1827 1707 1962 1780 proces·

549 1821 651 1870 surus
669 1809 773 1894 prout
788 1801 924 1892 justitia
942 1803 1050 1895 exigit
1067 1813 1102 1874 et
1119 1803 1243 1876 honori
1261 1815 1379 1878 nostro
1399 1804 1528 1880 videris
1542 1809 1722 1904 expedire.

599 1924 720 1994 Datum
738 1922 888 2018 Fuligui,
912 1925 986 1996 Vlll
1004 1926 1184 2015 lehruarii,
1200 1928 1276 2000 xltt
1294 1928 1506 2002 indictionis.

360 2505 499 2604 „lsslfflflq
601 2477 824 2576 Mandatum
844 2491 894 2574 ad
924 2492 1117 2574 Andrcum
1136 2493 1184 2576 de
1204 2493 1330 2578 Gicule
1352 2493 1592 2603 capitaneum
1610 2505 1654 2578 ut
1676 2520 1792 2604 super
1808 2495 1962 2576 dennu-

547 2626 882 2710 tiutionescoutra
906 2625 1097 2736 quosdam
1115 2625 1242 2709 curiae
1268 2626 1409 2732 lectas,
1428 2637 1543 2736 prout
1568 2627 1704 2711 honori
1726 2625 1907 2737 principis
1923 2633 1962 2708 et

543 2759 713 2868 justitiae
730 2759 907 2867 expedire
923 2758 1075 2864 viderit,
1095 2759 1287 2867 procedat.

629 2957 753 3039 (depost.
769 2959 873 3037 imper.
888 2955 1008 3019 bledo.
1027 2959 1067 3032 11,
1082 2957 1134 3019 fol.
1149 2967 1186 3018 68
1202 2977 1303 3032 verso3
1318 2962 1349 3019 lu
1363 2959 1434 3020 edit.
1450 2961 1588 3040 Cercon,
1603 2979 1632 3040 p.
1651 2959 1735 3039 842.)

595 3132 775 3204 Moodonta
796 3131 926 3203 domim
949 3132 1147 3224 imperatore
1167 3153 1227 3222 per
1248 3131 1446 3224 moqistrom
1469 3131 1671 3204 lliceardum
1696 3132 1830 3226 scripsit
1857 3130 1898 3202 R.
1921 3129 1962 3200 cle

546 3255 687 3329 Saieriw
701 3279 710 3323 :

596 3377 817 3463 Fredericus‚
839 3385 922 3463 etc,
945 3373 1083 3448 Androe
1104 3375 1149 3448 de
1163 3376 1295 3465 Cicale,
1321 3390 1387 3448 etc.
1416 3376 1707 3449 Denunciationes
1728 3375 1824 3448 curie
1847 3386 1962 3446 nostre

548 3505 654 3576 lactas
680 3510 799 3574 contra
822 3499 978 3592 judicem
1006 3499 1218 3572 Gualterium
1246 3499 1292 3573 de
1317 3501 1544 3588 Bucolauico,
1574 3499 1792 3572 Guillelmum
1815 3497 1958 3587 Raonis,
2089 3555 2094 3562 .

548 3626 715 3700 Gentilem
735 3625 780 3698 dc
795 3624 1012 3714 Bucclanioo,
1031 3624 1252 3697 Guillelmum
1268 3625 1386 3712 Bovis,
1402 3624 1580 3698 Nicolaum
1596 3623 1761 3696 Gualterii
1774 3623 1913 3696 Ursouis
1927 3630 1962 3693 et

546 3750 771 3844 Margaritum
791 3747 855 3821 tibi
870 3748 1045 3821 mictimus
1064 3748 1099 3820 iu
1118 3748 1242 3822 cedula
1258 3748 1473 3844 presentibus
1490 3748 1688 3840 interclusa,
1710 3756 1745 3820 et
1758 3747 1887 3820 similes
1899 3767 1962 3840 per

546 3875 663 3948 omnia
678 3875 714 3945 iu
735 3881 852 3946 nostra
877 3894 1013 3946 camera
1037 3872 1182 3946 iacimus
1210 3872 1389 3945 reservari.
1410 3873 1453 3944 Et
1469 3871 1552 3968 quia
1577 3893 1681 3968 super
1704 3870 1866 3944 omnihus
1891 3889 1961 3965 que

546 3999 670 4072 cedula
687 3989 762 4092 ipsa
780 3997 934 4069 continet
948 3996 1020 4089 juri
1034 3997 1130 4068 curia
1146 4005 1262 4069 nostre
1276 4005 1310 4068 et
1326 3995 1459 4088 justitie
1475 4017 1536 4090 per
1552 4003 1587 4068 te
1603 3995 1765 4068 volumus
1782 3991 1957 4078 satisfieri,

546 4123 702 4197 fidelitati
717 4118 781 4194 ¹tue
801 4119 943 4194 firmiter
960 4119 1185 4216 precipiendo
1199 4119 1409 4194 mandamus
1427 4129 1598 4215 qnatenus
1615 4119 1725 4215 ipsius
1742 4117 1865 4190 eedule
1878 4114 1960 4188 dili-

546 4256 666 4341 genter
679 4247 833 4339 iuspecto
848 4254 980 4334 tenore,
994 4265 1099 4338 super
1115 4243 1343 4338 singulisque
1356 4244 1576 4317 continentur
1593 4243 1629 4314 iu
1647 4263 1690 4315 ea
1705 4241 1961 4336 inquisitionem

546 4372 653 4444 iacias
670 4369 873 4461 diligentem
891 4375 926 4439 et
945 4367 1128 4461 pecuniam
1152 4388 1258 4462 quam
1275 4367 1448 4441 inveneris
1472 4367 1569 4439 curie
1585 4375 1701 4438 nostre
1719 4363 1837 4436 deberi
1857 4383 1879 4435 a
1900 4361 1962 4434 de·

546 4493 738 4568 tentorihus
762 4500 797 4563 et
819 4489 1034 4564 debitoribus
1059 4491 1225 4564 instanter
1249 4499 1285 4564 et
1310 4513 1390 4564 oum
1418 4489 1513 4563 omui
1541 4489 1745 4584 integritate
1762 4485 1959 4578 recolligam

546 4637 712 4692 excessus
728 4635 812 4687 vero
834 4614 958 4709 punire
972 4615 1113 4688 studeas
1128 4615 1231 4708 juxta
1249 4613 1345 4710 quod
1362 4635 1481 4688 eorum
1498 4613 1645 4708 qualitas
1662 4610 1774 4706 exigit
1790 4617 1825 4682 et
1840 4607 1962 4682 honori

588 4788 629 4869 (a)
651 4789 766 4850 Nomen
780 4787 933 4866 suppletur
950 4803 988 4850 ex
1002 4789 1147 4867 margine.
