4524 6012
533 695 595 757 ceo
1031 700 1246 766 rnrnnnrcr
1270 705 1443 767 sucuuur
1710 683 1714 691 ’
1755 707 1835 792 [nn.
1856 710 1942 772 rano.

535 831 634 904 uobis
652 831 868 926 presentibus
883 831 1095 928 adimpleant
1114 859 1184 930 que
1197 841 1371 913 obtamus.
1391 843 1442 914 De
1460 839 1601 914 domiuo
1617 842 1760 938 insuper
1778 845 1943 919 delicate

534 978 638 1051 quem
652 977 691 1028 se
709 956 874 1028 obtulisse
892 957 1015 1028 nostris
1031 959 1181 1033 servitiis
1200 963 1380 1056 intimasti,
1399 963 1515 1036 adbuc
1536 965 1710 1038 credimus
1722 966 1818 1060 quod
1831 967 1943 1042 bouus

534 1080 578 1152 sit
595 1091 630 1152 et
644 1078 768 1152 lidclis.
787 1081 838 1150 Tu
855 1101 939 1152 vcro
951 1082 1042 1154 circa
1054 1085 1195 1157 servitia
1214 1096 1345 1169 nostra,
1365 1095 1432 1160 etc.

582 1205 707 1274 Datum
724 1201 819 1297 apud
838 1203 1075 1278 Castelliouem
1096 1207 1295 1300 Arelinum,
1318 1210 1380 1282 XV
1397 1209 1568 1303 bunarii,
1588 1212 1665 1284 lllll
1682 1211 1890 1287 indictionis.

765 1535 1634 1552 mmm—...m-
1641 1543 1703 1554 ..-

416 1831 429 1862 .
582 1799 804 1883 Mandatum
835 1799 885 1880 ad
910 1797 1093 1882 laoobum
1122 1798 1298 1908 Capicem
1321 1801 1428 1910 quod
1456 1800 1649 1908 permittet
1675 1799 1792 1884 semel
1823 1799 1939 1884 videri

458 2025 463 2037 .
527 1929 648 2012 filiam
666 1929 831 2012 Alberici
849 1931 897 2012 de
914 1929 1100 2014 llomeno.

609 2130 736 2212 (licceat.
752 2131 854 2210 imper.
870 2129 984 2192 Μ.
1000 2133 1039 2206 11,
1055 2133 1108 2193 iol.
1123 2141 1161 2194 55
1176 2150 1274 2205 verso;
1290 2135 1323 2194 ln
1336 2133 1408 2196 edit.
1423 2133 1561 2214 Carnam,
1574 2151 1605 2213 p.
1623 2133 1705 2212 322.)

576 2307 623 2374 De
636 2303 791 2374 mundato
802 2304 973 2396 imperiali
990 2307 1078 2396 sacto
1088 2327 1152 2398 per
1164 2305 1358 2398 maqistmm
1371 2305 1569 2377 lirecnrdum
1586 2305 1626 2376 de
1642 2308 1788 2398 Trajecto
1806 2307 1937 2402 tcaput

532 2427 730 2504 Guillelmus
749 2428 788 2497 dc
811 2429 922 2498 Tocco:

575 2550 795 2640 Fredericus,
822 2559 905 2640 etc,
926 2550 1053 2622 Iacobo
1077 2550 1224 2645 Capina,
1244 2558 1311 2622 etc.
1336 2550 1425 2636 Quia
1448 2551 1591 2622 Martius
1616 2553 1702 2624 lator
1728 2553 1937 2646 presentium

527 2673 624 2746 venit
639 2683 678 2744 ut
694 2671 809 2744 videat
820 2671 925 2744 filiam
938 2671 1089 2744 Alberioi
1106 2673 1151 2745 de
1168 2674 1334 2762 Romano,
1351 2671 1506 2746 fidelitati
1521 2682 1581 2748 tna
1595 2673 1819 2769 precipiendo
1836 2696 1939 2746 mau-

527 2797 651 2871 dumus
674 2807 847 2892 quatenns
878 2796 1062 2890 permictas
1087 2796 1183 2890 quod
1213 2797 1318 2868 semel
1342 2817 1420 2870 eam
1447 2795 1586 2888 videat,
1619 2807 1654 2870 et
1679 2798 1843 2891 loquatur
1871 2797 1937 2868 sibi

526 2921 658 3016 palam,
676 2941 746 2994 uon
774 2931 888 2994 tamen
911 2921 1084 2993 occultum
1111 2919 1245 3014 aliquid
1270 2919 1364 2992 dicet
1385 2920 1438 3010 ei,
1465 2919 1528 2993 scd
1548 2941 1663 2992 sermo
1686 2920 1867 3014 utriusque
1892 2920 1937 2992 ab

525 3045 700 3140 aliquibus
718 3043 879 3118 fidelibus
896 3045 1022 3118 uostris
1038 3043 1087 3115 ibi
1105 3043 1278 3116 stantibus
1301 3042 1480 3132 audiatur,
1499 3051 1534 3116 et
1550 3043 1669 3116 lictero
1687 3045 1765 3136 ejus
1784 3043 1830 3116 ad
1853 3063 1937 3116 nos-

526 3179 614 3242 tram
629 3168 866 3242 celsitudinem
883 3169 1089 3260 referentum
1106 3189 1178 3260 quo
1192 3188 1349 3241 sermone
1362 3169 1468 3240 semel
1484 3175 1624 3263 paracta
1644 3165 1812 3241 discedat.

576 3293 699 3364 Datum
715 3291 810 3386 apud
825 3291 1025 3383 Cortonam,
1045 3291 1122 3362 XVI
1132 3289 1301 3382 Januarii,
1317 3291 1394 3362 Xlll
1407 3289 1616 3363 indictionis.

377 3981 410 4019 m
471 4001 479 4024 ‚
579 3903 753 3986 Litterae*
771 3900 1009 4010 responsales
1036 3903 1086 3983 ad
1109 3901 1356 4011 justitiarium
1383 3901 1604 3986 Basilioetue
1626 3904 1732 4012 quod
1762 3901 1935 3985 homines

526 4035 655 4119 Sancti
688 4034 917 4142 Archangeli
954 4035 1004 4115 sd
1040 4034 1335 4118 subventionem
1364 4035 1567 4143 compellet
1601 4060 1671 4143 pro
1706 4035 1841 4117 militia
1866 4031 1935 4114 filii

525 4167 724 4279 Ugutionis
741 4167 789 4249 de
807 4165 1017 4249 Saxoiorle.

607 4345 734 4428 (Requi.
749 4348 853 4425 imper.
868 4341 989 4405 bledo.
1006 4345 1045 4422 11,
1061 4344 1114 4406 iol.
1130 4353 1168 4405 55
1184 4362 1285 4420 verso3
1299 4347 1416 4408 incdit.
1431 4346 1569 4419 Cerceo..
1584 4363 1615 4422 p.
1632 4343 1715 4422 222.)

574 4523 621 4592 Dc
634 4521 791 4592 mndata
805 4519 975 4612 imperiali
985 4522 1074 4610 [octo
1081 4541 1145 4612 per
1160 4519 1355 4612 mupistnrm
1369 4517 1573 4591 Riccordum
1588 4517 1628 4590 dc
1642 4519 1790 4609 umjons
1803 4517 1935 4610 scripsit

526 4643 717 4718 Guillelmus
734 4643 774 4714 dc
793 4645 890 4716 nocco
910 4671 922 4716 .·
2019 4729 2025 4744 ,

573 4767 791 4860 Fredericus,
810 4777 893 4856 etc,
917 4767 956 4838 T.
976 4765 1195 4840 Filasmnndo
1209 4763 1392 4858 justitiario
1410 4765 1607 4855 Basilicate,
1627 4774 1693 4838 eto.
1717 4761 1931 4857 benignitate
