4384 6004
247 633 343 694 lunser.
363 632 424 708 la]
659 620 662 626 ¹
691 632 885 692 lllSTORlA
911 631 1202 692 llll’LOllllTlGll.

301 1238 507 1346 Gregorius
542 1238 590 1320 de
620 1236 830 1341 Romania,
862 1235 1099 1344 Apostolicae
1131 1236 1238 1318 Sedis
1269 1235 1439 1344 legatus,
1474 1236 1654 1346 Gregorio
1722 1271 1826 1323 aare,

248 1394 368 1477 popae
386 1368 537 1450 nuntiat
553 1367 648 1476 quid
666 1369 768 1475 apud
785 1367 947 1450 lanuam
972 1367 1090 1476 egerit
1114 1368 1163 1448 de
1191 1377 1375 1475 apparatu
1401 1367 1596 1476 galearum
1619 1377 1658 1450 et
1710 1326 1838 1420 lamo·

250 1499 460 1581 taridarum
479 1499 529 1580 ad
545 1500 752 1607 portandos
769 1498 977 1607 praelatos3
998 1523 1068 1605 pro
1083 1497 1223 1607 quibus
1237 1499 1431 1580 armandis
1445 1499 1518 1580 tria
1537 1499 1656 1580 millia

250 1633 479 1741 quingentas
510 1641 547 1713 et
573 1631 853 1740 quinquaginta
884 1631 1002 1712 libras
1030 1630 1282 1712 lanucnsibus
1309 1631 1438 1736 solvit3
1468 1632 1658 1740 mittitque

250 1773 360 1870 pacta
378 1773 416 1844 et
436 1763 703 1845 conventiones
728 1789 826 1871 quae
854 1763 951 1844 inter
976 1787 1017 1844 se
1043 1772 1081 1844 et
1104 1763 1290 1845 Jonuense
1315 1763 1516 1845 consilium
1543 1790 1658 1872 super

250 1895 325 1977 hoc
341 1895 493 2004 negotio
510 1894 791 1977 intervenerint.

335 2107 458 2185 (Inadlt.
476 2124 513 2168 ax
532 2106 643 2188 chest.
662 2105 781 2186 (ἕτερον.
796 2105 849 2179 XI,
865 2121 945 2166 enno
960 2105 1040 2178 xlv,
1060 2107 1092 2164 ln
1108 2102 1391 2168 solomanum
1409 2105 1502 2182 rtet,
1519 2124 1566 2186 ap.
1581 2107 1657 2168 Blbl.

373 2214 472 2276 Cesar.
487 2211 596 2292 Paris.)

943 2405 970 2474 l.

303 2609 524 2682 Sanctissimo
547 2609 583 2680 in
604 2607 736 2678 Christo
754 2608 842 2700 patri
865 2617 899 2678 et
921 2605 1080 2694 domino,
1106 2607 1244 2679 domino
1265 2608 1445 2700 Gregorio,
1469 2611 1530 2710 Dei
1553 2613 1662 2700 gratia

256 2743 470 2807 sacrosancte
495 2732 646 2802 Romane
667 2729 820 2801 Ecclesia
844 2751 979 2802 summo
999 2728 1173 2824 pontifici,
1196 2732 1237 2801 G.
1260 2730 1305 2801 de
1326 2731 1491 2804 Romania
1515 2733 1662 2806 devotus

257 2865 370 2930 vester
385 2876 423 2927 se
441 2854 554 2948 ipsum
573 2852 619 2924 ad
635 2851 753 2947 pedes.
768 2851 921 2924 Veniens
935 2855 1079 2925 Ianuam
1089 2854 1191 2924 frater
1204 2853 1363 2924 Nicolans
1374 2856 1552 2948 proposuit
1566 2857 1663 2950 quod

255 2977 396 3051 omnino
411 2974 578 3047 volebatis
591 2972 686 3066 quod
701 2973 829 3066 galeas,
850 2973 982 3045 usceria
996 2984 1031 3045 et
1043 2961 1109 3045 alia
1123 2993 1208 3046 vasa
1224 2995 1287 3068 pro
1303 2975 1480 3067 portandis
1492 2986 1527 3047 et
1544 2999 1662 3070 repor-

257 3100 370 3172 tandis
385 3098 526 3193 prolatis
537 3107 572 3168 et
587 3097 664 3168 aliis
680 3094 726 3168 ad
749 3096 932 3168 concilium
945 3097 1180 3186 venientibus,
1201 3118 1222 3168 a
1240 3098 1481 3186 communitate
1498 3101 1663 3172 lennensi

257 3221 449 3295 conducere
462 3241 682 3316 procurarem
704 3239 767 3312 pro
790 3216 973 3290 servandis
995 3219 1189 3313 promissis,
1211 3241 1232 3291 a
1255 3221 1499 3292 communitate
1512 3222 1664 3314 predicta

258 3345 439 3416 sufficienti
451 3342 611 3415 cautione
623 3353 775 3434 recepta.
785 3342 886 3426 Quod
898 3364 978 3413 cum
992 3352 1119 3435 quanto
1132 3342 1248 3414 labore
1257 3353 1292 3415 et
1305 3343 1463 3434 angustia
1475 3345 1664 3438 peregerim

260 3491 340 3540 cum
362 3465 503 3539 oonsilio
520 3465 675 3537 omnium
694 3464 829 3536 illorum
848 3487 935 3556 quos
957 3465 992 3535 in
1011 3465 1134 3536 vestris
1155 3465 1275 3536 litteris
1293 3465 1530 3559 expressistis,
1551 3467 1666 3541 verbis

259 3591 426 3662 brevibus
446 3611 514 3660 non
534 3597 648 3682 posset
668 3579 885 3680 aliquatenus
905 3587 1089 3681 explicari,
1115 3609 1193 3659 cum
1217 3589 1313 3658 multi
1338 3590 1463 3660 vellent
1484 3591 1666 3683 negocium

259 3710 428 3806 impedire
450 3711 525 3782 sine
547 3731 694 3803 quorum
718 3710 860 3780 consilio
883 3709 969 3780 illud
994 3731 1063 3782 non
1082 3718 1212 3802 potarat
1229 3712 1471 3782 consummari.
1492 3714 1603 3806 Super
1625 3715 1667 3786 iis

260 3835 421 3908 omnibns
437 3833 520 3904 nihil
534 3833 668 3928 operari
684 3843 837 3926 poteram
853 3833 919 3904 nisi
935 3833 1046 3927 primo
1068 3835 1235 3905 solverem
1255 3835 1428 3918 communi
1444 3836 1554 3906 lanne
1575 3837 1667 3910 mille

261 3979 394 4030 marcas
407 3977 470 4050 pro
489 3967 657 4050 apparatu
674 3957 851 4050 galearum
870 3965 904 4028 et
928 3955 1116 4028 taridarum
1134 3977 1221 4048 quas
1238 3965 1435 4050 computant
1455 3957 1491 4028 in
1516 3979 1667 4032 conven-

262 4080 353 4152 tione
367 4087 402 4149 et
416 4079 600 4168 solutione,
618 4078 803 4172 dequibus
819 4079 911 4150 mille
929 4079 1054 4150 marcis
1071 4079 1177 4150 habui
1194 4079 1258 4150 tria
1279 4079 1386 4150 millia
1399 4080 1666 4174 quingentarum

262 4211 296 4274 et
312 4201 564 4296 quinquaginta
582 4202 688 4274 libras
710 4205 898 4275 lanuenses
921 4224 1009 4295 quas
1029 4202 1117 4272 solvi
1140 4202 1210 4289 eis,
1237 4211 1272 4273 at
1293 4201 1458 4274 ducentas
1479 4205 1584 4275 libras
1608 4207 1667 4278 lu·
1703 4187 1706 4194 ¹

263 4343 413 4395 nuenses
436 4323 519 4396 dedi
537 4325 783 4397 mercatoribus
805 4325 866 4418 qui
891 4333 1093 4396 mutuarunt
1114 4324 1223 4396 dictas
1240 4346 1373 4396 marcas
1394 4346 1457 4422 pro
1480 4329 1663 4422 expensis3

263 4466 326 4540 pm
341 4446 470 4538 quibus
487 4447 609 4518 marcis
624 4449 746 4542 prelati
762 4450 950 4521 lanuenses
968 4447 1201 4542 possessiones
1221 4469 1302 4519 suas
1318 4448 1400 4540 ipsis
1420 4451 1667 4522 mercatoribus

264 4567 475 4658 obligarunt.
495 4571 537 4640 Et
558 4571 677 4664 scripsi
695 4571 834 4643 domino
848 4571 1011 4665 episcopo
1025 4570 1222 4643 Penestrino
1243 4572 1426 4664 apostolice
1446 4571 1539 4644 sedis
1556 4573 1668 4665 legato

268 4701 305 4763 nt
316 4693 429 4764 solvat
445 4693 599 4786 quinque
613 4694 707 4767 milia
731 4716 923 4767 marcarum
941 4693 1074 4785 argenti
1091 4703 1127 4765 et
1143 4695 1395 4789 quinquaginta
1412 4706 1559 4789 septem,
1580 4717 1668 4790 quas

345 4813 384 4875 V.
407 4825 469 4874 run.
482 4831 504 4873 a.
1454 4825 1509 4878 tat
