4384 6004
552 593 630 656 tran
742 575 743 578 ‘
1049 588 1264 654 rarnnurcr
1289 591 1463 654 saccant
1774 593 1963 672 [narsei.

548 728 705 801 rientiam
732 725 1020 823 approbavimus,
1040 735 1171 820 quanto
1196 747 1259 798 vos
1287 727 1434 822 presenti
1461 726 1662 801 tnrbaoione
1680 751 1751 824 qne
1778 731 1967 804 multorum

549 849 655 926 iidem
683 849 843 947 probavit
868 859 903 922 et
929 849 1085 939 animos,
1113 851 1345 946 comperimus
1367 849 1419 947 (a)
1441 853 1548 924 nostri
1577 853 1719 926 honoris
1753 865 1788 926 et
1815 855 1966 927 nominis

549 975 672 1049 avidos
691 975 872 1064 zelatores,
892 980 931 1045 ut
950 973 1056 1046 nichil
1077 995 1206 1046 eornm,
1225 974 1325 1048 vobis
1346 973 1495 1048 deluerit
1513 975 1669 1072 inopere
1688 998 1759 1072 que
1775 977 1823 1050 ad
1848 979 1968 1052 excel·

550 1099 690 1172 lentiam
707 1106 857 1170 nostram
872 1105 1139 1191 nostrorumque
1150 1097 1449 1170 conculcationem
1463 1098 1643 1175 rebellium
1660 1109 1822 1196 poterant
1841 1122 1968 1196 prore-

549 1223 635 1295 nire.
655 1225 852 1318 Superquo
870 1219 1031 1292 virtutem
1050 1229 1201 1292 vestram
1215 1220 1333 1314 dignis
1348 1221 1688 1296 commendationum
1701 1223 1868 1297 laudibus
1888 1246 1968 1320 por-

549 1355 749 1440 sequentes,
773 1342 993 1416 devotionem
1021 1351 1172 1416 vostram
1195 1343 1372 1418 hortamur
1391 1345 1573 1440 quatinus,
1603 1367 1684 1418 oum
1709 1347 1788 1418 talis
1810 1347 1968 1442 proditor

550 1479 664 1543 noster
682 1468 811 1540 nitatur
827 1468 985 1562 quintam
1001 1477 1133 1562 partem
1156 1469 1464 1542 ecelesiasticorum
1487 1478 1716 1563 proventuum
1738 1493 1758 1542 a
1776 1471 1919 1565 prelatis
1934 1481 1969 1545 et

552 1594 683 1668 clericis
694 1592 872 1666 civitatum
889 1601 923 1664 et
941 1590 1090 1664 diocesis
1103 1593 1291 1666 Wormatic
1308 1593 1511 1665 auctoritate
1530 1593 1712 1684 cuiusdam
1731 1593 1964 1688 indulgentis,

551 1719 641 1791 siout
656 1716 792 1801 dicitnr,
810 1725 1035 1810 extorquere,
1052 1715 1153 1807 eujus
1167 1715 1315 1810 pecunie
1330 1715 1487 1790 subsidio
1504 1715 1553 1811 (b)
1566 1737 1629 1789 nos
1644 1727 1680 1790 at
1698 1714 1820 1790 fideles
1833 1727 1968 1791 nostros

552 1841 693 1914 liberius
708 1839 823 1912 valeat
847 1839 1070 1935 impugnare,
1096 1838 1132 1910 in
1155 1838 1355 1914 defensione
1375 1840 1518 1914 cocleae
1540 1851 1655 1914 vestre
1677 1841 1821 1914 viriliter
1846 1863 1969 1914 exsnr·

550 1973 670 2061 genas
698 1963 748 2036 sic
781 1963 963 2036 conatibus
990 1972 1025 2036 et
1049 1962 1225 2036 violentiis
1254 1963 1411 2056 ejusdem
1438 1962 1608 2038 studeatis
1634 1973 1790 2060 potenter
1810 1967 1969 2039 resistere

550 2089 646 2186 quod
675 2088 720 2162 de
745 2088 863 2184 spoliis
886 2087 1108 2162 ecelesiarum
1133 2086 1436 2162 wormatiensium
1458 2110 1560 2162 suom
1586 2100 1736 2184 nequeat
1755 2092 1970 2186 propositum

552 2213 721 2288 obtinere.

770 2507 1234 2520 -ι--ι-ιι-ι--ι-ιι-ι-α-κι
1238 2505 1764 2518 ..a—ffl—

605 2753 838 2860 Friderious,
867 2753 1127 2837 Romanorum
1159 2755 1385 2864 imperator,
1417 2754 1550 2865 recipit
1579 2754 1620 2836 in
1658 2779 1769 2836 suam
1805 2752 1970 2862 gratiam

554 2887 755 2997 specialem
780 2898 817 2971 et
834 2887 1106 2996 protectionem
1130 2887 1470 2998 salzburgensem,
1495 2887 1807 2996 llatisponensem
1828 2894 1868 2968 et
1888 2885 1970 2968 Pa-

554 3019 760 3104 taviensem
781 3019 979 3122 ecclesias,
1002 3029 1041 3103 el
1061 3019 1208 3105 inhibet
1226 3048 1274 3103 ne
1301 3046 1435 3104 eorum
1457 3019 1723 3102 ministeriales
1746 3017 1828 3100 sine
1850 3042 1969 3127 prae-

444 3138 448 3146 ’
554 3153 745 3236 dictorum
771 3152 1037 3262 episcoporum
1062 3152 1214 3237 licentia
1240 3155 1289 3237 ad
1316 3153 1479 3237 aliorum
1500 3151 1652 3236 servitia
1669 3177 1710 3234 so
1734 3161 1967 3234 convertant.

637 3366 760 3446 (lnedlt.
776 3383 815 3427 ex
827 3366 989 3428 coortat.
1004 3367 1105 3429 Cesar.
1120 3361 1388 3445 vntob.,Plttct.
1407 3375 1458 3442 ot,
1474 3365 1528 3428 tot.
1545 3375 1583 3426 tt
1599 3363 1704 3443 remo)

604 3552 827 3652 [Friderious,
845 3551 928 3653 ete]
940 3555 1077 3640 Quanto
1095 3575 1159 3626 nos
1171 3554 1337 3656 Dominus
1353 3553 1521 3628 exaltavit
1531 3551 1727 3644 sublimius,
1743 3559 1839 3624 tanto
1855 3552 1976 3646 benig·

555 3679 633 3752 nius
645 3679 825 3773 inspiravit
840 3677 876 3750 in
897 3677 997 3752 nobis
1012 3677 1168 3774 spiritum
1185 3677 1373 3751 voluntatis
1390 3677 1483 3749 illius
1502 3697 1573 3771 qne
1590 3675 1637 3750 od
1653 3675 1767 3748 nolum
1784 3674 1867 3748 fidei
1882 3675 1974 3748 ebri-

555 3805 665 3878 stiane
683 3823 748 3874 nos
766 3811 951 3898 provocat,
971 3801 1018 3874 ad
1037 3801 1170 3894 justitie
1195 3800 1436 3874 rectitudinem
1454 3798 1671 3894 dirigendam
1693 3799 1854 3872 sollicitat
1874 3799 1974 3872 etad

556 3935 788 4000 sacrosanctas
802 3925 963 3999 ecclesias
976 3935 1010 3997 et
1024 3925 1271 3998 ecclesiasticas
1288 3945 1454 4021 personas
1467 3923 1503 3996 in
1520 3925 1649 4019 quibus
1670 3934 1705 3998 et
1720 3945 1782 4020 per
1804 3945 1893 4018 quas
1910 3945 1974 4019 pro

556 4061 670 4124 nostra
685 4049 805 4122 salutis
819 4058 1005 4143 augmento
1024 4048 1117 4121 Deus
1134 4048 1209 4143 ipse
1225 4049 1438 4146 placabiliter
1453 4057 1628 4138 exoratur,
1645 4048 1877 4122 favorabiliter
1893 4069 1974 4144 pro·

556 4174 765 4262 movendas,
787 4173 911 4245 invitat
928 4182 963 4244 et
981 4173 1086 4246 afficit
1106 4183 1255 4246 mentem
1277 4183 1441 4246 nostram.
1460 4171 1551 4245 Sane
1569 4173 1658 4244 inter
1677 4181 1809 4245 eeteros
1828 4171 1973 4244 llomani

557 4297 689 4394 imperii
718 4297 837 4370 fideles
857 4296 1031 4392 principes
1057 4307 1092 4370 et
1113 4297 1221 4370 nostri
1244 4297 1428 4394 precipuos
1453 4295 1667 4392 principatus
1688 4296 1818 4368 amima
1844 4295 1974 4390 quibus

557 4433 672 4496 nostre
688 4419 857 4495 divinitus
871 4421 973 4494 nobis
991 4419 1072 4495 date
1085 4423 1236 4516 potentie
1257 4423 1464 4514 fulciuntur,
1480 4421 1703 4495 ¹uenerabiles
1720 4405 1756 4494 et
1774 4419 1973 4492 karissimos

599 4597 641 4678 (a)
663 4601 699 4660 ln
712 4598 812 4660 codlos
824 4596 1019 4670 mediationis,
1034 4597 1124 4661 mals.

600 4703 640 4785 (b)
661 4707 697 4766 ln
710 4705 810 4767 codice
823 4703 945 4784 meida,
962 4705 1050 4767 male.
