4384 6004
547 666 628 729 1052
1045 665 1259 729 rntnsnlcl
1285 669 1459 730 secuntur
1772 667 1851 752 [dns.
1871 668 1957 730 latu

429 799 432 810 '
545 812 660 876 nostre
678 801 773 874 necis
792 799 942 874 invidias
966 812 1210 896 pmcurarnnt3
1236 803 1283 874 ita
1307 801 1403 896 qnod
1427 801 1568 896 prestita
1587 800 1687 874 nobis
1710 823 1757 874 cx
1774 801 1960 876 altitudine

544 927 663 1001 divina
678 928 811 1000 cantela
826 936 860 1000 et
871 947 1010 1021 gressus
1028 937 1163 1001 nostros
1177 928 1369 1002 divertente
1384 950 1405 1001 a
1418 927 1566 1000 civitatis
1582 927 1754 1021 ingressu,
1777 927 1863 1001 dum
1878 950 1959 1002 con·

543 1062 675 1146 ceptam
694 1073 764 1124 non
781 1062 920 1146 possent
934 1052 1105 1124 occultare
1119 1053 1308 1142 maliciam,
1332 1052 1367 1122 in
1386 1051 1607 1124 multitudine
1621 1051 1856 1144 ingressorum
1878 1073 1959 1146 per·

543 1197 662 1248 sonam
678 1185 830 1249 nostram
843 1197 919 1248 esse
934 1175 1125 1267 credentes,
1142 1176 1315 1248 irruerunt
1326 1177 1361 1246 in
1375 1177 1526 1266 turbam,
1541 1173 1688 1271 pertidia
1704 1195 1824 1246 eorum
1839 1177 1960 1248 oculos

541 1297 786 1390 obumbrante;
809 1297 996 1393 quemdam
1020 1299 1162 1372 militem
1185 1300 1246 1393 qni
1267 1297 1453 1372 videbatur
1477 1309 1629 1372 nostram
1651 1298 1856 1394 presentiam
1880 1319 1959 1392 pne·

542 1429 677 1494 sentare
693 1421 833 1494 nomine
845 1431 961 1494 nostro
975 1420 1105 1494 inlidus
1122 1423 1271 1516 populus
1282 1421 1495 1512 occiderunt,
1511 1422 1619 1516 captis
1632 1429 1667 1492 et
1683 1419 1831 1492 detentis
1843 1421 1957 1493 omni·

541 1545 609 1617 bns
631 1567 710 1616 curn
731 1565 850 1617 eornm
870 1545 1006 1617 arnesio
1023 1545 1085 1639 qui
1105 1545 1296 1618 transibant
1314 1543 1380 1640 (l),
1408 1545 1520 1618 denec
1538 1565 1576 1616 ee
1593 1543 1757 1639 deceptos
1771 1545 1805 1615 in
1823 1554 1959 1638 patrato

541 1669 669 1741 scelere
693 1678 938 1761 cognoscentes
965 1669 1078 1741 conati
1103 1677 1185 1740 sunt
1212 1645 1522 1762 dissimulare‘qoe
1542 1669 1715 1757 fecerant,
1739 1669 1959 1740 restituentes

542 1813 631 1886 quos
656 1801 817 1887 ceperant
841 1803 877 1864 et
899 1791 1028 1865 ablata.
1055 1789 1123 1864 Sed
1144 1791 1350 1864 conscientia
1367 1813 1488 1864 eorum
1507 1801 1578 1862 tam
1603 1791 1719 1884 gravis
1738 1789 1868 1863 offense
1887 1811 1959 1864 non

541 1915 653 2010 potuit
668 1915 824 1988 oblivisci
843 1916 928 2010 quin
949 1915 995 1988 ad
1010 1915 1237 1988 diffidentiam
1261 1916 1297 1986 in
1319 1915 1506 2010 reprobum
1522 1935 1664 1986 sensnm
1678 1913 1769 2006 dati,
1789 1925 1828 1986 ut
1849 1917 1960 2006 major

541 2048 631 2112 esset
648 2061 767 2111 eorum
782 2039 948 2132 iniquitas
968 2059 1074 2133 quam
1092 2040 1230 2111 veniam
1252 2048 1482 2128 mererentur,
1501 2037 1670 2111 deteriora
1691 2038 1817 2111 cotidie
1829 2059 1956 2133 perpe·

541 2171 671 2236 trarent
693 2173 731 2236 ut
756 2185 869 2258 usqne
891 2163 935 2235 ad
959 2163 1025 2236 hec
1050 2174 1203 2258 tempora
1225 2163 1408 2236 allemino
1431 2164 1467 2234 in
1492 2173 1608 2235 nostro
1631 2161 1767 2254 jndicio
1789 2162 1958 2234 reservati

542 2284 665 2358 dnrius
679 2305 740 2380 pro
757 2285 886 2358 meritis
906 2287 1105 2380 puniantur.
1127 2288 1179 2358 De
1197 2307 1346 2380 quornm
1367 2307 1451 2358 casu
1469 2287 1505 2358 in
1529 2285 1688 2380 proximo
1706 2285 1882 2358 credimus
1894 2305 1959 2358 vos

542 2409 678 2482 efficere
692 2411 841 2502 latiores,
856 2433 934 2482 com
950 2411 995 2481 sit
1009 2409 1122 2483 honor
1139 2421 1173 2484 et
1190 2410 1403 2484 desiderium
1415 2431 1600 2483 commune
1614 2408 1835 2504 regnantium
1850 2409 1881 2480 si
1895 2429 1957 2504 per

541 2533 728 2628 potentiam
744 2533 966 2607 dominorum
981 2535 1186 2630 protervitas
1204 2535 1424 2606 conculcetur
1439 2533 1453 2628 (
1476 2534 1502 2628 ).

811 2851 1013 2860 -ι---κ-υ-..ι

404 3157 460 3245 „¹:¹¹
475 3179 494 3244 ·,
595 3149 800 3259 Gregorius
817 3173 919 3256 pepe
937 3145 983 3229 G.
1011 3146 1059 3228 de
1081 3144 1267 3229 Romania
1285 3145 1524 3252 Apostolicae
1543 3144 1652 3228 Sedis
1673 3144 1800 3258 legato
1824 3155 1863 3229 et
1879 3145 1955 3230 Ni-

539 3281 649 3366 colao
671 3280 817 3363 ordinis
838 3267 1094 3362 cisterciensis
1119 3277 1227 3359 fratri
1250 3279 1410 3360 mandat
1433 3277 1528 3387 quid
1547 3303 1660 3388 agere
1677 3277 1843 3361 debeant
1867 3304 1955 3362 cum

539 3423 723 3524 potestate
740 3411 919 3496 Jnnuensi
942 3421 979 3494 et
1000 3409 1177 3493 fidelibus
1195 3409 1384 3493 Ecclesiae
1406 3411 1509 3519 apud
1526 3410 1708 3517 ianuam,
1728 3412 1777 3494 de
1794 3411 1954 3494 navibus

540 3559 578 3630 et
602 3546 721 3656 galeis
742 3543 1014 3654 praeparandis
1032 3569 1133 3653 quae
1157 3541 1346 3650 praelatos
1365 3544 1416 3625 ad
1437 3543 1640 3628 concilium
1663 3544 1854 3627 venientes
1877 3545 1952 3626 de-

541 3679 680 3762 lerant,

581 3884 623 3958 (a)
643 3881 693 3942 llll
707 3886 873 3958 aequamur
891 3880 925 3938 ln
940 3877 1041 3938 codlcs
1060 3877 1212 3950 veralcnll,
1229 3893 1280 3938 san
1292 3879 1543 3958 apophthegmata
1562 3895 1639 3958 qnae
1651 3880 1725 3942 nlhll
1746 3881 1785 3942 ad
1796 3880 1951 3958 epistolam

539 3986 761 4067 praecedentem
774 3983 956 4064 profluum:

860 4116 1010 4187 desperata
1025 4128 1103 4186 seges
1116 4127 1262 4172 numerosa
1275 4113 1344 4171 talne
1357 4121 1468 4172 secatur

896 4213 931 4269 Bt
943 4217 1003 4269 sata
1016 4226 1078 4268 cum
1092 4211 1178 4268 multo
1191 4211 1284 4269 fenore
1297 4211 1389 4268 reddit
1404 4226 1478 4286 agar.

860 4311 947 4367 Tanto
958 4309 1043 4383 pluria
1056 4309 1109 4367 erit
1122 4307 1201 4367 nobis
1219 4308 1331 4366 victoria
1344 4316 1448 4380 quanto

859 4408 883 4464 Α
896 4406 991 4480 paucis
1005 4413 1113 4479 partam
1125 4405 1159 4464 de
1172 4406 1295 4479 pluribus
1308 4422 1370 4464 essa
1381 4405 1504 4479 liquebit.

894 4501 990 4561 Omnia
1004 4503 1143 4577 principiis
1153 4517 1262 4577 semper
1275 4501 1364 4560 inesse
1377 4502 1475 4562 solent.

575 4793 612 4866 (l)
630 4791 670 4850 Gi.
686 4805 780 4866 supra,
795 4795 816 4846 t.
831 4790 865 4862 11,
881 4806 908 4864 p.
925 4791 988 4863 tat,
1002 4793 1059 4847 not.
1072 4791 1101 4848 i.
