4468 6010
995 555 1230 650 'rsrnsnicr
1255 591 1426 674 secono!

1087 871 1118 878 --ι
1124 871 1277 880 -m
1284 874 1343 880 m..
1350 875 1358 880 .
1372 873 1711 884 ..---.-...-....—-...-

344 1114 466 1212 ‚m
572 1107 797 1195 Mandatum
821 1109 871 1192 ed
898 1109 1197 1196 Gemilevarium
1222 1113 1271 1195 de
1288 1112 1405 1222 Papia
1422 1113 1471 1196 de
1489 1113 1623 1198 ovibus
1641 1139 1719 1199 non
1737 1115 1932 1201 mittendis

521 1242 570 1324 ed
589 1251 751 1324 mutam.
1024 1253 1026 1260 ⁴

601 1465 724 1548 (nepae.
740 1467 844 1546 imper.
860 1463 979 1528 Frater.
998 1467 1037 1543 11,
1053 1467 1104 1529 iol.
1119 1476 1157 1528 86
1172 1485 1273 1544 verso3
1288 1470 1320 1529 in
1334 1468 1405 1530 edit.
1421 1468 1559 1550 Cernen,
1573 1487 1602 1550 p.
1621 1471 1705 1551 ³75.)

568 1663 618 1733 De
637 1661 795 1732 morteto
823 1664 911 1753 secto
928 1684 993 1756 per
1018 1662 1187 1735 ominem
1208 1663 1391 1735 Iohannem
1416 1664 1456 1735 de
1477 1665 1655 1759 Lopottretc
1674 1667 1806 1760 scripsit
1825 1667 1865 1738 G.
1892 1665 1932 1738 de

522 1787 645 1857 Toceo:

568 1906 785 1998 Fredericus‚
802 1917 885 1999 cte,
913 1907 1147 1982 Cernilevaric
1165 1911 1210 1983 de
1235 1910 1359 2005 Papio,
1379 1919 1445 1983 etc.
1470 1911 1676 1986 Mandamns
1696 1910 1853 1984 fidelitati
1873 1919 1932 1986 tue

518 2041 690 2126 quatenns
712 2051 833 2104 onnes
851 2029 1053 2126 girotalcos,
1074 2033 1225 2105 falcones
1248 2043 1283 2105 et
1304 2055 1388 2106 eves
1407 2044 1539 2107 nostras
1559 2055 1648 2130 quas
1669 2034 1778 2107 hebes
1797 2034 1834 2105 in
1849 2055 1933 2108 cura

518 2177 588 2251 que
605 2156 723 2227 volant
740 2165 775 2226 et
795 2154 912 2228 adhuc
933 2165 1014 2227 sunt
1033 2164 1113 2250 epte
1131 2154 1178 2229 ad
1198 2156 1407 2248 volendum,
1428 2157 1568 2232 differas
1586 2159 1719 2231 mittere
1741 2159 1777 2229 in
1800 2167 1931 2232 nanum

519 2301 632 2374 usque
650 2277 696 2351 ed
717 2277 815 2351 alind
833 2277 1034 2352 mandatnm
1052 2287 1221 2352 nostram.

568 2405 693 2475 Datum
709 2401 869 2494 viterbii,
889 2401 966 2474 XIV
985 2403 1117 2493 martii,
1137 2403 1214 2476 XIII
1229 2401 1439 2476 indictionis.

1085 2699 1386 2706 --——--.--—·--.---0-.
1402 2700 1440 2705 —.

571 2947 732 3032 Litterae
748 2943 988 3055 responsales
1006 2945 1057 3028 ad
1075 2956 1261 3030 secretum
1274 2945 1484 3050 Messanae,
1501 2947 1813 3030 commendantes
1826 2943 1930 3055 quod

518 3080 628 3164 Petro
649 3078 832 3164 iohannis
850 3076 1039 3187 Algerutii
1067 3088 1105 3161 et
1127 3078 1230 3166 socio
1248 3077 1331 3190 ejus
1353 3077 1555 3188 pecuniam
1575 3102 1647 3190 pro
1667 3086 1802 3162 mutuo
1827 3075 1930 3186 quod

518 3239 690 3298 camerae
707 3211 874 3295 fecerant
891 3209 1056 3294 solverit.

600 3436 727 3518 (liccat.
741 3435 843 3516 ceper.
859 3431 978 3495 item.
993 3431 1033 3510 11,
1051 3432 1103 3494 iot.
1120 3442 1159 3496 es
1171 3429 1272 3510 venor
1285 3436 1320 3495 tn
1333 3435 1404 3496 edit.
1418 3433 1556 3509 cnecon„
1571 3449 1603 3512 p.
1620 3431 1704 3513 ete.)

568 3637 615 3705 De
625 3632 781 3704 manoe
791 3629 962 3722 imperiali
976 3631 1065 3721 [octo
1077 3650 1139 3725 por
1150 3629 1348 3723 mopictmm
1363 3628 1531 3700 Aibertcm
1543 3629 1677 3722 scripsit
1690 3627 1879 3701 Gnotterins
1891 3625 1932 3698 da

519 3759 680 3831 Gusentic
696 3779 706 3824 :

566 3881 788 3972 Fredericos,
806 3887 890 3970 etc,
910 3885 1042 3950 secreto
1060 3877 1232 3966 Messene,
1251 3885 1317 3949 eto.
1338 3877 1491 3970 Benigne
1511 3875 1726 3970 recepimus,
1744 3884 1811 3949 etc.
1827 3874 1930 3962 Quod

516 4017 631 4081 autem
649 4003 792 4077 culmini
807 4010 924 4075 nostro
939 3983 1140 4092 significasti
1155 4019 1217 4094 per
1232 4019 1291 4072 ees
1307 4007 1343 4072 ta
1359 3997 1496 4073 dudum
1513 4019 1629 4072 sacras
1645 4007 1780 4072 nostres
1795 3998 1931 4071 lietcras

516 4129 686 4226 recepisse
701 4128 747 4202 dc
756 4123 924 4200 solvendo
935 4124 1035 4196 Petro
1047 4123 1214 4196 Iohannis
1223 4122 1394 4216 Algarntii
1408 4123 1478 4195 civi
1491 4124 1645 4196 Romano
1654 4130 1690 4194 et
1701 4123 1795 4196 socio
1806 4143 1930 4218 quam·

517 4254 598 4328 dam
613 4253 760 4350 pecunie
770 4248 996 4345 quantitatem
1013 4268 1076 4342 pro
1090 4255 1212 4320 mutuo
1225 4246 1323 4341 qnod
1338 4267 1474 4320 camere
1490 4255 1606 4320 nostre
1624 4246 1788 4336 fecerant,
1803 4255 1838 4318 et
1851 4244 1931 4317 licet

516 4389 557 4452 nt
573 4376 740 4473 scripsisti
757 4375 794 4446 in
813 4373 938 4446 lictoris
952 4371 1078 4445 nostris
1097 4371 1244 4467 proinde
1259 4372 1323 4444 tibi
1340 4371 1455 4444 missis
1471 4392 1598 4444 nomen
1610 4379 1710 4444 tunm
1723 4369 1866 4442 inferius
1877 4366 1930 4464 (a)

516 4522 586 4576 non
609 4509 701 4576 esset
723 4499 947 4594 inscriptum,
974 4495 1038 4569 sed
1059 4503 1194 4569 tentum
1220 4495 1395 4590 exterius,
1420 4506 1459 4568 tn
1484 4494 1674 4588 dampnum
1698 4493 1794 4570 enne
1813 4501 1928 4568 nosse

558 4705 602 4783 (a)
622 4705 687 4782 Stc3
704 4703 860 4786 tegendum
874 4709 975 4762 temen
988 4699 1123 4762 term.
