4358 5996
234 599 335 658 lucror.
355 593 415 680 le]
690 590 890 654 lllsuolllll
914 591 1209 653 ulanomllalclt
1577 599 1653 662 1033

235 753 405 828 quaeum
424 741 462 803 ut
475 730 630 803 tortiores
645 728 739 800 vires
755 727 878 800 induat
894 727 940 800 ad
956 726 1162 819 obsequium
1178 727 1343 800 ecclesiae
1358 731 1531 805 Romanae
1547 757 1652 828 quam

234 857 356 930 lecerit
371 875 483 949 usque
505 852 622 926 modo.
642 851 864 946 praecipiatis
880 851 983 923 etiam
1001 849 1034 922 ei
1050 849 1221 938 districte,
1240 851 1310 923 imo
1327 851 1593 949 districtissime,
1614 869 1653 930 nt

234 1001 293 1054 me
312 981 350 1052 in
373 979 536 1052 omnibus
556 977 704 1070 negotiis
724 975 849 1050 vestris
864 983 1086 1047 manuteneat
1109 983 1144 1046 ot
1161 973 1321 1047 defendat
1343 998 1405 1071 pro
1423 979 1495 1051 suis
1519 981 1653 1054 viribus

235 1114 343 1200 atque
358 1124 476 1199 posse,
497 1110 537 1173 ut
556 1121 701 1174 menon
724 1097 907 1195 impediat,
933 1095 996 1168 sed
1023 1097 1137 1190 potius
1155 1107 1354 1192 promoveat
1375 1109 1410 1171 et
1430 1101 1582 1196 impellat
1605 1107 1651 1180 ad

235 1228 379 1323 negotia
395 1225 569 1299 Ecclesiae
584 1221 834 1320 promovenda,
848 1219 1043 1292 secundum
1059 1221 1258 1293 mandatum
1273 1221 1357 1294 mihi
1371 1246 1392 1295 a
1405 1225 1505 1299 vobis
1516 1227 1651 1320 injunc-

235 1359 326 1423 tum.
352 1351 436 1423 ltem
458 1349 602 1422 consulo
619 1355 659 1418 ut
681 1345 837 1419 scribatis
855 1345 927 1438 regi
945 1343 1128 1416 Bohemiae
1145 1353 1183 1414 ut
1200 1346 1337 1436 negotio
1356 1345 1511 1422 simililer
1529 1353 1651 1426 melius

234 1483 271 1546 et
289 1473 413 1546 lortius
431 1472 476 1544 sit
492 1473 665 1558 intentus,
685 1477 720 1542 et
736 1469 765 1540 si
786 1469 896 1563 placet
918 1466 1024 1540 nobili
1043 1467 1119 1538 viro
1139 1467 1312 1541 Bohuzlao
1335 1467 1406 1541 lilio
1421 1472 1601 1548 Zlanoonis
1618 1489 1652 1550 et

235 1597 346 1670 nobili
364 1597 442 1668 viro
459 1594 601 1669 domino
617 1593 783 1666 Budizlao
800 1589 870 1663 lilio
884 1571 1038 1679 Jarozlai,
1057 1590 1158 1661 simul
1173 1590 1343 1664 universis
1360 1593 1533 1670 nobilibus
1550 1599 1651 1672 baro·

234 1719 343 1792 nibus
356 1719 517 1792 Boamiae
528 1727 562 1790 et
573 1716 749 1790 llloraviae
762 1723 802 1786 nt
817 1715 854 1785 in
869 1713 1102 1786 remissionem
1116 1713 1269 1785 omnium
1281 1725 1496 1810 peccatorum
1509 1742 1650 1795 suornm

234 1842 381 1916 domino
397 1841 471 1935 regi
489 1840 674 1913 Echemus
689 1838 725 1910 in
741 1837 887 1932 negotiis
900 1845 1039 1909 sanetae
1056 1837 1228 1910 Romanae
1241 1838 1414 1913 Ecclesiae
1428 1839 1574 1938 fideliter
1587 1844 1650 1919 ad·

233 1964 358 2036 sistant
369 1975 404 2037 et
418 1987 499 2037 eum
511 1963 558 2037 ad
571 1963 779 2057 obsequium
794 1961 968 2036 Ecclesiae
980 1959 1127 2033 fideliter
1137 1971 1299 2034 moneenl
1312 1972 1346 2036 et
1362 1963 1539 2039 inducant.
1557 1968 1650 2066 ldip·

233 2107 314 2160 sum
327 2089 357 2160 si
369 2089 480 2183 placet
493 2087 651 2160 scribatis
663 2087 772 2160 sorori
784 2086 876 2178 regis
890 2084 1075 2156 Bohemiae
1087 2106 1284 2158 conversae.
1297 2089 1370 2161 lmo
1382 2090 1523 2162 consulo
1537 2092 1650 2166 modis

232 2213 396 2286 omnibns
413 2221 453 2284 ut
464 2211 507 2284 E.
524 2210 773 2308 praepositum,
794 2209 833 2281 C.
854 2209 1038 2296 decanum,
1057 2209 1266 2282 Semannum
1281 2211 1577 2306 archidiaconum,
1592 2239 1651 2290 ca·

233 2337 378 2409 nonioos
392 2337 668 2430 Ratisponenses,
691 2355 772 2406 cnm
790 2333 866 2406 aliis
885 2342 1034 2428 quatum
1049 2331 1094 2404 de
1111 2334 1287 2406 canonicis
1302 2355 1448 2430 quorum
1465 2339 1649 2436 episcopus

232 2461 366 2554 regitur
379 2459 523 2531 consilio
534 2467 570 2530 et
584 2458 746 2530 dominus
762 2478 860 2529 meus
877 2455 953 2528 dux
968 2455 1132 2528 Bavariae
1146 2466 1197 2529 est
1214 2457 1482 2552 circumventus,
1497 2483 1560 2557 per
1572 2485 1650 2537 ves·

232 2593 305 2658 tras
316 2587 446 2657 litteras
458 2605 562 2679 super
574 2583 628 2656 lais
639 2581 686 2656 ad
698 2592 848 2654 vestram
861 2581 1088 2678 praesentiam
1102 2582 1487 2673 evocetis,¹mandantes
1506 2596 1545 2657 ut
1559 2588 1649 2662 intra

233 2708 324 2782 duos
347 2729 483 2780 menses
502 2727 523 2780 a
542 2707 736 2801 receptione
756 2705 909 2779 mandati
928 2705 964 2776 in
984 2704 1131 2801 propriis
1152 2704 1314 2799 expensis
1335 2714 1370 2778 et
1389 2727 1459 2779 non
1483 2709 1648 2784 ecclesiae

232 2851 349 2904 coram
373 2831 475 2904 vobis
499 2807 662 2903 studeant
680 2850 895 2925 comparere,
919 2829 985 2900 sub
1007 2849 1137 2923 poena,
1158 2837 1253 2923 pater
1275 2837 1411 2920 sancte,
1438 2852 1529 2924 quae
1545 2832 1647 2907 vobis
1671 2854 1678 2860 ·

232 2953 402 3049 expedire
422 2953 609 3027 videbitur.
629 2953 791 3026 Similiter
807 2951 947 3025 consulo
961 2960 1001 3023 ut
1017 2952 1174 3047 quinque
1193 2949 1236 3024 dc
1257 2952 1408 3048 capitulo
1430 2954 1643 3048 Pataviensi,

231 3080 391 3174 quinque
410 3077 455 3151 de
474 3077 733 3173 llatisponensi‚
758 3087 827 3148 tres
853 3074 899 3148 de
922 3075 1149 3169 Frisingensi,
1172 3075 1328 3169 quinque
1350 3075 1395 3149 de
1413 3075 1641 3170 Augusteum,

231 3213 302 3276 tres
329 3202 377 3275 de
396 3201 622 3293 Eistcntensi,
651 3201 806 3296 quinque
827 3199 873 3273 de
898 3199 1151 3294 Herbipolensi,
1172 3199 1327 3294 quinque
1352 3199 1397 3276 de
1418 3201 1642 3294 moguntino,

231 3325 389 3420 quinque
408 3325 453 3398 dc
468 3324 763 3417 Bubenbergensi,
780 3335 928 3418 quatuor
947 3321 991 3395 de
1011 3322 1225 3414 Brixinensi,
1249 3332 1397 3416 quatuor
1413 3323 1457 3396 de
1480 3323 1645 3399 Constan-

231 3447 353 3537 tiansi,
371 3447 526 3542 quinque
542 3447 587 3519 ds
610 3447 871 3539 argentinensi,
888 3455 1035 3542 quatuor
1053 3444 1098 3518 de
1116 3445 1289 3541 Spirensi,
1310 3457 1459 3541 quatuor
1481 3447 1527 3521 de
1545 3449 1646 3523 Wor·

231 3571 392 3645 mutiensi
412 3570 459 3645 ad
476 3580 628 3642 vestram
651 3569 807 3642 similiter
821 3569 1015 3664 provocetis
1033 3569 1235 3642 sententiam
1256 3567 1318 3665 (a),
1341 3569 1437 3664 quod
1459 3575 1646 3646 sententias

232 3695 319 3768 latas
341 3693 576 3788 vilipendunt.
602 3693 704 3778 Quod
727 3694 757 3766 si
778 3693 854 3766 talis
875 3715 993 3765 rumor
1014 3693 1051 3764 in
1075 3692 1277 3765 Alamannia
1298 3692 1504 3785 insonuerit,
1526 3693 1646 3771 omnes

232 3816 386 3913 episcopi
412 3816 458 3890 de
481 3816 685 3890 Alemannis
711 3817 879 3911 incipient
897 3817 1052 3891 obedire.
1079 3817 1211 3888 Scribat
1239 3817 1413 3890 canonicis
1438 3819 1467 3890 si
1491 3819 1644 3917 episcopi

230 3940 406 4013 mandatis
419 3941 542 4013 vestris
559 3939 702 4014 obedire
717 3941 903 4030 noluerint,
924 3941 990 4036 ipsi
1003 3941 1109 4012 alium
1126 3941 1255 4034 eligant
1271 3941 1483 4036 episcopum,
1499 3946 1645 4018 oonsilio

231 4071 347 4138 tanmu
363 4075 590 4138 executurum
608 4074 820 4154 vestrorum
837 4085 957 4138 omnes
973 4063 1124 4160 episcopi
1139 4064 1374 4154 terrebuntur,
1389 4065 1559 4160 parebunt
1573 4077 1644 4141 tan·

233 4185 327 4261 dem.
348 4188 393 4260 Ut
408 4187 589 4284 petitiones
601 4209 663 4283 per
680 4189 718 4260 C.
737 4209 956 4278 conversam,
973 4189 1015 4259 Η.
1033 4209 1180 4284 puerum
1203 4188 1326 4260 missas
1350 4189 1433 4261 velit
1455 4190 1641 4282 exaudire,

232 4310 330 4406 quod
353 4309 429 4384 eine
451 4310 534 4406 ipsis
553 4311 641 4383 nihil
657 4310 814 4406 expediri
836 4321 958 4406 potest.
979 4311 1066 4384 Petit
1080 4312 1245 4406 quoniam
1266 4310 1406 4385 odiosus
1424 4313 1467 4384 sit
1482 4314 1643 4388 omnibus

232 4434 416 4531 episcopie,
431 4435 574 4528 clericis,
590 4435 698 4522 laicis,
715 4444 755 4508 ut
769 4455 814 4508 ne
828 4435 1003 4509 ordinaria
1016 4436 1212 4510 authentica
1227 4443 1261 4509 et
1273 4436 1472 4511 auctoritate
1483 4437 1643 4530 judicum

275 4695 317 4776 (a)
339 4695 405 4776 Sle;
421 4698 615 4760 vmlslmlllter
627 4698 783 4778 legendum
792 4697 999 4778 promentium.
