4358 5996
1057 660 1271 728 ralusalcl
1294 665 1470 730 sucoso!
1781 670 1862 749 [ΑΙΙ.
1879 671 1973 738 lato.

905 932 955 940 ..ι--
966 931 1098 941 ι-...ιι--
1104 934 1155 942 ...-
1161 933 1247 944 κου-ι-
1254 935 1290 944 -ι
1298 937 1322 944 .-
1328 935 1374 944 -ω
1381 937 1394 944 -
1401 937 1447 944 .·..
1455 934 1765 944 ...⁴..--·--..--.--.-·-—-·

484 1211 492 1238 ·
611 1178 835 1265 Mandatum
867 1177 917 1260 ad
947 1177 1144 1263 universos
1170 1204 1194 1261 a
1223 1177 1365 1262 Barulo
1390 1203 1515 1288 usque
1544 1178 1687 1262 Baium
1716 1180 1822 1289 quod
1848 1178 1973 1290 judici

558 1311 604 1396 R.
626 1311 674 1394 de
692 1310 831 1394 Sancto
849 1309 986 1394 Severo
1003 1310 1171 1395 favorem
1198 1311 1422 1421 praebcant,
1442 1312 1493 1394 ad
1513 1311 1554 1394 id
1575 1312 1694 1397 misso
1722 1321 1766 1396 ιιι
1790 1313 1972 1396 idoneam

558 1442 843 1552 fidejussionem
866 1441 1047 1551 aMajore
1062 1444 1111 1526 de
1127 1443 1356 1527 Plancatone
1376 1445 1573 1554 quondam
1591 1453 1734 1528 secreto
1754 1445 1913 1554 recipiat
1933 1454 1973 1532 et

558 1575 737 1660 delationi
755 1575 879 1658 factae
899 1583 1031 1659 contra
1049 1575 1267 1686 Philippum
1286 1575 1523 1660 Achillonem
1542 1577 1706 1660 assistat.

638 1775 763 1858 (ilcpcrt.
778 1776 884 1856 imper.
898 1773 1019 1839 mcor.
1037 1775 1077 1852 11,
1092 1773 1145 1837 tol.
1159 1785 1176 1838 t
1192 1791 1293 1852 ιεηος
1308 1777 1340 1837 ln
1354 1776 1426 1838 cdli.
1442 1776 1580 1856 Carnem,
1594 1794 1624 1856 p.
1642 1777 1801 1856 tlt-2⁴2.)

605 1951 653 2022 lle
675 1949 834 2022 mundum
855 1951 944 2041 [acto
958 1967 1022 2043 pcr
1037 1949 1236 2042 magistrum
1251 1949 1388 2020 Petrum
1406 1947 1447 2020 de
1465 1951 1566 2022 Viaca
1586 1949 1721 2044 scripsit
1739 1947 1785 2021 G.
1805 1949 1846 2022 de
1867 1951 1970 2028 Tocco

552 2083 701 2168 patentes
718 2072 876 2148 lictcroc:

603 2195 818 2287 Proderiona,
837 2205 921 2286 ete,
940 2197 1113 2270 universis
1129 2219 1150 2270 a
1169 2197 1294 2272 Bamlo
1309 2217 1421 2291 nsque
1437 2197 1581 2286 Bamm,
1598 2207 1667 2270 etc.
1684 2197 1774 2284 Quia
1792 2196 1968 2272 mictimns

553 2320 706 2414 judicem
722 2321 763 2394 R.
783 2319 829 2394 de
844 2322 969 2394 Sancto
991 2321 1119 2394 Severo
1138 2317 1273 2394 fidelem
1294 2331 1451 2394 nostrum
1475 2341 1539 2416 pro
1557 2319 1753 2416 recipienda
1781 2319 1909 2396 idonea
1933 2331 1968 2395 et

556 2443 736 2519 sufficienti
752 2441 975 2535 fidejussione
986 2465 1048 2540 pro
1065 2453 1162 2540 parte
1177 2444 1272 2518 curie
1288 2442 1340 2540 (o)
1356 2465 1377 2517 a
1392 2443 1522 2538 llajore
1534 2443 1579 2520 de
1594 2443 1801 2518 Plancatone
1813 2443 1860 2522 tle
1878 2445 1968 2518 Baro

556 2566 651 2642 lideli
668 2575 785 2640 nostro
803 2566 839 2638 in
856 2568 1046 2662 quantitate
1067 2577 1220 2662 quatuor
1236 2566 1382 2640 millium
1398 2567 1599 2658 unciarum,
1619 2565 1666 2640 de
1687 2567 1846 2662 ponenda
1863 2567 1966 2642 vide-

555 2691 634 2765 licet
666 2691 797 2764 ratione
825 2690 920 2763 curie
949 2699 1064 2764 nosue
1092 2691 1138 2764 de
1160 2689 1466 2764 amministratione
1493 2709 1600 2785 qnam
1630 2688 1766 2764 dudum
1795 2691 1904 2788 gessit
1928 2691 1965 2763 in

555 2815 700 2912 Apmtio
715 2823 750 2888 et
775 2834 882 2907 qnam
898 2835 1009 2908 nuper
1025 2813 1132 2908 gessit
1149 2814 1186 2885 in
1203 2813 1318 2887 Sicilia
1333 2821 1369 2886 et
1383 2811 1538 2887 Calabria
1553 2811 1601 2886 de
1616 2812 1731 2890 officio
1750 2815 1915 2910 secretio,
1931 2823 1967 2889 el

554 2947 593 3012 nt
606 2937 742 3011 assistat
762 2935 925 3010 delationi
940 2938 1029 3010 lacta
1049 2945 1168 3010 eontm
1189 2937 1386 3033 Philippum
1406 2935 1739 3014 Achillonelidelem
1757 2951 1967 3013 nostramet

553 3063 674 3158 probet
696 3079 765 3156 qne
790 3061 827 3132 in
852 3058 1023 3133 delatione
1043 3058 1319 3156 comprehendit,
1343 3068 1379 3134 et
1399 3059 1445 3134 dc
1465 3061 1640 3136 solvendis
1661 3061 1713 3138 OG
1736 3063 1850 3136 unciis
1867 3062 1965 3136 curie

553 3193 667 3259 nostre
693 3185 731 3256 in
757 3183 887 3278 quibus
909 3183 1000 3257 siout
1019 3183 1078 3257 alii
1104 3183 1267 3257 officiales
1290 3185 1385 3258 curie
1412 3193 1465 3257 est
1482 3193 1640 3277 taxatus,
1669 3182 1825 3258 fidelitati
1849 3196 1964 3261 vestm

551 3305 774 3405 precipiendo
792 3305 1001 3380 mandamns
1017 3315 1189 3401 quatemu
1203 3306 1316 3380 eidem
1333 3305 1446 3400 judici
1462 3307 1503 3380 R.
1521 3309 1649 3384 curetis
1664 3311 1823 3382 assistere
1839 3309 1887 3384 ad
1899 3333 1962 3385 re-

551 3431 771 3526 quisitionem
794 3429 924 3524 ipsius,
945 3449 1068 3525 opere,
1092 3429 1235 3502 consilio
1258 3437 1294 3502 et
1313 3429 1448 3520 lavore,
1474 3429 1621 3525 qualiter
1650 3433 1869 3506 commissum
1894 3433 1960 3507 sibi

551 3573 692 3646 presens
707 3551 888 3625 servitium
904 3549 1059 3624 studiose
1077 3559 1112 3624 et
1128 3549 1274 3624 fideliter
1290 3559 1496 3646 exequatur.

598 3677 722 3749 Datum
740 3675 857 3768 Fogie,
878 3673 923 3748 Vl
940 3672 1059 3765 madii,
1080 3673 1158 3747 xlll
1176 3672 1385 3749 indictionis.

596 3798 728 3872 Eodem
742 3796 800 3872 die
810 3795 941 3870 ibidem
954 3795 1000 3869 de
1014 3795 1136 3870 eodem
1149 3796 1312 3872 mandato
1324 3797 1460 3896 scripsit
1473 3799 1511 3873 P.
1526 3798 1572 3874 de
1584 3795 1700 3896 Capua
1714 3797 1761 3874 ad
1776 3801 1958 3876 nnivmsos

550 3921 751 3995 castellanos
765 3919 1006 4013 justitiariatus
1022 3917 1158 4015 Aprutii
1173 3919 1272 4014 qnod
1290 3917 1337 3996 ad
1352 3921 1610 4017 mquisitionem
1627 3921 1745 3996 Criscii
1761 3921 1957 3999 dmallilani

549 4041 727 4116 camerarii
741 4039 884 4137 Apmcii
901 4041 985 4116 dent
997 4041 1064 4116 sibi
1080 4042 1125 4118 de
1139 4043 1372 4118 servientibus
1386 4054 1576 4119 castromm
1594 4045 1746 4142 ipsorum
1761 4069 1824 4144 pro
1840 4047 1956 4124 servi-

548 4163 919 4240 ciisenrieiaciendis.
1656 4157 1660 4164 ’

587 4411 631 4494 (a)
652 4411 699 4476 lbl
710 4411 829 4475 addltur
840 4409 912 4494 poi;
927 4409 1007 4474 unde
1019 4423 1121 4476 tensus
1132 4411 1256 4474 omnlno
1268 4409 1415 4476 turbetur.
