4384 6004
265 595 365 653 lanice.
385 595 446 671 lt]
717 595 918 656 HISTORIA
939 596 1236 658 DlPLOllll'l'lCll.
1433 553 1435 557 Ι
1608 609 1685 669 1113

266 731 435 802 ambitum
454 730 604 802 civitatis
621 739 738 803 nostra
762 731 925 804 contrivit
941 733 1094 826 potentia
1114 743 1153 802 ut
1171 743 1329 827 exparte
1346 735 1502 828 qualibet
1522 741 1685 812 continua

266 865 476 927 nocumenta
492 855 669 926 sentirent.
684 855 824 926 Factum
838 866 891 927 est
904 856 1009 948 igitur
1023 855 1108 926 dum
1123 867 1382 928 consumeretur
1399 859 1515 932 inedia
1530 862 1685 937 inclusus

266 977 429 1070 populus,
449 975 534 1047 dum
554 977 706 1071 ipsorum
725 978 971 1049 conscientiam
992 987 1158 1072 concepta
1176 977 1455 1072 degenerationis
1473 992 1508 1054 et
1525 987 1684 1079 nequicie

266 1101 430 1172 memoria
446 1111 615 1195 pungeret
626 1111 660 1172 et
676 1101 862 1192 morderet,
878 1113 953 1195 post
965 1123 1144 1193 egressum
1157 1101 1344 1174 multorum
1358 1124 1404 1174 ex
1417 1104 1480 1193 eis,
1497 1127 1575 1178 cum
1589 1110 1683 1181 nulla

266 1225 408 1298 omnino
424 1226 510 1319 ipsis
527 1246 606 1320 spes
624 1225 777 1298 tuitionis
801 1227 993 1312 assisteret,
1015 1225 1081 1297 nisi
1100 1247 1148 1297 ex
1164 1225 1406 1320 desperatione
1423 1230 1682 1323 quodammodo

264 1347 446 1420 audaciam
477 1349 727 1442 quantamlibet
756 1352 863 1422 immo
892 1350 1008 1444 potius
1034 1350 1204 1422 insaniam
1233 1353 1474 1438 assumebant,
1503 1355 1586 1448 quia
1621 1379 1682 1450 pro

265 1471 364 1544 firmo
379 1482 633 1566 compererant,
655 1474 761 1545 immo
782 1473 953 1546 videbant
975 1495 1034 1567 pre
1052 1473 1164 1545 oculis
1178 1485 1382 1568 apparatum
1401 1478 1547 1548 militum
1565 1491 1600 1550 et
1618 1501 1678 1571 pe-

265 1595 394 1686 ditum,
414 1597 606 1692 insperatas
624 1597 717 1669 acies
736 1597 797 1690 qui
813 1597 1013 1670 catervatim
1031 1597 1156 1670 cotidie
1170 1607 1324 1668 nostrum
1339 1599 1471 1670 felicem
1488 1603 1679 1674 exercitum

264 1721 477 1810 dilatabant,
507 1743 616 1815 quum
643 1720 735 1814 ipsos
757 1720 902 1812 aggredi
924 1722 1133 1815 parabamus
1158 1720 1204 1793 de
1226 1730 1369 1816 optentu
1391 1724 1504 1794 securi
1536 1734 1574 1794 ut
1599 1737 1679 1819 pote

263 1865 371 1916 verno
390 1845 491 1916 nobis
508 1855 660 1937 tempore
674 1842 865 1934 arridente,
888 1845 1046 1915 ultimum
1070 1865 1140 1915 non
1161 1853 1380 1937 expectantes
1392 1844 1564 1936 judicium
1582 1849 1679 1940 quod

263 1968 449 2040 rebellione
463 1978 659 2040 meruerant
671 1979 706 2040 et
719 1968 876 2058 offensis,
901 1967 1073 2062 supplices
1089 1977 1240 2039 nostram
1259 1967 1529 2040 misericordiam
1554 1971 1677 2064 implo-

262 2102 376 2162 rantes
397 2093 531 2186 precise
554 2113 674 2162 omnes
691 2092 844 2184 ipsorum
868 2100 902 2160 et
917 2091 1045 2182 singuli
1071 2111 1109 2162 se
1133 2091 1200 2185 piis
1220 2089 1366 2161 vocibus
1384 2091 1510 2162 nostris
1530 2093 1678 2185 pedibus

262 2215 497 2286 involverunt.
520 2214 669 2306 Imperio
688 2226 803 2285 nostro
824 2214 910 2285 lavit
926 2215 1103 2303 Faventia,
1120 2224 1154 2285 et
1169 2215 1268 2308 signa
1286 2221 1400 2284 nostra
1419 2215 1570 2285 victricia
1587 2217 1677 2286 civi-

262 2348 364 2411 tatem
380 2339 575 2408 illuminant
589 2337 756 2408 hactenus
773 2337 1003 2409 tenebrosam.
1020 2339 1236 2430 Benignitate
1249 2338 1347 2408 solita
1364 2338 1541 2430 prostratis
1559 2339 1677 2410 indul·

261 2463 369 2532 simus
387 2473 421 2532 et
440 2462 636 2555 petentibus
655 2461 791 2532 veniam
810 2460 1043 2532 misericordia
1057 2469 1173 2532 nostra
1187 2460 1352 2554 pepercit,
1370 2481 1416 2530 ex
1431 2483 1502 2552 qno
1517 2463 1615 2533 nobis
1630 2464 1675 2534 ad

261 2585 581 2680 depopulationem,
601 2594 667 2654 etc.
686 2581 772 2678 (sic).
792 2584 867 2668 Que
889 2583 950 2654 tibi
968 2582 1205 2675 significamus
1223 2583 1269 2655 ad
1291 2581 1459 2676 gaudium
1477 2593 1513 2654 et
1529 2585 1675 2678 singulis

259 2709 421 2781 fidelibus
438 2709 564 2780 nostris
577 2731 637 2803 per
655 2722 687 2781 te
703 2709 866 2781 volumus
883 2709 1069 2802 publicari,
1086 2707 1182 2800 quod
1193 2729 1374 2780 successus
1391 2716 1426 2779 et
1437 2707 1576 2780 honoris
1590 2731 1675 2781 nos-

259 2835 300 2904 tri
315 2834 384 2905 sint
397 2833 522 2904 conscii
539 2833 695 2926 quisunt
711 2833 850 2905 honeris
869 2853 938 2905 non
954 2841 1125 2926 expertes.

310 3398 542 3504 fridericus,
562 3401 824 3483 Romanorum
850 3399 1071 3508 imperator,
1092 3397 1246 3482 Ezelino
1268 3397 1420 3480 nuntiat
1441 3394 1671 3479 deditionem

256 3531 419 3614 civitatis
433 3533 650 3640 Fauentiae,
669 3534 729 3615 cui
745 3533 911 3641 pepercit
922 3543 1008 3640 post
1025 3531 1205 3640 praestita
1222 3531 1295 3614 sibi
1312 3530 1505 3614 fidelitatis
1523 3529 1672 3612 debitae

253 3663 470 3770 juramenta
488 3675 526 3748 et
543 3666 673 3750 illicita
690 3665 883 3775 quaelibet
901 3663 1090 3774 abjurata.

337 3888 430 3967 (lidlt.
448 3907 497 3966 ap.
513 3889 596 3950 Petri
613 3887 648 3950 dc
671 3891 737 3951 Vin.
753 3890 864 3968 spira,
882 3889 935 3951 lib.
957 3889 1003 3968 II,
1023 3906 1089 3966 cap.
1105 3885 1183 3962 1111;
1207 3889 1275 3949 coll.
1295 3905 1364 3949 cum
1377 3889 1443 3950 cod.
1466 3887 1543 3948 Bibl.
1568 3887 1667 3949 Cesar.

374 3995 483 4074 Parls.,
493 3994 586 4074 seoda
599 3992 982 4075 Samniticis-Herm,
999 3994 1083 4073 4⁵5.)

303 4195 522 4288 Fredericus,
544 4206 611 4270 etc.
632 4198 724 4270 licet
743 4217 806 4290 pro
824 4197 897 4267 suis
920 4195 1034 4268 diffisa
1050 4193 1201 4282 meritis,
1222 4213 1268 4264 ex
1282 4193 1490 4265 conscientia
1507 4193 1667 4283 gravium

254 4320 391 4412 quasin
414 4342 477 4393 nos
493 4321 710 4393 commiserat
727 4319 956 4407 offensarum,
975 4318 1154 4390 distulerat
1171 4317 1338 4389 hactenus
1355 4315 1526 4389 mandatis
1544 4317 1669 4388 nostris

256 4445 379 4516 lavisse
393 4445 576 4535 Faventia,
600 4455 635 4517 et
656 4454 772 4518 nostre
797 4445 900 4516 etiam
923 4442 1112 4515 obsidionis
1133 4441 1268 4514 viribus
1288 4441 1365 4512 visa
1386 4449 1440 4512 est
1462 4439 1667 4532 aliquandiu

253 4567 415 4640 restitisse
429 4581 564 4663 propter
579 4569 713 4664 hyemis
731 4567 982 4661 intemperiem,
1000 4586 1070 4658 que
1085 4586 1185 4637 suam
1199 4563 1428 4637 diffidentiam
1442 4563 1664 4652 confovebat,

253 4712 346 4762 nunc
362 4701 477 4764 autem
499 4693 599 4765 verni
626 4691 789 4787 temporis
811 4690 1018 4764 adveniente
1042 4688 1222 4784 temperie,
1242 4707 1314 4782 quo
1339 4687 1489 4760 civitatis
1509 4686 1665 4779 ejusdem
