4374 6010
204 725 381 810 limor.13.]
650 717 849 782 llisronle
875 718 1168 786 DIPLOMATIGA.
1556 727 1617 792 875

204 875 294 958 nate,
308 865 540 936 instructurus
557 855 699 930 nuntios
710 864 789 930 tuos
801 854 864 951 qui
878 855 971 952 ipsos
985 859 1182 934 conducent
1197 871 1237 934 ut
1248 881 1329 934 cum
1344 857 1442 956 apud
1451 859 1615 936 Asculum

203 989 349 1079 fuerint,
367 981 535 1061 Riccsrdo
548 981 595 1057 de
609 981 861 1056 llcntclusculo
879 982 1066 1074 justitiario
1085 983 1275 1080 Capitiuate
1292 984 1387 1060 fideli
1409 995 1527 1060 nostro
1550 985 1616 1060 hcc

205 1112 354 1188 debeant
365 1111 545 1200 intimare,
561 1104 754 1202 processuri
771 1103 899 1179 deinde
917 1105 1007 1178 siout
1020 1127 1082 1203 per
1098 1129 1179 1182 eum
1196 1109 1449 1206 beneplacitum
1462 1117 1615 1182 nostrum

204 1247 376 1432 ⁸⁰¹illirium
389 1355 549 1446 Lonorio,
567 1353 613 1426 lll
626 1351 762 1448 aprilis,
782 1350 859 1424 Xlll
875 1351 1085 1426 indictionis.

249 1482 385 1556 Similes
400 1478 538 1575 scripsit
554 1475 722 1550 Riccardo
737 1473 784 1549 de
795 1475 1012 1571 Monteuigro
1023 1477 1206 1570 justitiario
1221 1480 1323 1554 Tene
1335 1479 1488 1554 laboris.

247 1605 384 1678 Similes
403 1601 586 1676 Thomasio
603 1599 648 1674 de
665 1597 880 1694 Montanigro
897 1599 1083 1692 justitiario
1104 1601 1319 1698 Principatus
1337 1613 1372 1676 et
1393 1613 1482 1678 terre
1498 1605 1612 1678 Bene·

202 1737 383 1926 iffi
397 1821 579 1924 mommo
596 1845 666 1920 iiio
682 1845 850 1920 ossum
861 1846 1045 1940 justitiario
1062 1848 1255 1922 Basilicas.

248 1975 385 2050 Similes
397 1975 436 2046 L.
456 1971 501 2048 de
513 1973 643 2044 Franco
654 1969 838 2064 justitiario
851 1979 940 2044 terre
950 1970 1060 2044 Burri.

246 2099 382 2172 Similes
392 2095 580 2170 Tholcmeo
591 2093 637 2169 de
650 2093 1045 2188 custellionejustitiario
1056 2094 1157 2170 vallis
1170 2093 1282 2167 Gratis
1293 2103 1328 2166 ct
1338 2102 1427 2168 terre
1442 2095 1606 2170 Iordane.

248 2665 472 2752 Mandatum
499 2665 549 2747 ad
571 2661 820 2774 justitiarium
841 2663 978 2748 Terrae
1002 2661 1181 2770 Laboris,
1206 2667 1478 2750 commandens
1504 2671 1609 2780 quod
1665 2679 1784 2789 3¹:353·

201 2799 397 2910 pecuniam
414 2799 466 2880 ed
482 2795 688 2880 Heuricum
705 2821 836 2908 regem
853 2796 1034 2880 Turrium
1060 2811 1099 2881 ct
1117 2797 1295 2883 Gelluree
1316 2799 1480 2908 miserit,
1505 2811 1543 2884 et
1565 2813 1608 2886 ut

201 2933 322 3018 reniet
338 2932 380 3014 in
398 2929 495 3015 festo
511 2930 732 3016 Palmarum
750 2930 801 3013 ed
819 2930 1072 3040 praesentiam
1090 2931 1284 3042 principis.

275 3143 403 3226 (neor.
418 3144 522 3226 irriper.
536 3139 653 3206 stede.
668 3142 709 3216 11,
722 3141 777 3204 lul.
793 3151 832 3205 ul
846 3147 943 3219 reatui
957 3145 991 3204 ln
1007 3143 1078 3206 edit.
1094 3143 1230 3221 Cercnn,
1245 3163 1277 3224 p.
1294 3145 1376 3226 888.)

244 3343 291 3414 lle
314 3341 481 3436 impendi
504 3339 764 3432 maculositate
784 3360 849 3434 per
871 3339 1069 3432 mopistrum
1092 3340 1132 3412 G.
1157 3341 1198 3412 de
1224 3343 1320 3414 locro
1342 3344 1477 3438 scripsit
1499 3345 1538 3418 G.
1566 3346 1606 3419 de

205 3465 386 3539 Gerontio:

244 3590 462 3682 Foedericus,
480 3598 564 3682 etc,
583 3585 750 3662 ilicoerdo
764 3586 809 3661 de
822 3586 1039 3682 Montenigro
1047 3587 1233 3679 justitiario
1248 3589 1350 3662 Terre
1365 3591 1519 3681 Laboris,
1535 3603 1601 3668 etc.

201 3713 361 3788 musceta
378 3713 590 3808 benignitate
609 3711 803 3808 recepimus
826 3710 979 3803 lictores,
1000 3720 1066 3784 etc.
1088 3711 1190 3797 Quod
1210 3721 1326 3785 eutem
1346 3725 1483 3810 recepto
1504 3740 1604 3792 men·

202 3835 277 3912 dete
294 3850 411 3912 nostro
427 3835 524 3932 quod
542 3835 605 3908 tibi
622 3835 816 3910 direximus
834 3834 880 3909 de
897 3835 1080 3908 mietendis
1097 3836 1190 3908 mille
1211 3835 1383 3911 nclxvll
1401 3841 1511 3914 unciis
1527 3843 1603 3915 nuri

200 3960 244 4034 ad
259 3962 301 4034 ll.
329 3963 497 4034 illustram
522 3980 642 4053 regem
663 3959 822 4032 Turrium
848 3967 883 4032 et
905 3958 1059 4049 calore,
1084 3967 1168 4048 etc,
1196 3981 1259 4056 pro
1285 3963 1410 4036 nostris
1432 3965 1600 4057 servitiis,

201 4084 394 4179 significasti
409 4093 444 4159 te
459 4085 574 4158 stetim
589 4084 700 4180 ipsam
713 4083 897 4178 pecuniam
910 4083 1126 4156 recollectam
1139 4082 1185 4156 ad
1197 4084 1359 4158 eumdem
1375 4107 1487 4181 usque
1502 4092 1603 4162 Sanc·

200 4215 269 4280 tum
288 4208 492 4282 Flavianum
513 4207 666 4298 misisse,
691 4213 828 4300 gratum
851 4205 1021 4278 habemus
1050 4214 1084 4278 ct
1107 4207 1204 4279 tuam
1228 4205 1311 4281 inde
1337 4209 1601 4286 sollicitudinem

201 4329 482 4404 commendamus.
509 4329 706 4404 Laudemus
724 4329 828 4402 etiam
847 4329 1001 4403 studium
1026 4337 1126 4400 tuum
1151 4329 1247 4423 quod
1269 4331 1449 4426 diligenter
1473 4333 1602 4410 insistis

201 4453 244 4526 ed
258 4454 525 4549 recolligendum
536 4452 607 4527 duo
623 4453 716 4525 milia
732 4447 967 4550 uncias[auri]
979 4451 1105 4545 quade
1119 4451 1410 4528 mandetonoslro
1425 4457 1602 4550 assignare

202 4573 304 4650 debes
312 4576 477 4650 lliccardo
491 4574 536 4650 de
549 4577 674 4648 Sancto
686 4575 857 4648 Germano
869 4573 964 4648 fideli
981 4583 1109 4667 nostro,
1129 4597 1192 4670 pro
1206 4577 1330 4648 nostris
1348 4580 1493 4671 quesibi
1506 4603 1601 4654 com-

201 4698 350 4773 misimus
370 4699 521 4774 servitiis
538 4697 776 4794 exequendis;
803 4719 995 4793 superque
1019 4707 1054 4771 et
1074 4720 1178 4793 super
1200 4700 1394 4794 colligenda
1416 4705 1510 4776 omni
1533 4707 1600 4782 alie

202 4822 340 4912 pecunia
355 4823 452 4896 curie
463 4831 577 4896 nostre
590 4831 626 4895 et
640 4820 687 4895 ad
704 4829 856 4895 nostram
868 4821 1074 4917 presentiam
1089 4822 1286 4918 deferende,
1300 4845 1376 4898 esse
1388 4833 1423 4899 tc
1437 4829 1600 4902 volumus
