4384 6004
536 754 614 816 1076
1036 752 1250 814 FllllllllllCl
1270 753 1442 814 sttcttrtnl
1762 755 1842 839 [aar.
1861 757 1943 818 1240.

533 887 743 983 protegitur,
765 907 812 957 ex
828 886 1033 980 impunitate
1052 897 1227 962 crescente
1247 889 1481 982 quorumlibet
1498 889 1602 961 etiam
1621 899 1796 963 crescente
1813 892 1946 964 licentia

533 1013 717 1099 scelerum,
730 1009 800 1102 Juri
819 1011 987 1103 prefertur
1001 1011 1142 1102 injuria,
1160 1011 1304 1106 perfidia
1316 1011 1398 1085 fidei
1416 1024 1451 1085 et
1467 1011 1688 1086 mendacium
1705 1015 1855 1087 veritati.
1874 1015 1946 1088 Pal·

532 1137 616 1208 lulat
634 1134 766 1206 heresis
785 1133 869 1205 dum
894 1133 1122 1206 hereticorum
1146 1133 1251 1206 nidus
1274 1135 1585 1208 Mediolanensium
1608 1136 1762 1226 mansio,
1781 1137 1945 1209 viciorum

533 1259 667 1331 sentina
694 1257 894 1345 notissima,
920 1259 1142 1349 confovetur3
1164 1257 1237 1330 istis
1259 1259 1422 1332 omnibns
1446 1269 1651 1354 pregravata
1677 1259 1767 1332 Petri
1789 1261 1946 1332 navicula

532 1383 715 1476 mergitur,
744 1383 829 1454 retia
856 1382 1081 1474 tranguntur,
1108 1382 1247 1476 gladius
1274 1383 1475 1474 hebetatur,
1504 1405 1569 1456 nec
1594 1383 1640 1456 ad
1668 1385 1946 1457 exonerationem

531 1509 606 1600 ejus
624 1508 793 1578 clamante
807 1505 1012 1579 multociens
1033 1507 1179 1579 Domino
1201 1533 1218 1576 a
1238 1507 1366 1602 Symon
1390 1507 1570 1596 dormis-u,
1585 1529 1650 1580 nec
1666 1507 1757 1580 Petri
1774 1528 1947 1580 successor

531 1631 672 1721 evigilat
689 1651 754 1702 nec
770 1629 830 1724 qui
850 1630 1060 1703 dormierant
1077 1641 1181 1703 naute
1199 1643 1430 1724 consurgunt,
1446 1631 1552 1703 immo
1573 1631 1668 1725 qrrod
1685 1640 1737 1703 est
1755 1633 1829 1702 solo
1853 1631 1945 1703 dictu

531 1755 705 1844 mirabile,
725 1775 849 1827 manus
863 1755 1016 1848 ipsorum
1033 1755 1253 1848 naufragium
1269 1755 1461 1850 stupefacta
1480 1754 1627 1846 deliquit
1644 1763 1679 1826 et
1699 1755 1795 1825 velut
1813 1777 1834 1826 a
1852 1775 1946 1826 som·

530 1879 678 1951 nolentis
702 1899 723 1949 a
748 1879 852 1972 longe
875 1878 1040 1971 suffragia
1067 1888 1314 1950 convocantur.
1342 1879 1418 1962 Qus
1447 1899 1525 1948 cum
1550 1887 1711 1972 suspecta
1735 1877 1947 1970 quibuslibet

529 2000 656 2074 debeat
670 2022 746 2073 esse
759 2001 908 2092 vocatio,
926 1998 1026 2074 nobis
1044 2001 1220 2095 potissime
1237 1999 1460 2095 dispendiosa
1476 2012 1654 2090 censetur,
1670 2004 1729 2094 qui
1748 2001 1946 2094 priusquam

528 2123 585 2196 ille
599 2125 757 2218 specialis
771 2133 887 2196 noster
903 2134 938 2196 et
955 2125 1127 2219 generalis
1146 2125 1410 2196 christianorum
1426 2123 1582 2195 omnium
1596 2135 1742 2218 peterse
1760 2123 1945 2197 difficulta-

530 2250 623 2320 tibus
637 2249 711 2320 istis
723 2249 907 2342 ingereret,
921 2249 967 2322 ad
977 2249 1202 2322 exaltandam
1214 2248 1318 2322 fidem
1330 2249 1533 2322 catholicam
1547 2259 1581 2320 et
1591 2249 1837 2322 eradicandam
1853 2249 1946 2322 here·

529 2376 631 2447 ticam
649 2374 854 2469 pravitatem
868 2374 935 2444 sibi
953 2383 1031 2469 post
1046 2373 1163 2447 oblata
1179 2375 1284 2447 totius
1293 2375 1449 2469 potencie
1459 2385 1574 2454 nostre
1586 2373 1944 2470 presidia,·persouam

529 2507 680 2571 nostram
697 2497 886 2569 obtulimus
908 2509 943 2569 et
961 2497 1158 2570 Conradum
1180 2499 1395 2570 carissimum
1415 2497 1524 2570 filium
1543 2508 1697 2570 nostrum
1714 2498 1945 2571 Romanorum

528 2623 565 2694 in
583 2643 701 2716 regem
716 2621 863 2694 electum
880 2631 914 2692 et
926 2622 1025 2714 regni
1040 2621 1311 2718 lerosolymitani
1328 2621 1490 2696 heredem
1514 2624 1671 2694 futurum
1688 2621 1849 2694 obsidem
1863 2621 1944 2694 dare

528 2745 766 2840 promisimus,
791 2755 830 2816 ut
850 2744 939 2816 inter
960 2765 1023 2816 nos
1041 2755 1077 2816 et
1092 2745 1207 2840 ipsum
1226 2745 1273 2818 de
1290 2745 1399 2840 prima
1419 2745 1591 2820 discordia
1609 2767 1678 2818 non
1697 2744 1945 2818 discerneretur

528 2869 674 2940 scintilla
689 2890 753 2940 nec
770 2869 892 2940 umbra
908 2868 1044 2942 dissidii
1063 2869 1239 2942 videretur
1256 2897 1265 2942 :
1284 2870 1345 2962 qni
1369 2871 1506 2962 utique,
1525 2871 1615 2942 sicut
1632 2879 1748 2963 postea
1774 2891 1837 2964 pro
1854 2880 1945 2942 certo

528 2993 775 3086 comperimus,
797 2993 994 3082 annuisset,
1011 2993 1076 3065 uisi
1100 2993 1194 3088 qood
1212 2993 1525 3066 Mediolanensibus
1541 3005 1575 3066 et
1595 3015 1714 3065 eorum
1739 2993 1944 3086 sequacibus

530 3117 664 3210 imperii
690 3116 796 3188 nostri
825 3117 1009 3188 rebellibus
1035 3117 1262 3212 promissione
1287 3117 1456 3188 contraria
1480 3117 1674 3189 tenebatur.—
1695 3119 1770 3188 Hoc
1786 3119 1887 3188 etiam
1909 3118 1942 3187 in

528 3241 695 3336 presenti,
713 3240 792 3311 licet
810 3239 917 3310 verbo
940 3261 1010 3312 non
1032 3251 1182 3326 asserat,
1199 3239 1378 3312 confirmat
1395 3240 1540 3330 effectu,
1558 3241 1641 3311 dum
1663 3252 1858 3334 porrectam
1872 3241 1944 3330 ejus

526 3362 698 3454 naufragii
716 3373 751 3435 et
764 3363 885 3435 auxilii
901 3385 1056 3452 manum,
1074 3363 1391 3437 contradicentibus
1408 3363 1473 3435 sibi
1488 3364 1664 3435 nonnullis
1677 3384 1724 3434 ex
1742 3364 1872 3450 nautiS,
1888 3385 1943 3435 ac·

526 3489 641 3582 cipere
662 3485 778 3558 renuit
795 3487 850 3558 vel
874 3487 959 3559 lorte
988 3497 1126 3559 veretur
1149 3509 1194 3560 ne
1214 3487 1462 3582 periclitantem
1482 3485 1792 3559 Mediolanensium
1816 3489 1942 3558 scalam

526 3624 656 3683 temere
672 3610 744 3681 suis
758 3609 921 3682 oneribus
939 3611 1113 3704 alligatam
1126 3632 1196 3682 non
1216 3611 1327 3682 solum
1343 3611 1380 3682 in
1396 3610 1628 3706 prejudicium
1644 3620 1813 3695 nostram,
1828 3610 1892 3683 sed
1909 3611 1943 3680 in

527 3731 681 3806 dedecus
697 3734 852 3804 omnium
866 3735 1074 3806 secularium
1093 3734 1301 3827 dignitatum
1318 3735 1454 3807 salvare
1469 3736 1630 3806 velimus.
1651 3735 1824 3806 Serenites
1838 3734 1944 3827 igitur

525 3857 621 3950 regia
637 3877 706 3928 non
725 3857 868 3928 miretur
889 3857 929 3928 si·
940 3878 1006 3928 uos
1029 3857 1160 3928 vocatis
1178 3855 1223 3928 ad
1240 3857 1455 3929 vocationem
1471 3855 1640 3948 ejusmodi
1655 3857 1834 3927 transitum
1855 3867 1942 3928 terra

526 3980 683 4072 marique
704 3981 835 4072 paratis
853 3979 1040 4052 obstaculis
1057 3978 1297 4073 prohibemus,
1315 3968 1401 4050 cum'
1412 4001 1475 4074 pro
1492 3989 1584 4052 certo
1602 3979 1752 4050 sciamus
1766 3978 1862 4074 quod
1875 4001 1941 4051 non

525 4113 594 4175 tam
612 4103 658 4176 ad
676 4103 867 4176 vocationis
888 4103 1011 4175 solatia
1029 4123 1134 4195 quam
1151 4101 1198 4174 ad
1216 4103 1335 4174 salutis
1355 4114 1471 4175 nostre
1489 4102 1674 4197 dispendia
1695 4113 1938 4176 convocantur.

526 4227 627 4310 Quod
652 4225 913 4320 circumspectio
938 4235 1052 4297 vestra
1076 4225 1257 4297 manifeste
1278 4235 1390 4319 potest
1413 4225 1648 4320 perpendere,
1672 4224 1757 4297 dum
1781 4226 1882 4297 nobis
1908 4227 1942 4296 in

526 4353 606 4421 sinu
620 4359 734 4422 vestro
748 4370 868 4421 secure
879 4326 1116 4444 promentibus
1135 4371 1275 4421 oausam
1294 4360 1460 4441 nostram,
1479 4349 1546 4421 sibi
1564 4371 1624 4443 per
1641 4370 1706 4422 uos
1720 4349 1837 4422 oblata
1852 4351 1942 4420 mul·

525 4473 631 4546 tocies
645 4472 740 4568 pacis
753 4473 799 4543 ab
812 4495 854 4545 eo
871 4475 940 4545 sint
957 4474 1126 4568 vilipensa
1143 4473 1303 4560 consilia,
1324 4482 1363 4543 ut
1378 4483 1519 4568 repente
1536 4494 1600 4546 nos
1615 4472 1762 4567 perdere
1776 4473 1942 4566 cogitaret

527 4609 560 4670 ct
579 4617 620 4668 eo
636 4595 767 4690 impetu
780 4605 936 4668 nostrum
954 4607 988 4668 et
1006 4597 1113 4669 nostri
1133 4597 1269 4690 generis
1288 4616 1413 4668 nomen
1433 4605 1599 4691 perpetuo
1616 4595 1773 4668 crederet
1789 4597 1938 4669 abolere.

525 4719 704 4816 Synodum
729 4719 832 4792 etiam
855 4732 1072 4816 expectatam
1099 4744 1161 4817 per
1184 4743 1248 4793 nos
1272 4720 1319 4792 ad
1343 4718 1577 4792 ostendendas
1604 4719 1798 4792 innocentie
1827 4731 1941 4792 nostre

526 4865 646 4918 causas
664 4844 845 4916 convocari
862 4846 1049 4940 prohibuit.
1072 4845 1179 4939 Igitur
1197 4867 1266 4918 nou
1281 4854 1334 4918 est
1353 4845 1477 4916 mirum
1498 4845 1528 4916 si
1550 4865 1614 4917 nos
1632 4843 1819 4916 convenire
1838 4864 1939 4916 voca·
