4468 6010
581 645 641 708 '190
1080 644 1299 708 lulunnlcl
1323 647 1499 710 succum
1804 655 1885 732 [Ans.
1904 655 1989 718 lato.

581 789 671 852 terre
686 778 852 871 Iordane,
869 789 936 853 etc.
956 780 1107 852 lnnotnit
1132 802 1242 876 nuper
1265 783 1469 856 excellentie
1494 792 1610 858 nostre
1632 787 1730 882 qnod
1751 790 1925 866 lohannes
1948 792 1992 868 de

580 902 747 976 Fuscaldo
774 925 854 975 cnm
879 913 1001 976 terram
1019 891 1195 977 'feodalem
1221 915 1353 995 teneat,
1380 926 1526 980 uxorem
1545 907 1649 982 duxit
1674 912 1749 985 sine
1771 914 1936 987 mandato
1958 929 1992 990 ct

581 1036 695 1099 nostre
717 1026 935 1098 conniventia
960 1027 1146 1118 majestatis
1163 1038 1280 1101 contra
1301 1051 1475 1102 sacrarum
1499 1033 1781 1106 constitutionum
1797 1046 1991 1110 nostrarum

581 1161 746 1224 tenorem.
768 1151 882 1235 Quare
903 1148 1057 1222 fidelitati
1083 1159 1142 1222 tue
1166 1151 1389 1247 precipiendo
1407 1153 1614 1227 mandamns
1633 1167 1805 1250 quatenns
1827 1159 1991 1254 inquisita

581 1296 686 1369 snper
703 1274 768 1346 hoc
786 1275 985 1368 diligentins
1002 1276 1162 1366 nemete,
1181 1276 1211 1348 si
1235 1299 1307 1349 rem
1323 1277 1497 1351 inveneris
1510 1280 1557 1352 ita
1575 1302 1666 1370 esse,
1685 1283 1850 1357 eumdem
1864 1285 1992 1358 lohan-

582 1420 662 1471 nem
680 1398 725 1471 de
743 1417 885 1492 persona
900 1399 1035 1494 rapias,
1053 1399 1153 1471 bonis
1171 1401 1245 1473 suis
1256 1402 1418 1474 omnibns
1432 1402 1607 1478 infiscatis.

629 1523 754 1594 Datum
771 1523 933 1614 viterbii,
952 1523 1074 1595 ultimo
1087 1524 1267 1616 februarii,
1286 1527 1362 1597 Xlll
1381 1525 1590 1601 indictionis.

574 1625 579 1632 ⁸
630 1645 732 1718 Lator
749 1645 943 1718 lieterarnm
960 1646 1111 1744 Arpinus
1124 1648 1169 1720 de
1186 1648 1369 1722 Fusoaldo.

787 1950 816 1958 --
819 1951 1260 1962 —m.—.-—-—q-.-
1265 1955 1782 1969 .-Μὴ-μ..

586 2281 590 2290 .
634 2211 811 2294 Mandata
846 2237 917 2322 pro
953 2211 1143 2296 solvendis
1175 2225 1261 2298 octo
1295 2214 1416 2297 unciis
1452 2195 1501 2296 ad
1537 2218 1814 2326 reparationem
1850 2219 1993 2302 Roocae

580 2344 718 2428 Montis
735 2343 931 2428 Draconis.

661 2567 788 2650 (Καμεὶ.
802 2569 903 2648 imper.
916 2567 1035 2629 meum
1053 2569 1097 2637 11,
1113 2568 1165 2630 tol.
1184 2579 1221 2629 76
1237 2587 1336 2646 vcrso;
1352 2573 1384 2631 in
1398 2571 1470 2634 edit.
1486 2571 1624 2646 Carcan„
1638 2589 1667 2650 p.
1687 2572 1771 2668 859.)

628 2767 675 2836 De
691 2766 845 2838 muudum
861 2766 1031 2861 imperiali
1050 2767 1135 2858 sacto
1149 2787 1212 2862 per
1220 2765 1368 2860 judicem
1388 2769 1425 2838 T.
1442 2767 1483 2840 dc
1500 2769 1621 2840 Suessa
1642 2770 1776 2864 emt'prt't
1795 2769 1934 2840 lacobus
1949 2770 1991 2841 de

578 2893 732 2963 Bactra:

625 3015 845 3104 Fredericns,
867 3023 950 3106 ete,
969 3009 1177 3112 G[uillelmo]
1195 3013 1240 3087 de
1263 3015 1445 3088 laurentio
1467 3014 1512 3089 de
1530 3017 1655 3090 Suessa
1676 3016 1845 3112 provisori
1861 3025 1991 3090 castro-

578 3163 673 3234 rum,
693 3149 759 3214 eto.
777 3138 950 3212 intellexit
964 3138 1132 3212 serenitas
1147 3147 1262 3211 nostra
1275 3138 1372 3233 quod
1386 3137 1536 3232 quedam
1552 3139 1628 3212 loca
1642 3141 1755 3213 Rocoe
1770 3140 1895 3214 Montis
1904 3141 1990 3211 Dra·

578 3265 675 3339 conis
691 3263 907 3360 reparatione
923 3262 1099 3356 indigent,
1120 3262 1297 3357 quoddam
1318 3265 1421 3335 etiam
1444 3262 1643 3336 hedificinm
1668 3263 1763 3358 qnod
1783 3263 1819 3334 in
1838 3261 1990 3358 quadam

578 3389 665 3461 turri
681 3389 909 3484 ipsiusllocce
922 3383 967 3460 de
981 3407 1074 3458 novo
1089 3386 1265 3480 inceptum
1279 3386 1344 3458 run
1360 3387 1427 3458 nni
1442 3389 1596 3460 cernere
1612 3369 1824 3482 computrui
1840 3388 1877 3459 n
1891 3389 1990 3462 neu

579 3521 734 3606 tempore
758 3509 882 3604 poterit
908 3509 1097 3600 devastari,
1123 3508 1219 3603 quod
1245 3520 1353 3581 totum
1380 3533 1460 3582 cnm
1485 3512 1622 3584 modica
1647 3512 1835 3606 quantitate
1857 3533 1990 3606 expen-

579 3657 710 3724 surum,
729 3632 891 3706 videlicet
909 3653 989 3704 cum
1003 3641 1080 3705 octo
1093 3633 1217 3724 unciis,
1235 3633 1309 3706 lieri
1326 3635 1451 3728 poterit
1470 3645 1508 3706 ut
1524 3634 1650 3707 dicitnr
1667 3645 1702 3708 et
1716 3635 1879 3729 reparari.
1899 3635 1991 3708 Licet

579 3769 695 3834 antem
715 3757 761 3831 ad
787 3757 1037 3851 reparationem
1056 3755 1211 3848 ejusdem
1228 3758 1339 3830 llocce
1358 3756 1501 3851 quidam
1518 3758 1563 3831 do
1581 3759 1666 3854 ipsis
1681 3760 1836 3853 partibus
1853 3767 1991 3831 tenean-

579 3898 648 3975 tur,
665 3903 709 3954 ne
724 3891 839 3953 tamen
852 3881 940 3952 lacto
954 3881 1095 3952 collecte
1107 3901 1176 3974 qne
1189 3878 1235 3951 ad
1250 3901 1391 3974 presens
1402 3881 1612 3976 imponenda
1629 3890 1682 3954 est
1695 3891 1766 3954 tam
1783 3882 1868 3976 ipsis
1883 3904 1989 3978 quam

580 4005 656 4080 aliis
674 4003 837 4079 fidelibus
859 4004 958 4096 regni
981 4003 1106 4094 nostri,
1131 4003 1274 4096 aliquod
1295 4012 1433 4099 propter
1456 4003 1523 4078 hoc
1548 4005 1835 4100 impedimentum
1851 4005 1991 4078 evenire
2078 4075 2081 4080 .

580 4130 775 4224 contingat,
795 4139 830 4200 et
854 4127 921 4222 ipsi
940 4127 1043 4199 etiam
1064 4125 1187 4199 eodem
1212 4137 1366 4222 tempore
1388 4127 1491 4200 simul
1510 4125 1639 4224 duplici
1662 4150 1767 4202 onere
1792 4129 1926 4221 gravati
1943 4127 1988 4200 ad

484 4255 493 4268 “
579 4262 766 4347 utrumque
780 4251 989 4325 sufficientes
1004 4271 1080 4324 esse
1096 4271 1165 4324 non
1188 4260 1343 4346 possent,
1358 4252 1520 4328 volumus
1537 4261 1575 4324 ut
1589 4253 1815 4347 quantitatem
1831 4251 1989 4324 camdem

579 4378 664 4474 ipsis
688 4375 876 4449 scientibus
900 4375 1045 4469 recipies
1072 4395 1093 4446 a
1114 4374 1289 4470 Stephano
1317 4373 1363 4448 de
1382 4375 1570 4448 llomoaldo
1597 4377 1814 4449 recollectcro
1834 4374 1988 4470 ipsarum

579 4500 729 4597 partium
741 4499 798 4573 cui
810 4519 873 4595 pro
883 4499 957 4596 ipsa
970 4497 1032 4569 tibi
1048 4497 1215 4572 solvenda
1229 4497 1431 4571 mandatum
1444 4497 1627 4592 dirigimus
1639 4499 1801 4595 speciale,
1814 4506 1849 4571 et
1862 4495 1991 4570 exindo

578 4625 653 4696 loca
670 4624 802 4719 prelata
819 4622 929 4720 ipsius
948 4623 1058 4694 llocoe
1084 4622 1235 4718 reparari
1256 4621 1362 4694 lacios
1385 4632 1421 4694 et
1445 4642 1534 4716 opus
1556 4622 1719 4718 compleri
1737 4622 1826 4695 sicut
1848 4617 1990 4715 exmdit

579 4747 837 4842 supradictum
856 4767 961 4842 qnam
979 4743 1197 4843 postmodnm
1215 4744 1442 4839 quantitatem
1458 4745 1629 4842 completo
1649 4745 1741 4820 dicte
1756 4743 1896 4818 collecte
1917 4761 1989 4814 ser·
