4564 6038
589 703 666 766 1208
1091 709 1272 770 totunm
1298 711 1450 782 ouaart
1804 717 1886 796 [Aac.
1906 717 1985 780 titt.

586 851 701 935 parte,
721 841 814 934 ipsos
834 842 956 914 tratres
979 863 1083 938 super
1103 845 1169 917 boc
1185 849 1333 940 presenti
1359 847 1485 942 scripto
1504 850 1737 940 munivimus,
1762 852 1867 946 sigilli
1888 853 1986 924 nostri

584 961 775 1034 munimine
791 962 966 1036 roborato.

634 1087 757 1156 Datum
774 1085 869 1180 apud
887 1087 1038 1182 Spiram,
1061 1087 1104 1160 Vl
1124 1091 1258 1180 marcii,
1279 1091 1372 1162 Xllll
1390 1090 1598 1165 indictionis.

387 1557 544 1720 rpffffift.
639 1584 854 1691 Comedus,
874 1587 915 1667 in
932 1585 1191 1668 Romanorum
1218 1612 1344 1696 regem
1364 1587 1525 1693 electus,
1549 1597 1703 1694 pactum
1727 1587 1825 1669 inter
1846 1587 1988 1671 loban-

583 1739 671 1796 nem
691 1715 858 1799 Golsteiu
881 1730 917 1799 et
945 1717 1109 1800 {lucum
1139 1717 1311 1828 Longum
1336 1719 1436 1801 cives
1461 1717 1824 1802 Fraukenfurtenses
1848 1719 1897 1802 de
1924 1745 1988 1801 ac-

583 1847 785 1954 quisitione
804 1847 914 1932 villae
932 1850 980 1932 de
998 1850 1249 1932 Vecheubeim
1271 1861 1455 1934 statutum
1474 1849 1687 1934 confirmat.

610 2047 616 2060 '
664 2059 796 2138 (Edider.
812 2063 963 2136 Lausum,
978 2061 1153 2142 ibauksurt.
1170 2061 1309 2140 Circuit,
1323 2081 1392 2141 pers
1405 2065 1447 2140 ll,
1464 2083 1494 2142 p.
1515 2075 1582 2126 ttt.
1600 2095 1639 2110 -
1660 2064 1774 2126 Bercllr.
1799 2063 1852 2124 der
1868 2065 1987 2126 Hom

702 2167 792 2226 minz.
803 2165 913 2241 Laude,
925 2185 955 2244 p.
967 2170 1225 2248 roa-Bonum,
1237 2167 1306 2230 Cod.
1319 2167 1469 2248 diplomat.
1486 2168 1803 2250 Moeno-mucium„
1813 2177 1835 2230 t
1845 2173 1872 2248 1,
1882 2189 1913 2248 p.
1925 2171 1984 2248 tt.)

629 2351 808 2425 Conradus
824 2353 898 2425 divi
914 2356 1051 2447 augusti
1077 2355 1290 2449 imperatoris
1306 2355 1468 2427 Friderici
1483 2353 1593 2444 filins,
1614 2355 1674 2428 Dei
1690 2357 1801 2448 gratia
1816 2359 1988 2430 Romano-

580 2495 657 2546 mm
673 2475 710 2546 in
724 2497 840 2570 regem
854 2479 995 2568 electus,
1013 2499 1148 2572 semper
1161 2489 1330 2572 augustus
1343 2487 1378 2550 et
1391 2477 1492 2552 heres
1506 2479 1604 2572 regni
1622 2479 1898 2570 ierosolimitani,
1918 2479 1987 2550 uni·

580 2597 690 2671 versis
705 2597 838 2694 imperii
857 2599 1017 2673 fidelibus
1035 2602 1179 2693 gratiam
1198 2623 1297 2674 snam
1315 2611 1350 2674 et
1372 2622 1475 2674 omne
1493 2602 1636 2674 bonum.
1657 2601 1869 2698 supplicavit
1886 2603 1987 2674 celsi-

580 2719 694 2794 tudini
713 2733 829 2796 nostre
843 2723 1015 2796 Jobannes
1038 2725 1187 2796 Golstein
1208 2725 1293 2797 civis
1314 2723 1359 2796 de
1379 2723 1615 2798 Frunlrenlord
1632 2725 1744 2798 fidelis
1763 2735 1880 2798 noster
1894 2724 1987 2819 quod

580 2865 658 2916 cnm
675 2845 750 2941 ipae
767 2857 802 2918 et
818 2847 991 2941 quondam
1009 2847 1141 2919 Utricus
1154 2849 1293 2940 Longus
1308 2848 1396 2920 civis
1409 2847 1539 2920 ibidem
1561 2850 1676 2920 villam
1692 2848 1738 2922 de
1756 2848 1985 2922 Vecbeuheim

580 2989 659 3042 cum
678 2969 886 3065 appenditiis
904 2972 977 3042 suis
992 2992 1055 3066 pro
1076 2981 1214 3044 centum
1235 2971 1359 3044 marcis
1375 2970 1589 3044 concorditer
1606 2973 1901 3066 comparaverint,
1922 2981 1987 3044 sta·

580 3101 714 3166 tuentes
727 3093 815 3165 inter
833 3115 891 3166 eos
913 3105 952 3164 ut
973 3115 1043 3166 nno
1059 3095 1211 3190 ipsorum
1232 3093 1421 3167 decedente
1435 3095 1521 3166 alter
1536 3094 1662 3167 dicum
1681 3095 1798 3167 villam
1817 3117 1897 3166 cum
1919 3115 1988 3166 om·

580 3217 683 3290 nibus
700 3216 926 3312 appendiciis,
944 3218 1116 3312 persoluta
1133 3219 1239 3290 altera
1252 3217 1437 3290 medietate
1451 3218 1628 3290 nominate
1643 3219 1791 3314 pecunie
1803 3217 1989 3290 heredibus

580 3341 670 3432 suis,
690 3341 757 3412 sibi
775 3362 942 3436 usurpare
963 3351 998 3414 et
1021 3341 1196 3438 possidere
1213 3341 1322 3413 libere
1344 3340 1503 3428 deberet,
1521 3341 1590 3412 tale
1613 3353 1752 3436 pactum
1772 3351 1807 3413 et
1824 3349 1988 3413 statutum

579 3463 646 3536 sibi
663 3463 708 3538 de
727 3473 843 3537 nostra
860 3465 968 3558 gratia
987 3465 1192 3538 confirmare
1211 3465 1445 3559 dignaremur.
1466 3465 1536 3538 Nos
1557 3465 1662 3558 igitur
1680 3464 1988 3560 supplicationibus

579 3587 652 3664 ouis
673 3589 903 3662 favorabiliter
927 3589 1100 3674 inclinati,
1131 3588 1225 3662 idom
1244 3597 1382 3682 pactum
1406 3598 1442 3661 et
1463 3598 1630 3660 statutum
1653 3599 1766 3661 ratum
1794 3597 1830 3662 et
1851 3599 1988 3681 gratum

579 3713 766 3805 habemus,
793 3715 1012 3810 presentibus
1038 3715 1157 3787 litteris
1179 3715 1266 3788 illud
1284 3713 1539 3805 confirmando,
1562 3714 1704 3788 firmiter
1729 3713 1925 3788 inhibentes
1945 3736 1988 3788 ne

579 3838 658 3932 quis
674 3837 787 3934 ipsum
805 3849 923 3910 contra
939 3838 1030 3910 banc
1047 3849 1160 3911 nostre
1179 3835 1446 3911 confirmationis
1462 3838 1699 3910 auctoritatem
1713 3838 1750 3908 in
1768 3837 1872 3910 dictis
1888 3838 1988 3910 bonis

579 3983 723 4058 gravare
739 3963 794 4034 vel
806 3963 985 4036 molestare
1007 3972 1193 4056 presumat.
1213 3963 1250 4033 ln
1269 3963 1370 4054 cujus
1390 3962 1438 4034 rei
1452 3962 1651 4035 memoriam
1667 3971 1860 4056 presentem
1878 3961 1986 4035 cedu-

578 4088 647 4160 lam
662 4087 777 4181 sigillo
799 4096 914 4159 nostre
927 4085 1141 4159 celsitudinis
1157 4085 1323 4160 duximus
1337 4085 1576 4158 muniendam.

627 4211 752 4282 Datum
773 4209 868 4306 apud
884 4211 1124 4302 Frankenlort,
1145 4230 1236 4282 auno
1253 4209 1389 4281 Domini
1405 4209 1452 4282 M.
1469 4209 1532 4283 CC.
1546 4209 1639 4297 XLI,
1658 4209 1702 4283 tt
1714 4207 1845 4305 aprilis,
1862 4209 1924 4280 XV
1937 4207 1989 4280 in·

579 4329 756 4428 dictione(
781 4332 808 4427 ).

949 4475 1209 4485 ...η-...ἡ

614 4531 651 4607 (ll
671 4531 822 4590 lndlctionis
836 4545 963 4590 numerus
976 4548 1047 4590 anuo
1059 4533 1161 4590 Domini
1176 4535 1241 4592 tttt
1260 4547 1312 4590 non
1328 4531 1468 4602 convenit;
1481 4531 1592 4590 forsitan
1609 4531 1739 4606 legendus
1753 4531 1799 4588 Xl
1804 4532 1833 4600 V,
1856 4531 1908 4589 nisi
1926 4531 1988 4590 anni

578 4631 678 4688 notatio
689 4631 791 4688 unitate
804 4638 908 4702 careat,
924 4639 952 4688 et
966 4631 1081 4686 viri-sim
1090 4629 1248 4688 uocatu
1260 4629 1402 4704 legendum
1421 4629 1467 4686 sit.
1485 4630 1709 4688 documentorum
1721 4643 1772 4700 ope
1786 4627 1906 4686 destituti
1918 4629 1989 4686 unde

578 4725 744 4783 itinerarium
757 4736 799 4786 sat
820 4729 890 4786 bene
906 4728 1018 4802 liqueat,
1040 4725 1093 4782 utri
1114 4741 1184 4784 anno
1199 4725 1270 4782 hanc
1286 4725 1408 4783 cedulam
1426 4725 1574 4783 debeamus
1594 4723 1695 4783 reterre
1717 4740 1770 4782 non
1787 4724 1869 4799 plane
1885 4731 1989 4782 certum

578 4823 719 4882 babemus.
