4358 5996
523 655 585 719 oea
1024 656 1237 720 serenator
1260 657 1432 721 secuunr
1749 652 1829 733 [ssu.
1847 653 1943 720 raso.

527 784 693 880 apiendo
712 786 918 860 mandamus
933 797 1105 882 quatenus
1127 788 1173 862 ad
1191 790 1448 884 requisitionem
1468 787 1619 882 ipsorum
1638 805 1702 879 pro
1718 786 1850 858 ratione
1873 805 1943 880 po·

527 934 545 978 a
567 909 682 983 nenda
700 909 751 982 eis
763 918 799 982 et
810 911 1035 1007 complenda,
1057 911 1104 986 de
1116 921 1232 987 cetero
1247 909 1456 1009 respondere
1467 917 1504 983 et
1515 907 1694 982 intendere
1709 905 1878 981 debeatis.

575 1058 594 1101 s
610 1035 752 1120 Datum,
769 1041 836 1106 cto.

576 1179 595 1224 o
616 1156 752 1228 Similes
770 1157 859 1229 tacte
871 1163 952 1228 sunt
965 1157 1138 1232 universis
1154 1180 1175 1232 a
1189 1158 1290 1231 Porta
1306 1156 1420 1230 lloseti
1438 1176 1551 1252 usque
1564 1155 1690 1228 Parnm
1703 1163 1738 1228 ot
1750 1175 1813 1250 per
1830 1163 1938 1228 totam

527 1303 547 1350 o
565 1279 717 1351 Sicifiam
733 1280 928 1354 constitutis
939 1302 1002 1376 pro
1017 1281 1198 1355 Thomasio
1219 1281 1264 1356 do
1279 1279 1476 1382 Brundusio
1489 1288 1524 1350 et
1539 1278 1703 1372 magistro
1714 1278 1894 1373 Procopio.
1917 1303 1935 1345 o
1951 1357 1953 1361 .

572 1401 710 1476 Cussate
736 1411 819 1475 sunt
846 1403 929 1497 quia
951 1415 1114 1478 revocato
1141 1405 1306 1499 magistro
1332 1403 1514 1476 Gnillelmo
1538 1401 1583 1474 de
1609 1402 1719 1473 'locco
1743 1419 1806 1494 pro
1833 1421 1938 1478 come

524 1525 631 1598 misso
645 1525 713 1598 sibi
728 1527 885 1616 servitio,
901 1536 1080 1624 propterea
1095 1528 1222 1624 scripte
1232 1537 1313 1610 sunt
1323 1525 1514 1599 secundum
1528 1525 1755 1620 subscriptam
1770 1525 1931 1596 formum:

574 1651 621 1720 lle
638 1649 797 1720 mandato
815 1651 986 1744 imperiali
1006 1653 1093 1743 facto
1107 1674 1171 1746 per
1190 1653 1390 1744 mapistrttm
1409 1649 1576 1721 Toddcttm
1600 1648 1640 1720 de
1662 1649 1781 1720 Suessa
1801 1647 1935 1740 scripsit

523 1774 689 1846 lebannes
702 1775 832 1846 ldrottti
844 1802 856 1846 .·

573 1895 795 1988 Fredericns,
810 1905 895 1988 etc,
919 1899 1116 1986 ammirato,
1138 1899 1384 1994 capitaneis-et
1405 1896 1577 1990 magistris
1596 1893 1807 1988 justitiariis,
1826 1895 1933 1986 justi·

526 2021 651 2112 tiariis,
672 2029 823 2109 secreto,
846 2021 1060 2112 camerariis,
1086 2022 1229 2116 bajulis,
1249 2022 1454 2096 officialibus
1472 2031 1507 2092 et
1520 2017 1693 2092 universis
1711 2039 1775 2113 per
1787 2039 1932 2111 regnum

523 2145 639 2217 Sicilie
653 2144 848 2217 constitutis
867 2153 937 2216 tam
955 2145 1171 2240 presentibus
1193 2167 1299 2240 quam
1315 2144 1459 2235 tuturis,
1476 2143 1604 2238 quibus
1627 2151 1802 2237 presentes
1817 2141 1933 2213 lictcre

524 2277 660 2341 ostense
677 2267 824 2356 luerint,
845 2265 1008 2340 fidelibus
1027 2267 1118 2358 suis,
1139 2277 1207 2341 etc.
1222 2268 1348 2341 Notum
1369 2267 1515 2341 lecimus
1535 2265 1690 2340 fidelitati
1708 2273 1820 2337 vestre
1837 2263 1933 2358 quod

524 2411 589 2464 nos
602 2389 814 2463 confidentes
833 2388 878 2463 dc
891 2389 1075 2484 prudentia
1091 2399 1126 2462 ot
1144 2388 1307 2464 fidelitate
1321 2390 1495 2464 Thomasii
1509 2389 1554 2464 de
1569 2387 1788 2478 Brundusio,
1806 2387 1931 2481 Angeli

524 2511 570 2584 de
580 2513 692 2586 Murra
709 2521 745 2584 et
754 2511 909 2603 magistri
924 2511 1079 2608 Procopii
1092 2510 1137 2585 de
1147 2513 1278 2586 blatera
1286 2513 1409 2584 notarii
1420 2511 1539 2599 nostri,
1555 2509 1709 2582 fidelium
1721 2517 1930 2598 nostrornm,

523 2636 757 2708 commisimus
774 2637 825 2710 eis
850 2645 889 2706 ut
905 2635 952 2707 ab
976 2635 1147 2708 universis
1167 2643 1203 2708 et
1221 2634 1368 2730 singulis
1391 2635 1453 2730 qui
1477 2657 1499 2707 a
1523 2643 1677 2729 tempore
1703 2633 1932 2706 coronationis

523 2768 638 2830 nostro
657 2759 701 2833 de
720 2759 834 2832 officio
849 2757 944 2854 quod
966 2767 1197 2832 exercuerunt
1214 2769 1375 2832 tenentur
1393 2759 1487 2831 curie
1505 2769 1637 2848 nostre,
1657 2757 1826 2830 rationem
1843 2757 1931 2829 reci·

521 2881 635 2976 piant,
660 2893 695 2956 et
715 2903 954 2978 quoscumque
976 2882 1073 2955 curie
1093 2890 1209 2955 nostre
1232 2881 1404 2956 debitores
1422 2881 1636 2974 invenerint,
1659 2879 1705 2953 ad
1727 2881 1929 2954 solutionem

521 3006 650 3079 residui
665 3005 828 3080 studeant
846 3007 1040 3079 cohercere.
1058 3005 1172 3090 Quare
1185 3003 1341 3078 fidelitati
1357 3014 1473 3079 vestre
1484 3002 1707 3100 precipiendo
1725 3003 1930 3076 mandamus

522 3139 695 3222 quatenus
709 3129 756 3202 ad
770 3129 1028 3224 requisitionem
1042 3129 1193 3224 ipsorum
1207 3150 1270 3225 pro
1281 3129 1413 3202 ratione
1426 3127 1589 3225 ponenda
1602 3127 1652 3202 eis
1666 3136 1699 3202 et
1711 3125 1926 3222 complenda,

521 3252 567 3326 de
581 3263 693 3326 cetero
708 3253 915 3348 respondere
927 3263 962 3324 et
975 3251 1155 3326 intendere
1166 3253 1334 3326 debeatis.

570 3377 693 3446 Datum
709 3375 807 3468 Orto,
823 3375 868 3447 Ill
884 3374 1007 3466 madii,
1024 3375 1101 3447 lllll
1118 3375 1330 3450 indictionis.

569 3497 652 3566 Item
666 3495 706 3567 de
726 3497 837 3568 eodem
850 3497 1008 3569 mandato
1024 3499 1156 3592 scripsit
1170 3499 1258 3571 idem
1271 3522 1285 3570 .·

573 3617 793 3711 Prodericus,
814 3630 897 3712 etc,
915 3621 1014 3694 Petro
1033 3619 1189 3694 Castaldo
1214 3621 1377 3716 magistro
1399 3619 1608 3715 procuratori
1633 3619 1670 3692 in
1693 3619 1836 3714 Apulia,
1858 3630 1923 3693 etc.

520 3739 661 3812 Noverit
676 3739 821 3816 fidelitas
836 3753 897 3817 tua
908 3743 1005 3839 quod
1018 3764 1122 3840 super
1138 3743 1325 3818 ratiociniis
1337 3743 1543 3840 recipiendis
1555 3743 1601 3815 ab
1615 3742 1787 3815 universis
1802 3742 1927 3815 officiu-

520 3863 612 3937 libus
626 3864 724 3958 regni
738 3868 858 3955 nostri,
874 3868 1056 3940 statuimus
1067 3867 1286 3940 Thomasium
1299 3865 1344 3942 de
1358 3866 1566 3956 Brundusio,
1580 3864 1751 3958 Angelum
1763 3865 1808 3938 do
1817 3865 1926 3938 blarru

520 3996 557 4060 et
577 3987 778 4081 magistrum
802 3991 1006 4085 Procopium
1028 3990 1073 4064 de
1089 3992 1216 4064 blatern
1241 3991 1412 4063 notarium
1436 3999 1608 4083 nostrum,
1634 3987 1754 4063 fideles
1780 3997 1923 4061 nosbos.

519 4110 632 4196 Quare
656 4109 812 4184 fidelitati
840 4121 900 4186 tue
922 4112 1143 4210 precipiendo
1169 4113 1376 4188 mandamns
1399 4121 1571 4208 quatenus
1595 4113 1641 4186 ad
1669 4113 1926 4207 requisitionem

517 4253 637 4306 eorum
655 4233 700 4307 de
715 4237 862 4330 pecnnia
878 4237 973 4309 curie
989 4247 1103 4311 nostre
1119 4259 1190 4333 qne
1205 4247 1258 4311 est
1275 4257 1335 4334 per
1352 4259 1477 4312 manns
1490 4247 1588 4328 tuas,
1607 4234 1671 4309 des
1690 4235 1741 4308 eis
1756 4255 1927 4330 expensas

513 4357 616 4448 juxta
632 4358 774 4430 assisam
793 4359 889 4432 curie
900 4361 1089 4455 unicnique
1101 4383 1220 4434 eorum
1233 4383 1294 4456 pru
1312 4383 1377 4434 sex
1393 4361 1593 4435 bominibus
1605 4369 1641 4433 et
1652 4368 1801 4454 quatuor
1812 4358 1923 4452 equis,

516 4478 629 4554 donec
651 4481 686 4552 in
708 4482 783 4578 ipso
805 4483 946 4557 servitio
969 4495 1087 4558 nostro
1107 4485 1246 4560 luerint.
1267 4485 1437 4559 Volumus
1451 4485 1593 4581 insuper
1610 4491 1645 4556 et
1660 4481 1867 4556 mandemus
1888 4489 1926 4551 ut

516 4601 656 4677 dnobus
670 4607 810 4704 notariis
826 4628 914 4702 quos
936 4629 1054 4694 secum
1069 4609 1271 4682 retinuerint
1280 4629 1346 4705 pro
1364 4608 1487 4682 eodem
1504 4607 1644 4704 servitio
1663 4615 1797 4696 nostro,
1813 4603 1926 4676 solvas

516 4726 562 4799 de
579 4725 702 4836 eadem
720 4732 866 4824 pecnnia
880 4731 977 4820 curie
993 4741 1109 4820 nostre
1121 4731 1311 4828 unicuique
1327 4754 1446 4834 eorum
1462 4731 1563 4807 annis
1583 4729 1729 4826 singulis
1742 4725 1926 4804 duodecim
