4524 6012
551 653 614 716 652
1053 651 1266 716 lutunutct
1286 653 1461 716 sacuam
1774 655 1854 737 [dar.
1873 657 1960 722 1240.

548 797 680 862 trorum
694 796 729 860 et
745 787 880 882 imperii
894 787 1027 878 jurium
1043 795 1079 860 et
1099 788 1278 864 adomnia
1297 810 1367 885 qua
1385 787 1539 885 prediola
1554 797 1653 881 aunt,
1674 797 1839 883 tanquam
1853 813 1960 886 gene·

550 911 615 984 rali
631 911 811 1006 capitaneo
822 912 996 987 vestroad
1010 921 1126 987 noetoe
1136 914 1323 1007 majestatie
1339 923 1466 986 etatrnn
1480 922 1515 986 et
1529 911 1693 986 honorem
1710 923 1746 986 et
1763 913 1959 990 fidelitatem

549 1043 701 1108 nostram
720 1035 899 1108 intendere
916 1043 952 1108 et
970 1057 1090 1130 parere
1112 1037 1255 1130 curedo,
1274 1037 1466 1126 auxilium,
1486 1036 1668 1110 eonsilium
1687 1049 1723 1110 et
1740 1038 1894 1114 favorem
1915 1041 1961 1114 ad

548 1157 807 1252 requisitionem
821 1179 920 1231 enam
935 1159 1002 1230 eibi
1017 1159 1090 1231 uhi.
1111 1213 1120 1231 .
1151 1212 1161 1230 .
1191 1187 1215 1232 .’.
1231 1212 1402 1232 .....
1423 1160 1635 1254 impensuri,
1650 1169 1689 1234 ut
1706 1160 1875 1253 ejusdem.
1905 1217 1915 1236 .
1943 1217 1956 1234 .

551 1333 800 1354 .......
820 1281 973 1356 officium
988 1283 1172 1355 efficaciter
1183 1283 1298 1356 valeat
1312 1303 1488 1374 exeruere,
1506 1283 1707 1356 mandatum
1720 1294 1835 1358 tamen
1849 1285 1962 1360 taliter

547 1416 760 1498 exequentes
786 1406 883 1500 quod
904 1405 950 1478 ad
973 1406 1248 1502 promovendum
1270 1405 1429 1480 debono
1452 1407 1488 1479 in
1512 1406 1636 1480 mcliue
1655 1417 1782 1488 statum
1805 1418 1958 1482 vestrum

465 1579 467 1583 -
546 1527 724 1601 intendem
738 1527 990 1602 rationabiliter
1004 1538 1197 1602 teneamur.

593 1657 719 1726 Datum
730 1653 826 1748 apud
837 1653 984 1726 Podinm
998 1655 1144 1744 Bonicii‚
1155 1637 1249 1727 anno
1258 1653 1431 1728 dominice
1441 1655 1687 1729 incarnationis
1697 1655 1880 1732 M.CC.XL
1890 1655 1919 1753 (l
1928 1656 1955 1753 )‚

545 1783 662 1849 mense
672 1775 839 1868 ianuarii,
857 1777 935 1848 Xlll
950 1777 1160 1850 indictionis.

592 1900 666 1992 Ego
679 1899 821 1972 Pontiae
834 1900 989 1972 nomino
1005 1901 1204 1996 exemplum
1218 1911 1258 1974 nt
1275 1911 1504 1975 traneunrturn
1517 1910 1569 1975 est
1583 1899 1671 1992 ridi,
1684 1901 1753 1994 legi
1765 1911 1801 1976 et
1817 1906 1957 1980 auacnl·

544 2023 618 2095 tavi
634 2021 736 2094 simul
754 2043 832 2094 cnm
852 2023 950 2095 Petro
974 2024 1108 2096 notario
1126 2035 1161 2096 et
1176 2025 1309 2120 Rigune
1329 2025 1478 2116 notario,
1499 2025 1585 2098 nilril
1601 2025 1760 2122 additum
1775 2027 1833 2100 uel
1847 2027 1956 2102 dimi-

544 2154 667 2216 nutum
685 2143 821 2232 inveni,
841 2143 979 2238 aunum
997 2165 1123 2217 manue
1139 2166 1216 2218 mee
1235 2146 1393 2240 appoeui.
1879 2209 1881 2218 ,
1917 2221 1961 2252 ⁴-

563 2287 566 2298 ¹
591 2267 634 2338 Et
662 2287 729 2360 ego
761 2267 882 2339 Petrus
913 2267 1066 2340 notarius
1095 2268 1217 2362 scripsi
1247 2278 1283 2341 et
1309 2268 1486 2365 publicavi
1514 2289 1605 2370 anno
1620 2291 1652 2342 a
1679 2270 1856 2344 nativitate
1881 2273 1956 2346 llo-

543 2390 628 2462 rnini
642 2389 690 2461 Μ.
703 2388 766 2462 CC.
780 2391 881 2481 xlii,
896 2389 1084 2464 indictione
1094 2391 1170 2484 XV,
1186 2392 1333 2486 septima
1346 2392 1424 2484 julii
1440 2387 1599 2466 intrante.
1616 2391 1738 2466 Actum
1756 2394 1792 2466 in
1811 2395 1956 2470 Caetelo

543 2512 579 2584 in
597 2510 701 2585 domo
711 2511 824 2606 plebis
841 2510 926 2584 dicti
941 2513 1092 2586 castelli.

394 3107 425 3142 „a
460 3110 481 3144 ⁰·
593 3079 825 3187 Friderious‚
847 3079 1110 3162 Romanorum
1127 3078 1346 3188 imperator,
1366 3079 1520 3164 cuidam
1538 3081 1627 3162 duci
1649 3087 1784 3164 nolum
1804 3077 1894 3160 lacit
1911 3103 1953 3160 se

539 3213 731 3321 dispositis
749 3211 931 3294 omnibns
953 3211 994 3290 in
1011 3211 1242 3294 Lombardia
1264 3212 1304 3292 in
1322 3223 1448 3320 partes
1466 3207 1623 3296 Tusciae'
1639 3212 1861 3308 contulisse,
1884 3209 1951 3292 ubi

530 3369 612 3452 pax
632 3343 863 3426 reformatur
880 3351 918 3424 et
939 3366 1113 3451 quaeque
1135 3343 1185 3424 ad
1212 3341 1393 3426 mandata
1425 3367 1495 3424 sua
1516 3342 1673 3426 feliciter
1702 3344 1946 3454 inclinantur.

620 3541 754 3620 (uerna
765 3543 913 3602 unauna
928 3547 958 3602 c
972 3497 1116 3620 nunno,
1130 3535 1267 3618 emptas.
1279 3535 1358 3617 eu,
1369 3545 1393 3600 r.
1409 3537 1450 3612 11,
1463 3539 1520 3600 eor.
1534 3549 1622 3612 irre,
1634 3541 1721 3616 epra.
1734 3515 1946 3602 xrv.'-sscorr.

655 3665 726 3709 curn
739 3649 807 3709 cod.
822 3647 901 3708 Bllrl.
915 3643 1234 3725 cunr.1²urrs.‚sondr
1243 3640 1621 3722 &anemae-Harey,
1632 3653 1666 3704 n⁰
1678 3651 1750 3717 att,
1763 3643 1877 3722 perol.)

586 3821 797 3909 Fridericus,
821 3829 907 3909 ctu,
928 3818 1009 3891 duoi
1034 3817 1185 3890 Londoie
1205 3815 1276 3913 (a),
1300 3825 1367 3889 etc.
1391 3817 1477 3888 Vota
1501 3825 1560 3888 tua
1581 3836 1651 3910 que
1670 3813 1716 3888 ad
1733 3813 1947 3888 audiendum

538 3945 583 4020 de
598 3965 762 4040 prospero
775 3954 866 4016 statu
884 3951 999 4015 nostro
1017 3941 1145 4014 ecimus
1160 3938 1320 4014 ardenter
1333 3940 1453 4030 attolli,
1465 3960 1533 4011 non
1551 3941 1702 4034 patimur
1717 3939 1826 4010 inscia
1838 3961 1948 4011 rema-

535 4092 637 4160 nere,
652 4069 866 4143 notificantes
889 4067 1067 4142 devotioni
1085 4073 1145 4140 tue
1159 4065 1254 4159 quod
1271 4087 1333 4160 per
1347 4065 1490 4160 gratiam
1504 4067 1580 4158 ejus
1598 4087 1661 4160 per
1675 4087 1781 4159 quem
1795 4063 1948 4138 vivimus

577 4244 620 4325 (a)
641 4247 690 4308 Sic
703 4263 751 4322 ap.
767 4245 902 4306 Martene
918 4249 948 4304 et
960 4245 993 4304 ln
1007 4242 1106 4314 codice
1117 4242 1285 4304 Parieteusl.
1300 4241 1472 4320 legendum
1486 4258 1558 4304 vero
1572 4241 1749 4304 arbltrantur
1761 4241 1898 4304 mle.
1912 4241 1947 4302 In

534 4351 635 4414 codice
647 4351 856 4428 Phililppsanrl
871 4349 1012 4410 sodhltur
1025 4349 1167 4424 Burourie,
1182 4350 1280 4409 minue
1293 4353 1381 4428 reete,
1396 4348 1469 4410 dum
1485 4348 1548 4410 dux
1559 4348 1712 4412 Bawarlae
1724 4352 1795 4410 tuno
1805 4349 1946 4426 ternporla

533 4461 565 4519 ln
578 4462 678 4534 partes
691 4458 861 4534 imperatori
874 4455 1014 4516 advenas
1027 4453 1200 4516 declinaret.

537 4630 712 4644 ---—--

569 4742 605 4812 (l)
626 4739 698 4796 Licet
708 4752 796 4795 annue
806 4725 997 4795 incarnationis
1007 4740 1125 4806 notetur,
1141 4748 1212 4792 anno
1223 4733 1367 4793 uadvitatis
1378 4733 1449 4791 clare
1460 4734 1544 4790 utitur
1556 4731 1700 4806 imperialia
1711 4729 1811 4788 aoriba.
