4384 6004
945 646 1158 710 uutuuttlct
1182 647 1358 710 succum
1663 647 1746 726 [butt.
1764 646 1853 708 lut.

1004 895 1010 902 ι
1045 896 1048 900 ·
1063 895 1338 904 ..-·——--.---··----
1356 894 1535 902 --..⁴--—-..--
1553 893 1641 903 m...-

270 1126 384 1234 „122324
497 1119 728 1227 Fridericus,
758 1122 1016 1208 llomanorum
1047 1126 1267 1238 imperator,
1293 1126 1425 1210 scribit
1450 1125 1674 1234 comitibus,
1704 1126 1856 1236 princi-

443 1251 580 1362 pibus,
610 1263 647 1338 et
674 1254 758 1338 aliis
790 1255 1001 1363 nobilibus,
1032 1285 1147 1369 super
1178 1259 1381 1344 deditione·
1396 1258 1596 1342 Faventioe
1620 1267 1658 1342 et
1682 1259 1857 1368 captione

443 1384 657 1495 legatorum
675 1397 712 1470 et
733 1389 991 1497 praelatorum
1013 1403 1235 1476 vocatorum
1257 1393 1308 1476 ad
1329 1391 1553 1498 concilium3
1578 1389 1769 1501 significat
1785 1391 1855 1472 in-

444 1545 558 1629 super
577 1547 617 1603 sa
631 1532 778 1604 mutato
796 1524 955 1608 consilio
972 1551 1105 1608 versus
1124 1526 1286 1609 Romam
1305 1525 1375 1608 iter
1393 1523 1588 1627 direxisse,
1603 1533 1642 1607 et
1658 1523 1855 1606 victoriam

442 1678 510 1760 per
528 1653 729 1762 Papicnses
748 1657 796 1739 dc
813 1655 1157 1742 Mediolanensibus
1174 1657 1349 1742 habitam
1368 1657 1532 1741 nuntiat.

524 1868 620 1948 (snt.
638 1887 688 1948 sp.
703 1871 786 1932 Patr.
805 1869 840 1932 da
859 1873 925 1934 Via.
941 1873 1051 1954 epist,
1066 1873 1122 1934 llb.
1139 1875 1169 1948 1,
1189 1890 1254 1952 cap.
1271 1875 1357 1949 Vlll,
1373 1879 1404 1934 et
1423 1876 1454 1934 ln
1473 1873 1611 1952 nuspa
1632 1868 1700 1933 Ab.
1721 1868 1853 1944 eoum,

563 1992 612 2052 ep.
630 1976 768 2050 Horten,
786 1995 817 2052 p.
835 1987 886 2052 553
903 1979 970 2040 coll.
986 1996 1054 2040 cum
1072 1980 1141 2041 cod.
1157 1981 1231 2040 Bibl.
1252 1981 1351 2042 Cesar.
1373 1976 1582 2058 Pavls,sevtdr
1597 1976 1855 2040 caueamus·

561 2079 686 2161 Harlcy,
702 2093 735 2143 n⁰
749 2087 833 2158 tot.)

491 2269 708 2360 Fridericns,
736 2281 803 2343 etc.
829 2271 984 2345 Adaucte
1009 2271 1110 2346 nobis
1133 2273 1296 2346 continue
1321 2273 1492 2346 felicitatis
1509 2271 1699 2366 ,euspicia‚
1728 2270 1857 2362 quibus

443 2390 587 2464 dextera
606 2393 741 2464 bomini
762 2396 979 2488 prosequitur
996 2417 1134 2488 gressus
1157 2407 1308 2488 costros,
1331 2396 1544 2470 desiderium
1562 2405 1659 2468 tunm
1681 2394 1856 2508 voluimus

441 2537 509 2588 non
526 2518 644 2589 latere.
667 2517 752 2590 Cum
768 2518 861 2590 enim
880 2520 915 2590 in
929 2519 1110 2592 obsidione
1125 2521 1308 2609 Faventia,
1325 2520 1482 2615 preterita
1498 2519 1624 2612 hyeme
1638 2514 1712 2587 fixa
1729 2515 1857 2588 luerint

442 2640 595 2714 victricia
614 2653 730 2715 nostra
742 2652 872 2732 castra,
889 2652 923 2715 et
933 2643 1121 2716 insultibus
1133 2651 1273 2740 proptor
1287 2643 1507 2739 asperitatem
1524 2639 1687 2735 temporis
1704 2659 1775 2711 non
1793 2661 1856 2733 pa·

378 2751 381 2758 ’
442 2775 545 2856 teret,
564 2766 627 2840 sed
648 2765 816 2840 machinis
832 2777 866 2840 et
884 2767 1120 2840 instrumentis
1130 2765 1265 2840 bellicis
1279 2767 1373 2838 intus
1393 2777 1428 2838 et
1447 2763 1602 2840 exterius
1618 2771 1853 2858 quassaretur,

441 2900 476 2962 et
501 2891 610 2962 muris
633 2911 680 2962 ert
707 2885 872 2963 continuo
892 2890 1131 2964 machinarum
1153 2891 1248 2983 jactu
1264 2873 1428 2985 'collapsis
1458 2909 1500 2962 ac
1528 2909 1590 2984 por
1614 2886 1857 2959 subterraneas

441 3015 535 3105 vias,
553 3035 641 3108 quas
659 3015 768 3087 nostri
785 3015 952 3107 fecerant,
970 3015 1179 3108 attingentes
1193 3015 1308 3088 menia
1326 3013 1475 3086 civitatis
1488 3023 1524 3085 et
1540 3011 1659 3083 intima
1674 3019 1856 3104 peneuan·

441 3150 508 3230 tes,
535 3139 633 3211 verni
652 3135 816 3234 temporis
839 3137 1049 3212 adveniente
1076 3139 1255 3234 temperie,
1275 3138 1371 3212 cives
1394 3158 1464 3209 non
1482 3135 1695 3208 confiderent
1710 3134 1856 3206 ulterius

441 3261 598 3353 estuari,
620 3261 887 3334 misericordiam
901 3271 1053 3334 nostram
1069 3261 1209 3334 tandem
1224 3259 1398 3334 humiliter
1415 3261 1658 3354 implorarunt;
1681 3268 1715 3331 et
1732 3275 1855 3352 quarto

441 3383 575 3457 decimo
594 3384 652 3456 dic
667 3383 882 3480 precedentis
898 3386 1033 3458 mensis·
1046 3385 1181 3480 aprilis,
1202 3407 1283 3458 cum
1308 3385 1402 3458 omni
1425 3383 1611 3457 devotione
1632 3403 1670 3456 sc
1692 3381 1738 3454 ad
1757 3401 1855 3452 man·-

441 3508 522 3582 data
545 3519 660 3580 nostra
682 3518 938 3600 convertentes,
956 3529 1158 3604 quanquam
1174 3507 1278 3582 diffisi
1294 3507 1442 3599 meritis,
1463 3505 1509 3579 de
1522 3516 1638 3580 nostra
1655 3515 1771 3578 tamen
1785 3525 1855 3598 que

440 3632 514 3704 suis
531 3631 808 3728 preponderabat
823 3633 1025 3706 excessibus
1040 3634 1168 3728 pietate
1186 3631 1324 3721 conlisi,
1351 3629 1474 3704 ditioni
1492 3640 1607 3703 nostre
1630 3629 1718 3702 colla
1738 3627 1854 3720 subje-

440 3766 578 3847 cerunt,
607 3757 772 3852 corporali
796 3755 967 3830 fidelitatis
992 3758 1133 3852 prestito
1144 3759 1362 3850 juramento,
1381 3756 1527 3848 aliisque
1550 3753 1712 3826 omnibus
1730 3751 1854 3824 illicitis

438 3881 658 3974 juramentis,
677 3901 748 3976 quc
768 3880 865 3976 prius
881 3881 1048 3972 fecerant,
1074 3881 1253 3974 abjuratis.
1279 3881 1348 3953 Nos
1370 3879 1490 3974 igitur,
1510 3877 1573 3974 qui
1598 3876 1644 3951 de
1661 3887 1853 3949 nostrorum

440 4005 672 4095 subjectorum
684 4004 910 4079 conversione
925 4004 1137 4096 gaudemus,
1159 4006 1346 4098 gloriosum
1362 4000 1517 4076 vindicte
1538 4021 1649 4098 ganne
1671 4008 1854 4097 pensantes

441 4127 618 4220 ignoscere
641 4126 810 4216 subditis,
827 4138 861 4200 et
880 4149 1023 4200 suorum
1045 4149 1252 4202 excessuum
1273 4127 1448 4222 judicium
1472 4125 1659 4216 moderari,
1679 4123 1854 4196 civitatem

440 4252 597 4326 camdem
619 4266 655 4325 et
671 4252 766 4324 cives
784 4253 861 4344 ejus
881 4252 1081 4347 ingratiam
1102 4263 1253 4328 nostram
1272 4253 1461 4326 clementer
1479 4249 1699 4346 accepimns,
1721 4257 1756 4320 at
1777 4247 1857 4319 reos

440 4375 670 4462 absolvimus,
692 4395 734 4449 ac
747 4375 897 4449 offensas
915 4377 1128 4470 remisimus,
1149 4397 1237 4472 quas
1256 4385 1448 4474 patrarant,
1468 4373 1616 4469 captivis
1630 4393 1750 4446 eorum
1768 4370 1854 4442 liba-

439 4500 553 4572 ralitar
568 4499 720 4572 liberatis
737 4525 746 4570 ε
761 4511 796 4572 ct
812 4499 951 4572 tandem
969 4501 1019 4573 cis
1033 4499 1079 4573 de
1093 4514 1209 4574 nostra
1228 4503 1339 4596 gratia
1355 4499 1600 4574 confidentiam
1619 4495 1798 4582 dedimus,
1815 4504 1855 4563 nt

440 4626 522 4697 victi
539 4636 689 4696 nostram
704 4623 973 4697 misericordiam
986 4627 1173 4718 consecuti,
1192 4627 1337 4698 victoria
1352 4645 1495 4720 quoquo
1505 4633 1620 4696 nostre
1636 4617 1751 4693 denuc
1769 4637 1853 4689 con-

439 4749 633 4844 gaudeant,
659 4759 693 4820 st
714 4747 763 4819 nil
783 4747 921 4821 dulcius
946 4749 1062 4844 nilque
1082 4748 1223 4822 suavius
1244 4749 1332 4844 iugo
1350 4747 1489 4844 ,imperii
1513 4745 1661 4822 sentiant
1686 4737 1850 4836 experiri.
