<?xml version="1.0" encoding="UTF-8"?>
<!DOCTYPE html PUBLIC "-//W3C//DTD XHTML 1.0 Transitional//EN"
    "http://www.w3.org/TR/xhtml1/DTD/xhtml1-transitional.dtd">
<html xmlns="http://www.w3.org/1999/xhtml" xml:lang="en" lang="en">
 <head>
  <title>
</title>
<meta http-equiv="Content-Type" content="text/html;charset=utf-8" />
  <meta name='ocr-system' content='tesseract 3.04.00' />
  <meta name='ocr-capabilities' content='ocr_page ocr_carea ocr_par ocr_line ocrx_word'/>
</head>
<body>
  <div class='ocr_page' id='page_1' title='image "./historiadiploma01fredgoog_0250.png"; bbox 0 0 4374 6010; ppageno 0'>
   <div class='ocr_carea' id='block_1_1' title="bbox 557 669 1967 756">
    <p class='ocr_par' dir='ltr' id='par_1_1' title="bbox 557 669 1967 756">
     <span class='ocr_line' id='line_1_1' title="bbox 557 669 1967 756; baseline 0.004 -24"><span class='ocrx_word' id='word_1_1' title='bbox 557 669 619 732; x_wconf 72' lang='lat'><strong>884</strong></span> <span class='ocrx_word' id='word_1_2' title='bbox 1058 673 1273 738; x_wconf 73' lang='lat' dir='ltr'><strong>satnuatct</strong></span> <span class='ocrx_word' id='word_1_3' title='bbox 1293 675 1468 738; x_wconf 81' lang='lat' dir='ltr'><strong>succum</strong></span> <span class='ocrx_word' id='word_1_4' title='bbox 1783 673 1864 756; x_wconf 74' lang='lat' dir='ltr'><strong>[Aur.</strong></span> <span class='ocrx_word' id='word_1_5' title='bbox 1879 673 1967 738; x_wconf 68' lang='grc' dir='ltr'><strong>ΗΜ.</strong></span> 
     </span>
    </p>
   </div>
   <div class='ocr_carea' id='block_1_2' title="bbox 557 805 1969 1645">
    <p class='ocr_par' dir='ltr' id='par_1_2' title="bbox 557 805 1969 1004">
     <span class='ocr_line' id='line_1_2' title="bbox 607 805 1969 906; baseline 0.004 -28"><span class='ocrx_word' id='word_1_6' title='bbox 607 805 741 878; x_wconf 84' lang='lat' dir='ltr'><strong>Similes</strong></span> <span class='ocrx_word' id='word_1_7' title='bbox 755 807 844 879; x_wconf 84' lang='lat' dir='ltr'><strong>lacte</strong></span> <span class='ocrx_word' id='word_1_8' title='bbox 861 816 941 880; x_wconf 88' lang='lat' dir='ltr'><strong>sunt</strong></span> <span class='ocrx_word' id='word_1_9' title='bbox 956 808 1123 884; x_wconf 85' lang='lat' dir='ltr'><strong>lliouardo</strong></span> <span class='ocrx_word' id='word_1_10' title='bbox 1142 810 1189 884; x_wconf 88' lang='lat' dir='ltr'><strong>da</strong></span> <span class='ocrx_word' id='word_1_11' title='bbox 1208 812 1427 906; x_wconf 79' lang='lat' dir='ltr'><strong>Montanigro</strong></span> <span class='ocrx_word' id='word_1_12' title='bbox 1448 807 1634 904; x_wconf 79' lang='lat' dir='ltr'><strong>justitiario</strong></span> <span class='ocrx_word' id='word_1_13' title='bbox 1649 809 1753 883; x_wconf 81' lang='lat' dir='ltr'><strong>Terre</strong></span> <span class='ocrx_word' id='word_1_14' title='bbox 1773 809 1914 884; x_wconf 84' lang='lat' dir='ltr'><strong>Laboris</strong></span> <span class='ocrx_word' id='word_1_15' title='bbox 1934 818 1969 884; x_wconf 88' lang='lat' dir='ltr'><strong>et</strong></span> 
     </span>
     <span class='ocr_line' id='line_1_3' title="bbox 557 925 893 1004; baseline 0.003 -2"><span class='ocrx_word' id='word_1_16' title='bbox 557 925 739 1002; x_wconf 86' lang='lat' dir='ltr'><strong>comitatus</strong></span> <span class='ocrx_word' id='word_1_17' title='bbox 755 929 893 1004; x_wconf 88' lang='lat' dir='ltr'><strong>lllolisii.</strong></span> 
     </span>
    </p>

    <p class='ocr_par' dir='ltr' id='par_1_3' title="bbox 557 1053 1968 1250">
     <span class='ocr_line' id='line_1_4' title="bbox 605 1053 1968 1154; baseline 0.001 -28"><span class='ocrx_word' id='word_1_18' title='bbox 605 1053 740 1126; x_wconf 87' lang='lat' dir='ltr'><strong>Similes</strong></span> <span class='ocrx_word' id='word_1_19' title='bbox 756 1053 938 1128; x_wconf 77' lang='lat' dir='ltr'><strong>&#39;thomasio</strong></span> <span class='ocrx_word' id='word_1_20' title='bbox 954 1055 1000 1130; x_wconf 91' lang='lat' dir='ltr'><strong>de</strong></span> <span class='ocrx_word' id='word_1_21' title='bbox 1020 1057 1238 1154; x_wconf 78' lang='lat' dir='ltr'><strong>Montenigro</strong></span> <span class='ocrx_word' id='word_1_22' title='bbox 1255 1058 1444 1152; x_wconf 88' lang='lat' dir='ltr'><strong>justitiario</strong></span> <span class='ocrx_word' id='word_1_23' title='bbox 1466 1056 1680 1152; x_wconf 84' lang='lat' dir='ltr'><strong>Principutus</strong></span> <span class='ocrx_word' id='word_1_24' title='bbox 1694 1064 1730 1129; x_wconf 89' lang='lat' dir='ltr'><strong>et</strong></span> <span class='ocrx_word' id='word_1_25' title='bbox 1746 1065 1837 1130; x_wconf 89' lang='lat' dir='ltr'><strong>terre</strong></span> <span class='ocrx_word' id='word_1_26' title='bbox 1860 1057 1968 1128; x_wconf 88' lang='lat' dir='ltr'><strong>Bene·</strong></span> 
     </span>
     <span class='ocr_line' id='line_1_5' title="bbox 557 1186 717 1250; baseline 0 -2"><span class='ocrx_word' id='word_1_27' title='bbox 557 1186 717 1250; x_wconf 90' lang='lat' dir='ltr'><strong>ventane.</strong></span> 
     </span>
    </p>

    <p class='ocr_par' dir='ltr' id='par_1_4' title="bbox 605 1299 1408 1394">
     <span class='ocr_line' id='line_1_6' title="bbox 605 1299 1408 1394; baseline 0.006 -22"><span class='ocrx_word' id='word_1_28' title='bbox 605 1300 742 1372; x_wconf 90' lang='lat' dir='ltr'><strong>Similes</strong></span> <span class='ocrx_word' id='word_1_29' title='bbox 755 1300 794 1370; x_wconf 92' lang='lat' dir='ltr'><strong>L.</strong></span> <span class='ocrx_word' id='word_1_30' title='bbox 812 1299 857 1372; x_wconf 87' lang='lat' dir='ltr'><strong>de</strong></span> <span class='ocrx_word' id='word_1_31' title='bbox 871 1301 1002 1373; x_wconf 83' lang='lat' dir='ltr'><strong>Franco</strong></span> <span class='ocrx_word' id='word_1_32' title='bbox 1011 1301 1197 1394; x_wconf 88' lang='lat' dir='ltr'><strong>justitiario</strong></span> <span class='ocrx_word' id='word_1_33' title='bbox 1211 1313 1302 1378; x_wconf 88' lang='lat' dir='ltr'><strong>terre</strong></span> <span class='ocrx_word' id='word_1_34' title='bbox 1317 1306 1408 1378; x_wconf 86' lang='lat' dir='ltr'><strong>Bari.</strong></span> 
     </span>
    </p>

    <p class='ocr_par' dir='ltr' id='par_1_5' title="bbox 605 1421 1515 1519">
     <span class='ocr_line' id='line_1_7' title="bbox 605 1421 1515 1519; baseline 0.005 -25"><span class='ocrx_word' id='word_1_35' title='bbox 605 1423 739 1495; x_wconf 83' lang='lat' dir='ltr'><strong>Similes</strong></span> <span class='ocrx_word' id='word_1_36' title='bbox 754 1421 796 1493; x_wconf 86' lang='grc' dir='ltr'><strong>Α.</strong></span> <span class='ocrx_word' id='word_1_37' title='bbox 816 1421 861 1495; x_wconf 92' lang='lat' dir='ltr'><strong>de</strong></span> <span class='ocrx_word' id='word_1_38' title='bbox 874 1422 1057 1518; x_wconf 80' lang='lat' dir='ltr'><strong>Aquaviva</strong></span> <span class='ocrx_word' id='word_1_39' title='bbox 1069 1427 1254 1519; x_wconf 74' lang='lat' dir='ltr'><strong>justitiario</strong></span> <span class='ocrx_word' id='word_1_40' title='bbox 1269 1437 1359 1502; x_wconf 84' lang='lat' dir='ltr'><strong>terre</strong></span> <span class='ocrx_word' id='word_1_41' title='bbox 1372 1427 1515 1502; x_wconf 90' lang='lat' dir='ltr'><strong>ldronti.</strong></span> 
     </span>
    </p>

    <p class='ocr_par' dir='ltr' id='par_1_6' title="bbox 605 1539 1658 1645">
     <span class='ocr_line' id='line_1_8' title="bbox 605 1539 1658 1645; baseline 0.004 -25"><span class='ocrx_word' id='word_1_42' title='bbox 605 1547 740 1620; x_wconf 87' lang='lat' dir='ltr'><strong>Similes</strong></span> <span class='ocrx_word' id='word_1_43' title='bbox 755 1547 951 1638; x_wconf 87' lang='lat' dir='ltr'><strong>Thomasio,</strong></span> <span class='ocrx_word' id='word_1_44' title='bbox 973 1547 1043 1622; x_wconf 89' lang='lat' dir='ltr'><strong>lilio</strong></span> <span class='ocrx_word' id='word_1_45' title='bbox 1061 1550 1248 1641; x_wconf 89' lang='lat' dir='ltr'><strong>Osmundi,</strong></span> <span class='ocrx_word' id='word_1_46' title='bbox 1266 1553 1451 1645; x_wconf 78' lang='lat' dir='ltr'><strong>justitiario</strong></span> <span class='ocrx_word' id='word_1_47' title='bbox 1468 1539 1658 1624; x_wconf 85' lang='lat' dir='ltr'><strong>Basilicate.</strong></span> 
     </span>
    </p>
   </div>
   <div class='ocr_carea' id='block_1_3' title="bbox 557 1669 1970 1866">
    <p class='ocr_par' dir='ltr' id='par_1_7' title="bbox 557 1669 1970 1866">
     <span class='ocr_line' id='line_1_9' title="bbox 605 1669 1970 1767; baseline 0.003 -25"><span class='ocrx_word' id='word_1_48' title='bbox 605 1670 740 1743; x_wconf 86' lang='lat' dir='ltr'><strong>Similes</strong></span> <span class='ocrx_word' id='word_1_49' title='bbox 761 1669 945 1744; x_wconf 86' lang='lat' dir='ltr'><strong>Tholomeo</strong></span> <span class='ocrx_word' id='word_1_50' title='bbox 963 1669 1009 1745; x_wconf 89' lang='lat' dir='ltr'><strong>de</strong></span> <span class='ocrx_word' id='word_1_51' title='bbox 1024 1671 1228 1748; x_wconf 87' lang='lat' dir='ltr'><strong>Castellione</strong></span> <span class='ocrx_word' id='word_1_52' title='bbox 1247 1675 1434 1767; x_wconf 83' lang='lat' dir='ltr'><strong>justitiario</strong></span> <span class='ocrx_word' id='word_1_53' title='bbox 1457 1675 1559 1747; x_wconf 79' lang='lat' dir='ltr'><strong>vallis</strong></span> <span class='ocrx_word' id='word_1_54' title='bbox 1582 1673 1694 1746; x_wconf 89' lang='lat' dir='ltr'><strong>Gratis</strong></span> <span class='ocrx_word' id='word_1_55' title='bbox 1718 1683 1754 1746; x_wconf 89' lang='lat' dir='ltr'><strong>et</strong></span> <span class='ocrx_word' id='word_1_56' title='bbox 1777 1681 1868 1746; x_wconf 82' lang='lat' dir='ltr'><strong>term</strong></span> <span class='ocrx_word' id='word_1_57' title='bbox 1889 1673 1970 1746; x_wconf 87' lang='lat' dir='ltr'><strong>Ior-</strong></span> 
     </span>
     <span class='ocr_line' id='line_1_10' title="bbox 557 1793 660 1866; baseline 0 0"><span class='ocrx_word' id='word_1_58' title='bbox 557 1793 660 1866; x_wconf 90' lang='lat' dir='ltr'><strong>dane.</strong></span> 
     </span>
    </p>
   </div>
   <div class='ocr_carea' id='block_1_4' title="bbox 605 1915 1510 2012">
    <p class='ocr_par' dir='ltr' id='par_1_8' title="bbox 605 1915 1510 2012">
     <span class='ocr_line' id='line_1_11' title="bbox 605 1915 1510 2012; baseline 0.004 -24"><span class='ocrx_word' id='word_1_59' title='bbox 605 1917 741 1990; x_wconf 90' lang='lat' dir='ltr'><strong>Similes</strong></span> <span class='ocrx_word' id='word_1_60' title='bbox 755 1917 797 1990; x_wconf 89' lang='lat' dir='ltr'><strong>G.</strong></span> <span class='ocrx_word' id='word_1_61' title='bbox 814 1915 861 1990; x_wconf 90' lang='lat' dir='ltr'><strong>de</strong></span> <span class='ocrx_word' id='word_1_62' title='bbox 876 1917 1124 1992; x_wconf 87' lang='lat' dir='ltr'><strong>llontelnsuulo</strong></span> <span class='ocrx_word' id='word_1_63' title='bbox 1137 1919 1323 2012; x_wconf 82' lang='lat' dir='ltr'><strong>justitiario</strong></span> <span class='ocrx_word' id='word_1_64' title='bbox 1341 1920 1510 1994; x_wconf 84' lang='lat' dir='ltr'><strong>Calabria.</strong></span> 
     </span>
    </p>
   </div>
   <div class='ocr_carea' id='block_1_5' title="bbox 412 2451 1970 2692">
    <p class='ocr_par' dir='ltr' id='par_1_9' title="bbox 412 2451 1970 2692">
     <span class='ocr_line' id='line_1_12' title="bbox 412 2451 1970 2558; baseline 0.003 -23"><span class='ocrx_word' id='word_1_65' title='bbox 412 2469 495 2558; x_wconf 63' lang='lat'><strong>⁰⁸⁹2</strong></span> <span class='ocrx_word' id='word_1_66' title='bbox 610 2451 831 2536; x_wconf 87' lang='lat' dir='ltr'><strong>Mandatum</strong></span> <span class='ocrx_word' id='word_1_67' title='bbox 853 2452 904 2534; x_wconf 88' lang='lat' dir='ltr'><strong>ad</strong></span> <span class='ocrx_word' id='word_1_68' title='bbox 926 2461 1112 2537; x_wconf 86' lang='lat' dir='ltr'><strong>secretum</strong></span> <span class='ocrx_word' id='word_1_69' title='bbox 1133 2453 1330 2538; x_wconf 85' lang='lat' dir='ltr'><strong>Messanae</strong></span> <span class='ocrx_word' id='word_1_70' title='bbox 1352 2455 1401 2537; x_wconf 91' lang='lat' dir='ltr'><strong>de</strong></span> <span class='ocrx_word' id='word_1_71' title='bbox 1422 2455 1616 2539; x_wconf 88' lang='lat' dir='ltr'><strong>mittendis</strong></span> <span class='ocrx_word' id='word_1_72' title='bbox 1635 2457 1685 2539; x_wconf 90' lang='lat' dir='ltr'><strong>ad</strong></span> <span class='ocrx_word' id='word_1_73' title='bbox 1702 2457 1848 2539; x_wconf 89' lang='lat' dir='ltr'><strong>curiam</strong></span> <span class='ocrx_word' id='word_1_74' title='bbox 1875 2483 1970 2540; x_wconf 89' lang='lat' dir='ltr'><strong>cas-</strong></span> 
     </span>
     <span class='ocr_line' id='line_1_13' title="bbox 555 2585 1035 2692; baseline 0.008 -27"><span class='ocrx_word' id='word_1_75' title='bbox 555 2585 680 2692; x_wconf 88' lang='lat' dir='ltr'><strong>tratis,</strong></span> <span class='ocrx_word' id='word_1_76' title='bbox 705 2585 829 2668; x_wconf 88' lang='lat' dir='ltr'><strong>vaccis</strong></span> <span class='ocrx_word' id='word_1_77' title='bbox 847 2593 886 2668; x_wconf 88' lang='lat' dir='ltr'><strong>et</strong></span> <span class='ocrx_word' id='word_1_78' title='bbox 902 2585 1035 2669; x_wconf 89' lang='lat' dir='ltr'><strong>caseis.</strong></span> 
     </span>
    </p>
   </div>
   <div class='ocr_carea' id='block_1_6' title="bbox 638 2783 1749 2868">
    <p class='ocr_par' dir='ltr' id='par_1_10' title="bbox 638 2783 1749 2868">
     <span class='ocr_line' id='line_1_14' title="bbox 638 2783 1749 2868; baseline 0.005 -23"><span class='ocrx_word' id='word_1_79' title='bbox 638 2783 764 2866; x_wconf 73' lang='lat' dir='ltr'><strong>(Bepara</strong></span> <span class='ocrx_word' id='word_1_80' title='bbox 781 2785 882 2866; x_wconf 77' lang='lat' dir='ltr'><strong>imper.</strong></span> <span class='ocrx_word' id='word_1_81' title='bbox 900 2783 1022 2848; x_wconf 78' lang='lat' dir='ltr'><strong>Freder.</strong></span> <span class='ocrx_word' id='word_1_82' title='bbox 1038 2787 1076 2861; x_wconf 86' lang='lat'><strong>11,</strong></span> <span class='ocrx_word' id='word_1_83' title='bbox 1092 2787 1144 2849; x_wconf 83' lang='lat' dir='ltr'><strong>iol.</strong></span> <span class='ocrx_word' id='word_1_84' title='bbox 1161 2795 1199 2848; x_wconf 85' lang='lat' dir='ltr'><strong>ao</strong></span> <span class='ocrx_word' id='word_1_85' title='bbox 1215 2803 1315 2861; x_wconf 66' lang='lat' dir='ltr'><strong>rursm</strong></span> <span class='ocrx_word' id='word_1_86' title='bbox 1331 2789 1364 2848; x_wconf 92' lang='lat' dir='ltr'><strong>ln</strong></span> <span class='ocrx_word' id='word_1_87' title='bbox 1376 2787 1447 2848; x_wconf 86' lang='lat' dir='ltr'><strong>edlt.</strong></span> <span class='ocrx_word' id='word_1_88' title='bbox 1464 2787 1602 2862; x_wconf 70' lang='lat' dir='ltr'><strong>Careun„</strong></span> <span class='ocrx_word' id='word_1_89' title='bbox 1616 2803 1647 2866; x_wconf 88' lang='lat' dir='ltr'><strong>p.</strong></span> <span class='ocrx_word' id='word_1_90' title='bbox 1665 2787 1749 2868; x_wconf 81' lang='lat' dir='ltr'><strong>aot.)</strong></span> 
     </span>
    </p>
   </div>
   <div class='ocr_carea' id='block_1_7' title="bbox 556 2959 1976 4664">
    <p class='ocr_par' dir='ltr' id='par_1_11' title="bbox 556 2959 1973 3156">
     <span class='ocr_line' id='line_1_15' title="bbox 606 2959 1973 3057; baseline 0.007 -28"><span class='ocrx_word' id='word_1_91' title='bbox 606 2961 653 3032; x_wconf 85' lang='lat' dir='ltr'><strong>Dc</strong></span> <span class='ocrx_word' id='word_1_92' title='bbox 670 2959 842 3054; x_wconf 79' lang='lat' dir='ltr'><strong>imperiali</strong></span> <span class='ocrx_word' id='word_1_93' title='bbox 859 2959 1017 3032; x_wconf 74' lang='lat' dir='ltr'><strong>mendacta</strong></span> <span class='ocrx_word' id='word_1_94' title='bbox 1033 2963 1122 3053; x_wconf 77' lang='lat' dir='ltr'><strong>sacto</strong></span> <span class='ocrx_word' id='word_1_95' title='bbox 1139 2983 1204 3054; x_wconf 85' lang='lat' dir='ltr'><strong>per</strong></span> <span class='ocrx_word' id='word_1_96' title='bbox 1225 2961 1422 3054; x_wconf 63' lang='lat' dir='ltr'><strong>magistram</strong></span> <span class='ocrx_word' id='word_1_97' title='bbox 1436 2961 1605 3033; x_wconf 70' lang='lat' dir='ltr'><strong>literram</strong></span> <span class='ocrx_word' id='word_1_98' title='bbox 1626 2963 1762 3057; x_wconf 82' lang='lat' dir='ltr'><strong>scripsit</strong></span> <span class='ocrx_word' id='word_1_99' title='bbox 1779 2961 1819 3035; x_wconf 81' lang='lat' dir='ltr'><strong>G.</strong></span> <span class='ocrx_word' id='word_1_100' title='bbox 1841 2963 1883 3036; x_wconf 88' lang='lat' dir='ltr'><strong>de</strong></span> <span class='ocrx_word' id='word_1_101' title='bbox 1899 2966 1973 3038; x_wconf 83' lang='lat' dir='ltr'><strong>Co·</strong></span> 
     </span>
     <span class='ocr_line' id='line_1_16' title="bbox 556 3085 690 3156; baseline -0.007 0"><span class='ocrx_word' id='word_1_102' title='bbox 556 3085 690 3156; x_wconf 82' lang='lat' dir='ltr'><strong>sentio:</strong></span> 
     </span>
    </p>

    <p class='ocr_par' dir='ltr' id='par_1_12' title="bbox 557 3205 1976 4542">
     <span class='ocr_line' id='line_1_17' title="bbox 606 3205 1971 3300; baseline 0.002 -20"><span class='ocrx_word' id='word_1_103' title='bbox 606 3207 821 3297; x_wconf 84' lang='lat' dir='ltr'><strong>Fredericns,</strong></span> <span class='ocrx_word' id='word_1_104' title='bbox 840 3215 923 3298; x_wconf 76' lang='lat' dir='ltr'><strong>etc,</strong></span> <span class='ocrx_word' id='word_1_105' title='bbox 942 3205 1062 3300; x_wconf 86' lang='lat' dir='ltr'><strong>Majori</strong></span> <span class='ocrx_word' id='word_1_106' title='bbox 1081 3205 1126 3280; x_wconf 91' lang='lat' dir='ltr'><strong>de</strong></span> <span class='ocrx_word' id='word_1_107' title='bbox 1138 3206 1346 3280; x_wconf 87' lang='lat' dir='ltr'><strong>Plancatune</strong></span> <span class='ocrx_word' id='word_1_108' title='bbox 1361 3215 1496 3280; x_wconf 91' lang='lat' dir='ltr'><strong>secreto</strong></span> <span class='ocrx_word' id='word_1_109' title='bbox 1515 3207 1690 3298; x_wconf 84' lang='lat' dir='ltr'><strong>Messene,</strong></span> <span class='ocrx_word' id='word_1_110' title='bbox 1712 3217 1778 3281; x_wconf 89' lang='lat' dir='ltr'><strong>etc.</strong></span> <span class='ocrx_word' id='word_1_111' title='bbox 1799 3209 1971 3283; x_wconf 90' lang='lat' dir='ltr'><strong>Fidelitati</strong></span> 
     </span>
     <span class='ocr_line' id='line_1_18' title="bbox 557 3327 1971 3426; baseline 0.002 -22"><span class='ocrx_word' id='word_1_112' title='bbox 557 3341 617 3404; x_wconf 86' lang='lat' dir='ltr'><strong>tue</strong></span> <span class='ocrx_word' id='word_1_113' title='bbox 642 3327 865 3426; x_wconf 81' lang='lat' dir='ltr'><strong>precipiendo</strong></span> <span class='ocrx_word' id='word_1_114' title='bbox 889 3328 1095 3402; x_wconf 88' lang='lat' dir='ltr'><strong>mandamns</strong></span> <span class='ocrx_word' id='word_1_115' title='bbox 1121 3339 1293 3423; x_wconf 87' lang='lat' dir='ltr'><strong>quatenns</strong></span> <span class='ocrx_word' id='word_1_116' title='bbox 1317 3327 1464 3425; x_wconf 82' lang='lat' dir='ltr'><strong>receptis</strong></span> <span class='ocrx_word' id='word_1_117' title='bbox 1491 3328 1559 3426; x_wconf 79' lang='lat' dir='ltr'><strong>bys</strong></span> <span class='ocrx_word' id='word_1_118' title='bbox 1583 3329 1728 3422; x_wconf 89' lang='lat' dir='ltr'><strong>licteris,</strong></span> <span class='ocrx_word' id='word_1_119' title='bbox 1749 3331 1795 3405; x_wconf 93' lang='lat' dir='ltr'><strong>de</strong></span> <span class='ocrx_word' id='word_1_120' title='bbox 1816 3333 1971 3407; x_wconf 87' lang='lat' dir='ltr'><strong>mandris</strong></span> 
     </span>
     <span class='ocr_line' id='line_1_19' title="bbox 558 3451 1972 3546; baseline 0.004 -20"><span class='ocrx_word' id='word_1_121' title='bbox 558 3455 684 3528; x_wconf 93' lang='lat' dir='ltr'><strong>nostris</strong></span> <span class='ocrx_word' id='word_1_122' title='bbox 707 3451 861 3526; x_wconf 89' lang='lat' dir='ltr'><strong>Calabrie</strong></span> <span class='ocrx_word' id='word_1_123' title='bbox 883 3452 1024 3526; x_wconf 89' lang='lat' dir='ltr'><strong>ordines</strong></span> <span class='ocrx_word' id='word_1_124' title='bbox 1045 3463 1081 3526; x_wconf 92' lang='lat' dir='ltr'><strong>et</strong></span> <span class='ocrx_word' id='word_1_125' title='bbox 1104 3453 1226 3526; x_wconf 90' lang='lat' dir='ltr'><strong>mictus</strong></span> <span class='ocrx_word' id='word_1_126' title='bbox 1247 3451 1294 3527; x_wconf 91' lang='lat' dir='ltr'><strong>ad</strong></span> <span class='ocrx_word' id='word_1_127' title='bbox 1316 3453 1449 3525; x_wconf 90' lang='lat' dir='ltr'><strong>curiam</strong></span> <span class='ocrx_word' id='word_1_128' title='bbox 1472 3451 1491 3542; x_wconf 71' lang='grc' dir='ltr'>ξ</span> <span class='ocrx_word' id='word_1_129' title='bbox 1513 3461 1759 3546; x_wconf 82' lang='lat' dir='ltr'><strong>castratorum,</strong></span> <span class='ocrx_word' id='word_1_130' title='bbox 1786 3457 1843 3530; x_wconf 88' lang='lat' dir='ltr'><strong>vel</strong></span> <span class='ocrx_word' id='word_1_131' title='bbox 1866 3457 1895 3530; x_wconf 93' lang='lat' dir='ltr'><strong>si</strong></span> <span class='ocrx_word' id='word_1_132' title='bbox 1923 3465 1972 3531; x_wconf 89' lang='lat' dir='ltr'><strong>tot</strong></span> 
     </span>
     <span class='ocr_line' id='line_1_20' title="bbox 557 3577 1973 3674; baseline 0.001 -22"><span class='ocrx_word' id='word_1_133' title='bbox 557 3579 694 3652; x_wconf 90' lang='lat' dir='ltr'><strong>castrati</strong></span> <span class='ocrx_word' id='word_1_134' title='bbox 711 3599 781 3650; x_wconf 93' lang='lat' dir='ltr'><strong>non</strong></span> <span class='ocrx_word' id='word_1_135' title='bbox 798 3577 969 3650; x_wconf 86' lang='lat' dir='ltr'><strong>habentur</strong></span> <span class='ocrx_word' id='word_1_136' title='bbox 984 3577 1136 3670; x_wconf 90' lang='lat' dir='ltr'><strong>ibidem,</strong></span> <span class='ocrx_word' id='word_1_137' title='bbox 1155 3579 1231 3651; x_wconf 87' lang='lat' dir='ltr'><strong>loco</strong></span> <span class='ocrx_word' id='word_1_138' title='bbox 1251 3599 1371 3651; x_wconf 91' lang='lat' dir='ltr'><strong>eornm</strong></span> <span class='ocrx_word' id='word_1_139' title='bbox 1396 3578 1517 3650; x_wconf 90' lang='lat' dir='ltr'><strong>mictas</strong></span> <span class='ocrx_word' id='word_1_140' title='bbox 1538 3579 1663 3652; x_wconf 89' lang='lat' dir='ltr'><strong>arietes</strong></span> <span class='ocrx_word' id='word_1_141' title='bbox 1683 3579 1833 3674; x_wconf 81' lang='lat' dir='ltr'><strong>pingues</strong></span> <span class='ocrx_word' id='word_1_142' title='bbox 1856 3589 1891 3652; x_wconf 91' lang='lat' dir='ltr'><strong>ct</strong></span> <span class='ocrx_word' id='word_1_143' title='bbox 1912 3602 1973 3654; x_wconf 89' lang='lat' dir='ltr'><strong>eos</strong></span> 
     </span>
     <span class='ocr_line' id='line_1_21' title="bbox 557 3701 1970 3799; baseline 0 -23"><span class='ocrx_word' id='word_1_144' title='bbox 557 3703 653 3776; x_wconf 89' lang='lat' dir='ltr'><strong>micti</strong></span> <span class='ocrx_word' id='word_1_145' title='bbox 674 3703 779 3776; x_wconf 89' lang='lat' dir='ltr'><strong>tacius</strong></span> <span class='ocrx_word' id='word_1_146' title='bbox 801 3702 1002 3776; x_wconf 89' lang='lat' dir='ltr'><strong>catervatim</strong></span> <span class='ocrx_word' id='word_1_147' title='bbox 1026 3723 1071 3774; x_wconf 94' lang='lat' dir='ltr'><strong>ne</strong></span> <span class='ocrx_word' id='word_1_148' title='bbox 1090 3702 1195 3774; x_wconf 89' lang='lat' dir='ltr'><strong>simul</strong></span> <span class='ocrx_word' id='word_1_149' title='bbox 1215 3723 1335 3776; x_wconf 91' lang='lat' dir='ltr'><strong>omnes</strong></span> <span class='ocrx_word' id='word_1_150' title='bbox 1358 3701 1453 3775; x_wconf 89' lang='lat' dir='ltr'><strong>ducti</strong></span> <span class='ocrx_word' id='word_1_151' title='bbox 1479 3701 1653 3776; x_wconf 86' lang='lat' dir='ltr'><strong>devastari</strong></span> <span class='ocrx_word' id='word_1_152' title='bbox 1679 3703 1812 3799; x_wconf 91' lang='lat' dir='ltr'><strong>possint</strong></span> <span class='ocrx_word' id='word_1_153' title='bbox 1836 3703 1874 3776; x_wconf 94' lang='lat' dir='ltr'><strong>in</strong></span> <span class='ocrx_word' id='word_1_154' title='bbox 1897 3704 1970 3778; x_wconf 84' lang='lat' dir='ltr'><strong>viu.</strong></span> 
     </span>
     <span class='ocr_line' id='line_1_22' title="bbox 557 3825 1975 3921; baseline 0 -21"><span class='ocrx_word' id='word_1_155' title='bbox 557 3828 680 3900; x_wconf 82' lang='lat' dir='ltr'><strong>blictas</strong></span> <span class='ocrx_word' id='word_1_156' title='bbox 701 3827 805 3900; x_wconf 89' lang='lat' dir='ltr'><strong>etiam</strong></span> <span class='ocrx_word' id='word_1_157' title='bbox 825 3827 901 3899; x_wconf 90' lang='lat' dir='ltr'><strong>sine</strong></span> <span class='ocrx_word' id='word_1_158' title='bbox 921 3847 1018 3899; x_wconf 89' lang='lat' dir='ltr'><strong>mora</strong></span> <span class='ocrx_word' id='word_1_159' title='bbox 1040 3827 1075 3898; x_wconf 91' lang='lat' dir='ltr'><strong>M</strong></span> <span class='ocrx_word' id='word_1_160' title='bbox 1098 3847 1221 3898; x_wconf 88' lang='lat' dir='ltr'><strong>vaccas</strong></span> <span class='ocrx_word' id='word_1_161' title='bbox 1242 3825 1287 3898; x_wconf 92' lang='lat' dir='ltr'><strong>de</strong></span> <span class='ocrx_word' id='word_1_162' title='bbox 1311 3825 1476 3899; x_wconf 86' lang='lat' dir='ltr'><strong>armentis</strong></span> <span class='ocrx_word' id='word_1_163' title='bbox 1503 3826 1629 3898; x_wconf 87' lang='lat' dir='ltr'><strong>nostris</strong></span> <span class='ocrx_word' id='word_1_164' title='bbox 1656 3847 1725 3921; x_wconf 89' lang='lat' dir='ltr'><strong>qua</strong></span> <span class='ocrx_word' id='word_1_165' title='bbox 1750 3827 1819 3898; x_wconf 89' lang='lat' dir='ltr'><strong>sint</strong></span> <span class='ocrx_word' id='word_1_166' title='bbox 1841 3827 1975 3900; x_wconf 85' lang='lat' dir='ltr'><strong>habiles</strong></span> 
     </span>
     <span class='ocr_line' id='line_1_23' title="bbox 557 3947 1975 4046; baseline 0 -22"><span class='ocrx_word' id='word_1_167' title='bbox 557 3950 604 4024; x_wconf 89' lang='lat' dir='ltr'><strong>ad</strong></span> <span class='ocrx_word' id='word_1_168' title='bbox 621 3951 815 4040; x_wconf 89' lang='lat' dir='ltr'><strong>edendum,</strong></span> <span class='ocrx_word' id='word_1_169' title='bbox 836 3949 887 4022; x_wconf 89' lang='lat' dir='ltr'><strong>sio</strong></span> <span class='ocrx_word' id='word_1_170' title='bbox 905 3957 1153 4046; x_wconf 87' lang='lat' dir='ltr'><strong>procuraturus</strong></span> <span class='ocrx_word' id='word_1_171' title='bbox 1177 3950 1273 4044; x_wconf 90' lang='lat' dir='ltr'><strong>quod</strong></span> <span class='ocrx_word' id='word_1_172' title='bbox 1299 3949 1368 4024; x_wconf 89' lang='lat' dir='ltr'><strong>cito</strong></span> <span class='ocrx_word' id='word_1_173' title='bbox 1393 3949 1437 4022; x_wconf 90' lang='lat' dir='ltr'><strong>de</strong></span> <span class='ocrx_word' id='word_1_174' title='bbox 1454 3947 1620 4045; x_wconf 86' lang='lat' dir='ltr'><strong>predictis</strong></span> <span class='ocrx_word' id='word_1_175' title='bbox 1636 3951 1794 4024; x_wconf 86' lang='lat' dir='ltr'><strong>castratis</strong></span> <span class='ocrx_word' id='word_1_176' title='bbox 1805 3961 1841 4024; x_wconf 90' lang='lat' dir='ltr'><strong>et</strong></span> <span class='ocrx_word' id='word_1_177' title='bbox 1858 3953 1975 4025; x_wconf 87' lang='lat' dir='ltr'><strong>vacuis</strong></span> 
     </span>
     <span class='ocr_line' id='line_1_24' title="bbox 557 4071 1974 4168; baseline 0.001 -22"><span class='ocrx_word' id='word_1_178' title='bbox 557 4073 654 4166; x_wconf 86' lang='lat' dir='ltr'><strong>curia</strong></span> <span class='ocrx_word' id='word_1_179' title='bbox 668 4085 782 4146; x_wconf 87' lang='lat' dir='ltr'><strong>nostra</strong></span> <span class='ocrx_word' id='word_1_180' title='bbox 799 4072 907 4168; x_wconf 91' lang='lat' dir='ltr'><strong>possit</strong></span> <span class='ocrx_word' id='word_1_181' title='bbox 924 4072 1065 4146; x_wconf 91' lang='lat' dir='ltr'><strong>habere.</strong></span> <span class='ocrx_word' id='word_1_182' title='bbox 1085 4071 1291 4146; x_wconf 83' lang='lat' dir='ltr'><strong>blandamns</strong></span> <span class='ocrx_word' id='word_1_183' title='bbox 1309 4071 1373 4145; x_wconf 92' lang='lat' dir='ltr'><strong>tibi</strong></span> <span class='ocrx_word' id='word_1_184' title='bbox 1392 4083 1550 4168; x_wconf 90' lang='lat' dir='ltr'><strong>preterea</strong></span> <span class='ocrx_word' id='word_1_185' title='bbox 1566 4082 1606 4144; x_wconf 93' lang='lat' dir='ltr'><strong>nt</strong></span> <span class='ocrx_word' id='word_1_186' title='bbox 1623 4073 1669 4147; x_wconf 91' lang='lat' dir='ltr'><strong>de</strong></span> <span class='ocrx_word' id='word_1_187' title='bbox 1689 4095 1789 4148; x_wconf 87' lang='lat' dir='ltr'><strong>caseo</strong></span> <span class='ocrx_word' id='word_1_188' title='bbox 1810 4074 1974 4148; x_wconf 85' lang='lat' dir='ltr'><strong>mandra·</strong></span> 
     </span>
     <span class='ocr_line' id='line_1_25' title="bbox 557 4196 1975 4294; baseline 0.001 -24"><span class='ocrx_word' id='word_1_189' title='bbox 557 4221 635 4270; x_wconf 89' lang='lat' dir='ltr'><strong>rum</strong></span> <span class='ocrx_word' id='word_1_190' title='bbox 652 4208 846 4272; x_wconf 90' lang='lat' dir='ltr'><strong>nostrarum</strong></span> <span class='ocrx_word' id='word_1_191' title='bbox 864 4197 980 4270; x_wconf 89' lang='lat' dir='ltr'><strong>Sicilie</strong></span> <span class='ocrx_word' id='word_1_192' title='bbox 1000 4198 1121 4270; x_wconf 89' lang='lat' dir='ltr'><strong>mictas</strong></span> <span class='ocrx_word' id='word_1_193' title='bbox 1147 4219 1209 4292; x_wconf 90' lang='lat' dir='ltr'><strong>per</strong></span> <span class='ocrx_word' id='word_1_194' title='bbox 1233 4217 1328 4270; x_wconf 90' lang='lat' dir='ltr'><strong>mare</strong></span> <span class='ocrx_word' id='word_1_195' title='bbox 1353 4217 1466 4292; x_wconf 88' lang='lat' dir='ltr'><strong>usqne</strong></span> <span class='ocrx_word' id='word_1_196' title='bbox 1493 4197 1672 4292; x_wconf 90' lang='lat' dir='ltr'><strong>Neapolim</strong></span> <span class='ocrx_word' id='word_1_197' title='bbox 1689 4196 1715 4286; x_wconf 64' lang='grc' dir='ltr'><strong>’ἦ</strong></span> <span class='ocrx_word' id='word_1_198' title='bbox 1733 4198 1903 4294; x_wconf 81' lang='lat' dir='ltr'><strong>petieram</strong></span> <span class='ocrx_word' id='word_1_199' title='bbox 1929 4197 1975 4272; x_wconf 87' lang='lat' dir='ltr'><strong>ad</strong></span> 
     </span>
     <span class='ocr_line' id='line_1_26' title="bbox 557 4308 1976 4417; baseline 0.001 -22"><span class='ocrx_word' id='word_1_200' title='bbox 557 4343 645 4417; x_wconf 87' lang='lat' dir='ltr'><strong>opus</strong></span> <span class='ocrx_word' id='word_1_201' title='bbox 663 4322 759 4394; x_wconf 89' lang='lat' dir='ltr'><strong>curie</strong></span> <span class='ocrx_word' id='word_1_202' title='bbox 782 4329 912 4410; x_wconf 89' lang='lat' dir='ltr'><strong>nostre,</strong></span> <span class='ocrx_word' id='word_1_203' title='bbox 933 4320 1060 4394; x_wconf 87' lang='lat' dir='ltr'><strong>deinde</strong></span> <span class='ocrx_word' id='word_1_204' title='bbox 1075 4319 1121 4394; x_wconf 88' lang='lat' dir='ltr'><strong>ad</strong></span> <span class='ocrx_word' id='word_1_205' title='bbox 1140 4330 1292 4394; x_wconf 87' lang='lat' dir='ltr'><strong>nostram</strong></span> <span class='ocrx_word' id='word_1_206' title='bbox 1314 4320 1446 4393; x_wconf 88' lang='lat' dir='ltr'><strong>curiam</strong></span> <span class='ocrx_word' id='word_1_207' title='bbox 1466 4319 1675 4412; x_wconf 80' lang='lat' dir='ltr'><strong>deserenda,</strong></span> <span class='ocrx_word' id='word_1_208' title='bbox 1696 4330 1731 4394; x_wconf 89' lang='lat' dir='ltr'><strong>et</strong></span> <span class='ocrx_word' id='word_1_209' title='bbox 1747 4320 1783 4392; x_wconf 94' lang='lat' dir='ltr'><strong>in</strong></span> <span class='ocrx_word' id='word_1_210' title='bbox 1799 4308 1976 4416; x_wconf 87' lang='lat' dir='ltr'><strong>premissis</strong></span> 
     </span>
     <span class='ocr_line' id='line_1_27' title="bbox 558 4442 1898 4542; baseline 0 -24"><span class='ocrx_word' id='word_1_211' title='bbox 558 4445 725 4519; x_wconf 86' lang='lat' dir='ltr'><strong>adhibeas</strong></span> <span class='ocrx_word' id='word_1_212' title='bbox 748 4442 904 4518; x_wconf 90' lang='lat' dir='ltr'><strong>studium</strong></span> <span class='ocrx_word' id='word_1_213' title='bbox 918 4443 1014 4540; x_wconf 91' lang='lat' dir='ltr'><strong>qnod</strong></span> <span class='ocrx_word' id='word_1_214' title='bbox 1030 4445 1077 4518; x_wconf 91' lang='lat' dir='ltr'><strong>ad</strong></span> <span class='ocrx_word' id='word_1_215' title='bbox 1094 4446 1225 4518; x_wconf 87' lang='lat' dir='ltr'><strong>curium</strong></span> <span class='ocrx_word' id='word_1_216' title='bbox 1242 4454 1393 4517; x_wconf 90' lang='lat' dir='ltr'><strong>nostrum</strong></span> <span class='ocrx_word' id='word_1_217' title='bbox 1406 4444 1482 4518; x_wconf 90' lang='lat' dir='ltr'><strong>sine</strong></span> <span class='ocrx_word' id='word_1_218' title='bbox 1500 4443 1666 4520; x_wconf 86' lang='lat' dir='ltr'><strong>dilatione</strong></span> <span class='ocrx_word' id='word_1_219' title='bbox 1678 4445 1898 4542; x_wconf 88' lang='lat' dir='ltr'><strong>perveniant.</strong></span> 
     </span>
    </p>

    <p class='ocr_par' dir='ltr' id='par_1_13' title="bbox 607 4567 1576 4664">
     <span class='ocr_line' id='line_1_28' title="bbox 607 4567 1576 4664; baseline 0 -24"><span class='ocrx_word' id='word_1_220' title='bbox 607 4571 731 4642; x_wconf 88' lang='lat' dir='ltr'><strong>Datum</strong></span> <span class='ocrx_word' id='word_1_221' title='bbox 747 4567 863 4664; x_wconf 80' lang='lat' dir='ltr'><strong>Fugio,</strong></span> <span class='ocrx_word' id='word_1_222' title='bbox 882 4569 958 4642; x_wconf 89' lang='lat' dir='ltr'><strong>Vlll</strong></span> <span class='ocrx_word' id='word_1_223' title='bbox 976 4569 1114 4664; x_wconf 89' lang='lat' dir='ltr'><strong>aprelis,</strong></span> <span class='ocrx_word' id='word_1_224' title='bbox 1135 4569 1212 4642; x_wconf 85' lang='lat' dir='ltr'><strong>lllll</strong></span> <span class='ocrx_word' id='word_1_225' title='bbox 1229 4567 1440 4642; x_wconf 90' lang='lat' dir='ltr'><strong>indictionis.</strong></span> <span class='ocrx_word' id='word_1_226' title='bbox 1568 4609 1576 4628; x_wconf 88' lang='lat'><strong>·</strong></span> 
     </span>
    </p>
   </div>
   <div class='ocr_carea' id='block_1_8' title="bbox 0 0 2204 6004">
    <p class='ocr_par' dir='ltr' id='par_1_14' title="bbox 0 0 2204 6004">
     <span class='ocr_line' id='line_1_29' title="bbox 0 0 2204 6004; baseline 0 0"><span class='ocrx_word' id='word_1_227' title='bbox 0 0 2204 6004; x_wconf 95' lang='lat' dir='ltr'><strong> </strong></span> 
     </span>
    </p>
   </div>
  </div>
 </body>
</html>
