4468 6010
251 687 353 748 lunser.
371 681 433 767 lu]
691 677 886 741 ursionis
910 677 1204 741 ntrnottattcu
1603 677 1663 738 '1⁵5

255 819 357 894 etiam
376 836 547 912 expensas
570 813 733 888 semifero
757 813 818 910 qni
842 813 955 910 ipsum
979 813 1149 887 haetenus
1170 811 1356 886 custodivit
1377 811 1423 885 ab
1449 833 1491 885 eo
1513 821 1666 908 tempore

256 963 325 1039 qno
339 941 434 1014 idern
450 961 511 1013 ees
524 959 596 1011 non
611 937 733 1010 babuit
746 946 781 1011 et
794 937 894 1010 vobis
910 937 1099 1014 constiterit
1112 959 1182 1012 non
1194 937 1369 1012 babuisse.

301 1068 428 1138 Datum
446 1063 655 1154 Coooorene,
674 1061 753 1136 XIII
776 1061 957 1152 februarii,
972 1062 1049 1134 XIII
1064 1061 1274 1135 indictionIs.

308 1536 531 1622 Mandatum
549 1535 598 1620 ad
612 1533 862 1645 justitiarium
882 1534 1030 1645 Aprutii
1048 1537 1097 1620 de
1113 1535 1309 1620 mittendis
1326 1545 1411 1620 octo
1427 1535 1614 1622 militibus
1632 1547 1670 1622 et
1753 1559 1860 1648 ΠΨ

258 1669 430 1753 ducentis
456 1665 705 1753 servientibus
730 1667 869 1753 Iacobo
890 1669 940 1752 de
960 1668 1088 1754 Merra
1109 1669 1305 1778 capitaneo
1326 1669 1488 1754 ducatus
1511 1671 1665 1781 Spoleti.

338 1869 469 1952 (liceat.
483 1870 587 1950 supe.
602 1866 722 1930 merc.
737 1869 778 1942 11,
793 1869 846 1930 Iol.
863 1877 898 1930 tt
915 1885 1017 1942 verso3
1033 1871 1064 1930 ln
1078 1869 1149 1930 edtt.
1165 1867 1300 1946 Curcum,
1314 1887 1345 1948 p.
1362 1871 1445 1951 tto.)

307 2046 355 2115 Ite
371 2043 529 2116 mandato
543 2045 633 2134 forto
646 2065 710 2138 per
728 2045 923 2136 mupr'etmm
946 2043 1082 2112 Petrum
1100 2039 1142 2112 de
1164 2043 1264 2115 Vince
1279 2046 1412 2138 scripsit
1432 2046 1472 2118 G.
1492 2047 1533 2118 de
1549 2050 1670 2122 Tereo:

306 2166 523 2256 Fredcrions,
537 2176 621 2256 ete,
644 2168 685 2239 B.
707 2167 867 2240 Plociono
877 2165 1063 2259 justitiario
1077 2164 1234 2260 AprutiI,
1253 2175 1319 2238 ete.
1343 2167 1429 2241 Cum
1445 2171 1612 2245 Iacobum
1627 2173 1673 2247 de

261 2291 372 2364 llorra
387 2288 440 2385 (a)
456 2289 593 2362 fidelem
614 2297 768 2362 nostrum
791 2289 1009 2384 capitaneum
1030 2290 1067 2360 In
1089 2289 1219 2362 ducatu
1237 2290 1363 2384 Spoleti
1382 2290 1587 2368 duxerimus
1603 2307 1673 2370 sta-

262 2414 444 2504 tuendum,
462 2435 566 2510 quern
578 2415 749 2510 oportebit
763 2435 825 2510 pro
843 2413 992 2486 servitiis
1010 2413 1135 2486 nostris
1148 2413 1278 2486 bahem
1293 2414 1419 2488 milites
1436 2427 1470 2488 et
1483 2420 1674 2494 serotentes
1739 2404 1746 2416 ’

264 2537 307 2611 de
328 2559 440 2632 regno
463 2545 579 2610 nostro
599 2537 782 2628 oriundos,
810 2537 954 2610 idoneos
976 2547 1011 2608 et
1030 2535 1168 2625 fideles,
1193 2537 1349 2611 fidelitati
1370 2549 1428 2612 tue
1451 2543 1674 2638 precipiendo

263 2663 470 2736 mmdamns
487 2671 657 2756 quatenns
674 2660 719 2733 de
732 2661 953 2754 justitiariato
976 2670 1036 2733 tuo
1054 2661 1164 2756 eliges
1178 2670 1257 2734 octo
1274 2661 1398 2736 milites
1416 2663 1505 2737 bene
1526 2669 1675 2741 munitos

264 2789 415 2880 equis-et
426 2786 545 2874 armis,
565 2785 683 2859 fideles
702 2795 737 2858 et
749 2785 904 2875 idoneos,
920 2795 955 2856 et
966 2783 1134 2856 ducentos
1150 2785 1340 2858 servientes
1355 2785 1517 2860 decenter
1527 2803 1675 2865 armatos

264 2910 434 3006 panceriis
451 2919 486 2982 et
502 2909 579 2984 aliis
591 2909 696 2981 armIs
716 2908 878 2981 omnibns
893 2907 1089 3003 oportunis,
1108 2909 1169 3003 qni
1182 2929 1253 2980 non
1272 2909 1339 2980 sint
1358 2911 1497 2984 oriundi
1518 2912 1563 2986 de
1577 2916 1676 2988 terris

265 3057 333 3130 qne
362 3033 498 3106 dudum
525 3043 678 3128 tempore
697 3031 866 3104 scismatis
889 3029 1101 3104 adheserunt
1124 3032 1295 3120 Eeelesie;
1320 3033 1447 3106 milites
1473 3036 1576 3108 etiam
1601 3037 1677 3132 ipsa

265 3159 341 3232 labe
358 3156 572 3230 Infidelitatis
591 3177 661 3228 non
679 3156 805 3228 Ineunt
823 3155 960 3247 intecti,
978 3165 1014 3227 et
1030 3176 1090 3228 eos
1106 3177 1228 3228 omnes
1246 3165 1316 3228 tam
1336 3157 1461 3230 milites
1482 3181 1587 3253 quam
1604 3183 1677 3235 ser·

267 3283 400 3356 dentes
412 3281 459 3355 ad
474 3279 634 3353 eumdem
650 3279 816 3354 Iacobum
831 3280 876 3352 de
891 3281 1005 3352 Merra
1024 3277 1161 3352 fidelem
1175 3288 1330 3352 nostrum
1350 3283 1576 3356 transmittas.
1601 3287 1678 3380 Ipse

269 3407 359 3480 enim
380 3403 531 3478 Iacobus
552 3404 719 3476 militibus
741 3404 826 3499 ipsis
847 3404 885 3474 in
911 3403 1046 3475 statutis
1070 3401 1189 3476 solidis
1213 3401 1426 3498 providebit,
1449 3408 1679 3483 servIantibus

269 3531 372 3604 edam
393 3528 523 3602 solidos
542 3527 765 3620 ministrabit,
788 3549 878 3622 qnos
899 3536 937 3598 tu
960 3524 1090 3600 eisdem
1116 3525 1330 3620 promiseris,
1350 3535 1477 3600 statum
1499 3549 1618 3604 eorum
1644 3543 1680 3606 et

269 3653 492 3727 remotionem
509 3673 629 3726 eorum
643 3651 863 3724 considerans
884 3649 1052 3742 regionis,
1070 3658 1172 3743 pront
1188 3649 1312 3721 melius
1327 3649 1373 3723 ad
1386 3653 1567 3728 utilitatem
1584 3657 1679 3730 curie

271 3788 386 3850 nostre
410 3775 542 3849 videris
566 3773 750 3871 expedire,
776 3771 1032 3868 significaturus
1056 3771 1170 3845 eidem
1202 3773 1331 3846 Iacobo
1354 3797 1417 3870 per
1439 3777 1573 3853 beteras
1602 3789 1679 3853 tuas

272 3899 458 3973 solidorum
470 3897 697 3993 quantitatem
717 3919 822 3991 quam
840 3894 1070 3969 servientibus
1083 3895 1168 3990 ipsis
1185 3895 1328 3970 duxeris
1343 3899 1627 3994 promiotendam.

320 4023 446 4097 Datum
464 4021 656 4095 Coeoorone
665 4075 676 4114 ,
691 4020 768 4094 XIII
784 4019 966 4110 februarii,
980 4017 1058 4091 XIIl
1078 4017 1288 4092 indictionis.

274 4427 277 4437 Ι
328 4419 849 4577 Itiderions,ltomonorum
871 4467 1092 4582 imperator,
1114 4465 1331 4550 camerariis
1356 4470 1557 4557 comitatus
1584 4475 1682 4559 Ale-
1723 4480 1875 4580 ,imppp

279 4597 382 4686 sinae
417 4603 577 4686 mandat
612 4611 657 4686 ut
690 4600 947 4712 quadraginta
978 4609 1098 4684 sertas
1130 4599 1387 4712 anguillarum
1411 4603 1522 4714 juxta
1552 4607 1682 4692 dona-

278 4757 281 4765 ’
322 4781 362 4863 (a)
383 4779 849 4865 meduanensem,
866 4725 1067 4844 nummu.
