4564 6038
329 813 428 870 lunrcr.
446 809 508 886 lt]
775 805 977 866 HISTORIA
996 803 1292 867 DlPLtlhlthctl.
1662 795 1740 858 121³

331 943 485 1018 eundum
506 939 698 1015 secundnm
720 948 876 1012 nostrum
900 942 1082 1014 consilium
1104 941 1178 1014 sive
1199 947 1365 1012 vestrum.
1395 934 1524 1006 Omnes
1544 930 1650 1023 igitur
1678 930 1741 1026 qni

332 1069 487 1142 omnium
514 1065 746 1160 predictorum
768 1065 824 1137 vel
848 1065 997 1158 alicujus
1021 1065 1205 1138 violatores
1227 1059 1437 1148 exstiterint,
1459 1055 1741 1129 excommunica·

334 1191 418 1264 tioni
437 1190 638 1281 subjaceant
654 1197 819 1260 atrorum
835 1189 989 1261 omnium
1010 1188 1243 1284 publicatione
1259 1192 1424 1280 perpetua
1445 1179 1662 1253 decrevimus
1675 1199 1742 1272 pu·

334 1315 492 1386 niendos.
515 1314 684 1386 Volumus
710 1313 813 1384 etiam
835 1323 870 1384 et
892 1313 959 1384 suh
982 1309 1341 1386 excommunicatione
1363 1305 1592 1403 precipimus,
1616 1310 1656 1374 ut
1672 1309 1743 1373 mm

334 1438 500 1528 inarmis,
516 1436 615 1530 equis
625 1444 659 1508 et
670 1434 868 1525 dextrariis,
880 1458 986 1529 qnam
998 1436 1033 1506 in
1047 1435 1258 1508 victualibus
1274 1441 1308 1504 et
1322 1431 1397 1504 aliis
1413 1425 1614 1503 necessariis
1630 1425 1743 1496 torum

333 1571 530 1654 competens
545 1567 579 1632 et
593 1567 793 1631 consuetum
813 1581 874 1652 per
889 1568 994 1632 totam
1009 1568 1157 1631 vestram
1172 1556 1386 1652 provinciam
1401 1554 1581 1627 habeatur.
1602 1549 1645 1622 Et
1657 1547 1745 1621 nihi·

334 1685 483 1756 lominus
504 1691 556 1755 est
579 1681 755 1754 decretum
776 1682 871 1776 quod
887 1683 953 1754 hac
969 1683 1170 1754 necessitate
1186 1681 1333 1754 durante
1351 1699 1454 1752 nemo
1472 1698 1510 1750 se
1529 1674 1651 1747 induat
1670 1693 1746 1746 ves·

334 1808 427 1880 tibus
445 1806 630 1902 preciosis,
661 1804 744 1898 quia
762 1805 797 1876 in
825 1827 917 1878 arma
943 1817 976 1878 et
1000 1807 1105 1878 tortos
1128 1825 1237 1898 equos
1259 1814 1310 1876 est
1334 1802 1482 1898 pecnnia
1497 1795 1743 1873 convertenda.

334 1933 407 2003 Hec
422 1929 550 2020 omnia,
567 1937 633 2001 eto.
651 1927 747 2000 Sicut
760 1928 877 2022 itaque
891 1929 1040 2000 subditis
1056 1929 1180 2001 nostris
1192 1928 1240 2000 ita
1256 1925 1457 2022 scripsimus
1469 1933 1503 1998 et
1514 1922 1743 2016 injunximus,

336 2055 385 2127 ita
406 2053 653 2127 fraternitatem
672 2059 822 2124 vestram
847 2053 1025 2124 hortamur
1044 2063 1078 2124 et
1100 2061 1333 2124 contestamur
1353 2051 1389 2120 in
1409 2049 1554 2121 Domino
1570 2045 1744 2136 studiose,

337 2162 503 2271 quatinus
522 2184 556 2248 et
574 2197 637 2248 vos
652 2176 870 2248 consulentes
887 2175 1080 2248 necessitati
1102 2175 1249 2248 nominis
1268 2173 1444 2248 christiani
1462 2173 1498 2244 in
1512 2169 1748 2268 predicatione

337 2301 448 2374 crucis
462 2308 496 2372 et
509 2298 774 2393 consignatione
786 2320 963 2372 servorum
975 2299 1111 2389 Christi,
1126 2298 1257 2371 dictum
1272 2297 1413 2370 modum
1428 2297 1463 2367 in
1478 2304 1593 2368 nostra
1605 2291 1748 2389 dyocesi

337 2423 542 2513 observetis,
568 2432 606 2493 ut
630 2423 721 2494 Deus
747 2423 851 2494 totius
877 2422 1133 2496 christianitatis
1155 2422 1348 2495 humilitate
1369 2428 1523 2516 respecta
1550 2439 1653 2513 super
1678 2437 1748 2490 nc-

336 2547 444 2639 quitia
458 2547 570 2640 gentis
588 2567 651 2617 sue
667 2546 847 2641 placabilis
866 2546 1048 2618 habeatnr.

1688 2641 1692 2657 l

386 2671 510 2742 Datum
523 2668 721 2762 Hertordie,
741 2669 801 2744 llll
819 2669 986 2742 kalendas
1002 2669 1101 2760 maii,
1119 2667 1336 2764 pontificatus
1353 2665 1460 2739 nostri
1473 2687 1564 2738 anno
1577 2665 1625 2737 Xl
1642 2663 1711 2761 (t).

1021 3005 1070 3075 ll.

421 3232 516 3310 (Edit.
531 3249 581 3309 ap.
597 3232 762 3312 llonnmrn,
775 3231 830 3292 Die
843 3228 922 3294 Gald.
942 3227 1069 3296 Chrons'lr
1081 3248 1137 3294 uon
1149 3227 1431 3310 Hcdcmcltwanquu,
1447 3227 1638 3309 Abthellung,
1649 3246 1680 3308 p.
1698 3236 1748 3305 ott,
1821 3217 1824 3226 ’

458 3347 492 3398 n⁰
506 3336 549 3416 7.)

390 3527 431 3596 Η.
451 3525 514 3598 Dei
532 3525 644 3614 gratia
661 3524 928 3598 constantiensis
946 3525 1091 3597 ecclesie
1108 3523 1311 3619 episeopus,
1331 3523 1464 3597 dilectis
1480 3524 1515 3594 in
1530 3523 1662 3596 Christo
1680 3523 1750 3596 lra-
1792 3499 1948 3597 efficii*

342 3650 451 3720 tribus
467 3649 659 3721 minorihus
677 3649 713 3720 in
732 3671 796 3721 sua
814 3648 954 3746 dyocesi
973 3647 1264 3720 commorantibus
1279 3648 1424 3720 salntem
1445 3648 1481 3718 in
1498 3669 1580 3720 vero
1595 3646 1748 3720 salutari.

341 3772 426 3848 Cum
446 3795 467 3844 a
490 3771 678 3846 venerabili
705 3783 799 3866 patre
823 3781 941 3844 sancte
959 3771 1159 3865 Magantine
1176 3771 1270 3844 sedis
1292 3771 1550 3866 archiepiscopo
1561 3771 1634 3863 jrm
1651 3791 1753 3845 recc-

343 3897 495 3991 perimns
515 3897 552 3968 in
568 3896 740 3970 mandatis
762 3907 936 3970 utcontra
957 3899 1115 3970 Tartarus
1135 3905 1373 3993 persecutores
1394 3894 1477 3968 fidei
1493 3894 1677 3968 christiane
1692 3895 1754 3990 qni

347 4101 1752 4118 -w-Qfflb-D—--n-

352 4213 354 4222 ’
381 4221 415 4292 tt)
434 4221 522 4290 Quum
537 4221 696 4278 undecimus
711 4237 798 4279 mnus
816 4221 984 4294 pontificatus
998 4221 1103 4279 Henrici
1122 4221 1333 4281 constantiensis
1346 4222 1464 4296 episcopi
1480 4237 1534 4279 non
1553 4227 1615 4279 ante
1635 4229 1756 4279 mensem

343 4318 456 4391 aprilem
470 4321 540 4375 4443
555 4319 673 4393 incipere
689 4319 818 4393 potuerit,
833 4320 945 4393 epistola
957 4335 1022 4377 vero
1034 4319 1070 4378 ad
1084 4335 1183 4378 annum
1195 4323 1260 4378 tatt
1280 4319 1340 4378 luce
1352 4320 1452 4378 clarius
1464 4319 1605 4378 referenda
1618 4319 1663 4392 sit,
1679 4317 1754 4377 arhi-

345 4415 408 4472 trari
423 4414 497 4484 licet,
509 4415 578 4471 sicut
592 4415 649 4489 ipse
663 4415 829 4473 boehmerus
840 4419 990 4490 suspicatus
1000 4423 1050 4490 est,
1063 4433 1162 4474 annum
1172 4415 1658 4491 pontificatueSitridihlaguntinensis
1670 4415 1756 4474 archi-

345 4511 472 4584 epiacopi,
486 4513 533 4584 qui
547 4527 618 4569 anno
628 4513 726 4570 Christi
740 4516 805 4570 llll
820 4514 979 4570 undecimus
991 4520 1065 4571 recte
1078 4515 1279 4584 numerabatur,
1291 4515 1320 4571 in
1333 4515 1387 4572 ista
1396 4515 1516 4572 mandati
1527 4514 1662 4572 notatione
1673 4513 1757 4572 luisse

345 4615 512 4679 usurpatum.
529 4608 726 4682 simpliciorem
745 4617 837 4668 amen
857 4611 897 4668 rei
910 4611 1069 4668 enodandae
1085 4611 1193 4668 modum
1214 4611 1326 4669 forsitan
1344 4611 1484 4669 admiserit
1495 4611 1542 4684 qni
1560 4625 1610 4684 pro
1627 4625 1699 4667 nnnc
1712 4611 1760 4668 XI

343 4705 439 4777 legerit
450 4721 521 4761 cano
533 4706 587 4763 IX.
602 4706 674 4764 Nihil
690 4707 763 4764 enim
776 4707 865 4764 obstat
875 4709 939 4780 quin
953 4709 1164 4767 constantiensis
1177 4709 1318 4784 episcopus
1332 4725 1384 4767 uua
1399 4725 1463 4766 cum
1479 4708 1681 4782 archiepiscopo
1699 4709 1759 4766 lla·

348 4801 457 4872 guatino
480 4802 647 4874 caeterisque
671 4803 797 4878 praetatis
817 4803 892 4878 apud
912 4804 1036 4874 Ertnrth,
1059 4821 1153 4864 mense
1177 4805 1273 4864 martio
1290 4812 1319 4864 et
1340 4805 1416 4880 aprili
1435 4808 1516 4877 4244,
1535 4804 1699 4864 convenerit.
1717 4803 1757 4862 cl.

348 4897 449 4955 annal.
463 4898 604 4972 wormat,
619 4917 664 4974 ap.
674 4901 821 4972 Βοιιιιιιιι,
836 4901 941 4972 Fontes,
957 4909 976 4960 t.
991 4903 1026 4974 ll,
1040 4919 1067 4976 p.
1083 4907 1144 4960 480.

428 4995 463 5058 V.
492 5007 582 5058 Parsa.
1545 5011 1600 5064 158
