4358 5996
543 711 620 774 1006
1038 711 1251 776 serenaret
1277 713 1450 774 secubet
1763 713 1844 791 [llus.
1863 711 1950 774 teto..

623 823 749 949 (nanu
760 887 799 932 ex
815 871 937 932 eonon
952 869 1029 934 nur.
1043 872 1138 934 cerr.
1156 875 1264 950 narn,
1271 869 1364 952 forn
1377 869 1704 949 stomacharer,
1720 880 1795 948 aas,
1809 888 1878 948 pars
1891 871 1949 951 nr,

660 985 694 1036 n⁹
710 975 839 1055 Lxxn,
858 983 888 1038 et
905 994 972 1038 aaa.
982 976 1074 1057 seoda
1091 975 1182 1053 latio,
1203 986 1295 1056 4042,
1310 979 1361 1040 fol.
1385 987 1442 1039 126
1459 995 1559 1056 verso3
1578 978 1646 1040 coll.
1666 993 1735 1038 cum
1750 977 1850 1039 codice
1866 975 1946 1038 Phil·

657 1082 803 1160 llpssensi,
818 1099 866 1160 ap.
882 1084 1013 1146 Medlum
1027 1085 1174 1158 Montem,
1195 1094 1230 1145 n⁰
1246 1084 1351 1164 etto.)

589 1237 819 1338 [Friderious,
840 1249 924 1333 eto,
950 1242 1031 1316 duci
1048 1241 1206 1336 Austris,
1232 1241 1317 1341 etc]
1340 1241 1551 1316 decedentes
1573 1241 1619 1317 ad
1635 1242 1840 1338 presentiam
1857 1241 1896 1312 P.
1914 1251 1947 1312 et

538 1365 581 1436 N.
604 1364 749 1436 nuncios
766 1373 845 1438 tuos
864 1366 1005 1461 pluriter
1026 1367 1220 1462 recepimus
1239 1377 1274 1439 et
1289 1366 1452 1460 benigne,
1473 1376 1508 1438 et
1526 1375 1594 1436 tam
1613 1385 1654 1437 ea
1673 1385 1743 1458 qne
1756 1383 1947 1460 proposue-

538 1495 620 1558 runt
640 1509 702 1582 pro
723 1495 820 1582 parte
844 1495 905 1562 tua
927 1499 1087 1563 oretenus
1112 1512 1229 1562 coram
1254 1491 1354 1562 nobis
1370 1511 1475 1584 quam
1498 1509 1568 1582 que
1586 1487 1784 1561 transmisse
1805 1508 1870 1581 per
1888 1507 1948 1559 eos

537 1610 681 1682 culmini
693 1621 809 1683 nostro
825 1620 883 1684 tue
899 1613 1010 1686 littere
1023 1613 1259 1704 continebant,
1274 1615 1375 1708 pleno
1387 1612 1591 1704 collegimus
1608 1612 1796 1700 intellectu,
1812 1619 1945 1702 gratnm

538 1732 642 1806 valde
662 1732 829 1806 ducentes
849 1734 945 1829 qnod
961 1757 1080 1809 eorum
1099 1735 1330 1810 detractorum
1354 1735 1445 1807 labia
1465 1757 1535 1830 que
1556 1745 1674 1806 contra
1696 1743 1730 1806 te
1748 1743 1786 1804 ut
1808 1731 1946 1804 firmiter

538 1855 710 1930 oredimus
734 1857 945 1949 jamdudum
971 1859 1006 1930 in
1030 1861 1284 1955 sugillationem
1314 1861 1405 1932 lame
1439 1867 1498 1930 tue
1522 1867 1557 1931 et
1584 1857 1723 1930 honoris
1746 1856 1945 1929 dissolverat

537 1982 680 2052 assertio
696 1982 865 2074 falsitatis,
891 2004 961 2076 que
984 1984 1089 2056 nostri
1109 1983 1253 2056 honoris
1276 2005 1317 2054 ao
1331 1982 1564 2078 prosperitatis
1582 1983 1735 2053 emulum
1755 1978 1894 2074 publice
1914 1987 1945 2048 te

537 2102 735 2199 depincxit,
756 2105 988 2200 comprimens
1007 2107 1206 2197 manifeste,
1232 2107 1394 2200 suffragia
1413 2105 1567 2180 veritatis
1585 2104 1631 2178 ad
1656 2126 1718 2178 nos
1742 2103 1944 2198 conspicuos

536 2227 631 2300 viros
647 2227 836 2322 prudenter
854 2229 1046 2319 destinasti,
1064 2251 1127 2324 per
1142 2251 1231 2323 qnos
1248 2230 1347 2302 nobis
1365 2230 1468 2300 simul
1487 2239 1521 2301 et
1536 2229 1665 2302 litteras
1682 2239 1759 2302 tuas
1781 2229 1943 2300 immense

537 2349 729 2424 devotionis
762 2360 797 2424 et
827 2352 962 2425 sincere
992 2349 1075 2424 fidei
1106 2353 1338 2426 constanciam
1373 2353 1551 2441 obtulisti,
1587 2351 1817 2424 innocentiam
1851 2359 1943 2421 tuam

534 2493 640 2569 super
662 2473 728 2545 hiis
749 2495 819 2568 que
840 2474 886 2548 de
908 2483 942 2548 te
963 2475 1054 2548 lama
1077 2475 1232 2549 mendax
1254 2475 1415 2549 diffusius
1437 2474 1482 2547 ad
1503 2485 1598 2547 tuam
1619 2473 1796 2547 infamiam
1818 2473 1942 2546 diffun-

535 2595 657 2687 debat,
676 2598 889 2693 probabilius
904 2598 1101 2693 incorrupte
1118 2597 1200 2672 fidei
1214 2599 1427 2694 argumentis
1442 2619 1511 2693 que
1527 2597 1633 2672 animi
1652 2597 1702 2669 tui
1716 2597 1942 2670 constanciam

535 2731 655 2794 contra
672 2743 737 2794 nos
750 2731 885 2794 mutare
905 2744 975 2794 non
993 2723 1133 2818 patitur,
1151 2721 1360 2796 declarando
1373 2720 1437 2818 (l).
1456 2723 1539 2796 Tam
1559 2719 1842 2796 indissolubiliter
1864 2720 1943 2814 qoi-

534 2843 615 2916 dem
640 2843 703 2922 libi
731 2843 873 2939 quidam
899 2845 1014 2918 lervor
1039 2844 1232 2918 dilectionis
1259 2845 1378 2918 intime
1403 2865 1466 2918 nos
1490 2845 1671 2938 conjunxit
1692 2843 1788 2937 quod
1806 2843 1944 2914 minima

534 2967 578 3040 de
596 2978 630 3040 te
651 2967 833 3042 credulitas
853 2968 958 3041 nichil
972 2969 1082 3064 possit
1100 2969 1282 3064 concipere
1297 2971 1354 3042 vel
1369 2969 1490 3040 timere
1506 2969 1602 3063 quod
1622 2975 1735 3039 motus
1749 2965 1857 3038 animi
1871 2965 1940 3051 tui,

533 3101 774 3186 quantumque
797 3093 1029 3164 tumultuosus
1054 3113 1170 3164 rumor
1196 3091 1233 3162 in
1259 3091 1383 3164 nostris
1407 3099 1441 3163 et
1463 3091 1608 3164 aliorum
1634 3089 1820 3162 multorum
1843 3085 1889 3160 dc
1911 3097 1943 3158 te

533 3215 677 3286 auribus
689 3215 894 3306 insonuerit,
903 3223 1020 3287 oontm
1032 3236 1095 3287 nos
1106 3214 1328 3287 declinaverit
1340 3215 1376 3286 in
1389 3213 1577 3288 adversum
1591 3223 1631 3286 ut
1642 3211 1812 3308 quicquid
1822 3211 1944 3284 honori

534 3347 650 3410 nostro
667 3340 730 3431 qui
748 3346 914 3432 tanquam
933 3337 1039 3410 nostri
1058 3337 1246 3432 principem
1264 3337 1444 3431 sanguinis
1464 3337 1554 3410 inter
1572 3337 1744 3432 principes
1767 3335 1943 3430 principa-

533 3461 611 3534 liter
625 3461 785 3534 honorari
799 3471 833 3532 te
848 3461 1033 3554 contingit,
1052 3461 1262 3534 contrarium
1278 3461 1440 3534 molieris.
1453 3459 1541 3532 Nam
1555 3470 1736 3556 postquam
1747 3457 1943 3554 precedenti

533 3584 664 3658 offensa
682 3606 803 3658 omn-es
819 3585 1026 3658 offensiones
1047 3585 1198 3658 alterutri
1217 3583 1412 3658 remisimus
1428 3606 1516 3680 puro
1539 3582 1664 3672 corde,
1684 3603 1755 3654 non
1772 3579 1944 3653 credimus

533 3707 629 3802 quod
644 3707 770 3802 aliquis
787 3708 824 3779 in
841 3706 1022 3780 cordetuo
1039 3716 1144 3782 restet
1159 3709 1345 3804 scrupulus
1363 3707 1435 3782 odii
1449 3708 1507 3780 vel
1523 3707 1686 3780 rancoris.
1706 3706 1817 3790 Quam
1831 3705 1943 3776 since-

534 3847 612 3898 rum
630 3835 748 3899 autem
767 3827 873 3898 animi
891 3825 1052 3898 affectum
1071 3847 1154 3921 erga
1171 3835 1206 3898 te
1223 3847 1360 3922 semper
1378 3825 1586 3921 gesserimus
1602 3834 1637 3898 et
1658 3844 1819 3916 geramus
1839 3819 1944 3894 conti·

534 3949 651 4024 dantia
666 3951 716 4023 rei
733 3950 913 4024 manifeste
932 3950 1101 4042 declarat,
1121 3960 1157 4023 et
1171 3951 1256 4024 dum
1272 3961 1351 4046 post
1368 3950 1476 4022 seticis
1493 3947 1738 4022 recordationis
1742 3999 1817 4018 .....
1838 3945 1944 4041 patris

533 4074 584 4146 tui
599 4073 732 4146 obitum
745 4074 934 4161 inlalicem,
951 4083 986 4146 ta
1000 4075 1036 4145 in
1051 4073 1162 4146 filium
1177 4073 1393 4170 adoptantes,
1408 4081 1550 4169 paterna
1565 4093 1702 4166 semper
1715 4069 1839 4164 pietate
1853 4070 1944 4141 iove·

534 4197 660 4289 rimus,
682 4196 789 4268 nichil
806 4217 927 4268 eorum
944 4217 1027 4290 erga
1048 4195 1165 4268 tasum
1183 4204 1244 4269 tuo
1266 4196 1460 4270 testimonio
1478 4194 1695 4268 obmittentes
1718 4213 1789 4287 que
1805 4188 1945 4264 honoris

533 4327 568 4390 et
583 4318 802 4392 exaltationis
818 4327 878 4392 tue
894 4317 1018 4392 cedere
1035 4325 1190 4414 poterant
1207 4317 1445 4404 incrementis,
1467 4315 1566 4390 lirma
1584 4315 1684 4388 nobis
1702 4313 1748 4387 de
1767 4322 1801 4385 te
1818 4311 1945 4384 fiducia

570 4612 606 4688 (t)
623 4613 723 4670 Nostra
735 4611 869 4670 sententia
887 4611 1013 4670 alluditur
1027 4611 1061 4669 ad
1074 4610 1181 4684 nogotia
1194 4609 1377 4683 Alamanniae,
1396 4608 1444 4668 nbi
1457 4609 1581 4667 hlbsrtus
1594 4606 1727 4664 Echemus
1739 4603 1874 4679 principes
1886 4603 1943 4659 im·

533 4709 611 4785 perii,
626 4709 768 4784 ipsumque
781 4707 904 4767 Austriac
917 4709 1014 4768 ducem
1030 4709 1066 4767 ad
1083 4713 1175 4784 partes
1189 4707 1339 4782 pontificias
1353 4707 1489 4766 attrahere
1507 4711 1572 4764 tunc
1584 4703 1714 4778 temporis
1724 4701 1870 4777 plurimum
1883 4715 1943 4758 mo-

533 4807 655 4866 liabetur.
