4564 6038
600 677 681 740 lato
1084 673 1269 735 connum
1294 673 1446 747 Qunam
1826 675 1906 758 [dau.
1923 677 2008 738 1241.

595 814 632 887 in
648 814 718 885 hoc
732 820 866 886 votum.
884 811 972 884 ltem
984 809 1194 882 conferimus
1212 811 1315 882 vobis
1333 817 1538 905 potestatem
1551 809 1768 882 convocandi
1784 810 1927 884 clericos
1944 833 2010 885 ma·

591 939 686 1032 jores
703 945 738 1008 et
752 935 902 1008 minores
920 941 954 1006 et
971 933 1076 1006 laicos
1093 932 1219 1006 divites
1230 942 1274 1004 et
1294 953 1466 1029 pauperes
1485 932 1531 1006 ad
1551 932 1767 1006 audiendum
1783 934 1932 1006 verbum
1949 935 2010 1010 Dei

596 1069 631 1133 et
647 1058 918 1154 predicationem
932 1056 1065 1147 crucis,
1083 1055 1180 1128 etad
1201 1056 1268 1128 hoc
1280 1077 1342 1152 per
1356 1077 1538 1129 consuram
1551 1055 1814 1129 ecclesiasticam
1829 1059 1859 1128 si
1873 1079 2010 1131 neumae

596 1183 699 1256 luerit
718 1179 963 1276 compellendi.
985 1179 1115 1252 Omnes
1138 1179 1242 1251 etiam
1261 1180 1322 1274 qui
1345 1179 1524 1254 confluunt
1546 1179 1594 1254 ad
1610 1177 1862 1276 predicationes
1879 1189 2011 1254 vestras

594 1297 783 1402 recipimus
803 1303 870 1376 sub
893 1304 1108 1398 protectione
1128 1301 1228 1376 beate
1251 1311 1286 1376 et
1308 1302 1457 1396 gloriose
1472 1301 1626 1395 Virginis
1645 1303 1751 1388 illaria
1775 1311 1811 1374 et
1832 1303 2011 1376 beatorum

594 1430 825 1524 apostolorum
841 1427 933 1500 Petri
951 1435 986 1499 et
1008 1427 1106 1500 Pauli
1128 1435 1163 1499 et
1179 1437 1312 1518 nosba,
1328 1426 1396 1499 sub
1414 1426 1690 1512 interminatione
1713 1425 1940 1500 anathematis
1953 1425 2010 1500 fir·

594 1554 694 1624 miter
712 1551 933 1645 prohibentes
952 1570 997 1621 ne
1016 1548 1142 1643 aliquis
1162 1549 1333 1644 quamdiu
1356 1549 1493 1621 suntin
1516 1547 1634 1622 eundo
1652 1549 1699 1622 ad
1721 1549 2008 1643 predicationem,

593 1677 649 1748 vel
674 1673 873 1765 redeundo,
892 1673 949 1746 vel
965 1671 1096 1745 ibidem
1112 1673 1313 1762 existentes,
1333 1672 1370 1746 in
1390 1693 1536 1767 persona
1552 1673 1609 1745 vel
1628 1673 1664 1744 in
1685 1673 1789 1745 rebus
1807 1693 1868 1746 eos
1884 1673 2011 1748 audeat

593 1799 789 1871 molestare.
811 1800 901 1869 Sane
913 1795 1131 1868 venientibus
1144 1795 1190 1868 ad
1208 1795 1482 1890 predicationem
1497 1805 1649 1868 vestram
1666 1797 1808 1891 potestis
1825 1795 1912 1870 dure
1930 1819 2010 1871 auc

593 1921 730 1994 toritats
741 1931 858 1992 nostra
870 1918 1120 2012 indulgentiam
1134 1919 1192 1992 XL
1210 1919 1359 2012 dierum,
1371 1929 1410 1991 ut
1426 1919 1477 1992 sio
1488 1919 1645 1992 homines
1660 1918 1708 1992 ad
1723 1919 1920 2013 predictum
1931 1921 2010 1994 sub·

594 2043 724 2117 sidium
743 2042 896 2115 Ecclesia
911 2041 1086 2114 efficacius
1101 2041 1319 2114 inducantur.
1337 2041 1395 2115 Ad
1408 2041 1562 2116 eundem
1577 2042 1681 2115 etiam
1695 2041 1800 2116 finem
1812 2043 2010 2118 babendum

593 2165 799 2253 statuimus,
822 2173 859 2235 ιιι
884 2165 1087 2259 quicunque
1107 2163 1196 2237 adeo
1216 2165 1317 2238 dives
1333 2165 1437 2238 luerit
1461 2175 1501 2236 ιιι
1524 2175 1560 2238 et
1584 2165 1653 2237 eibi
1678 2175 1712 2237 et
1732 2166 1830 2239 alteri
1848 2167 1956 2261 possit
1977 2167 2011 2238 in

594 2290 758 2393 expensis
767 2289 872 2380 hujus
884 2287 1015 2360 itineris
1026 2287 1222 2384 providere,
1235 2289 1264 2360 si
1274 2289 1422 2361 noluerit
1432 2289 1529 2362 alteri
1545 2288 1715 2383 indigenti
1725 2290 1831 2380 gratis
1843 2290 1880 2362 in
1895 2291 2010 2364 remis·

594 2413 728 2488 sionem
737 2412 893 2484 omnium
907 2411 1147 2507 peccaminum
1161 2433 1304 2484 suorum
1312 2413 1494 2506 pecuniam
1504 2421 1678 2504 mutuare,
1689 2421 1829 2507 accepta
1842 2423 1957 2486 tamen
1968 2413 2010 2488 da

594 2537 765 2610 solutione
780 2545 937 2608 mutuate
952 2535 1100 2630 pecunie
1124 2535 1263 2630 ydonee
1283 2536 1461 2626 cautione,
1480 2536 1601 2609 saltem
1624 2556 1687 2630 pro
1710 2536 1890 2610 moderata
1906 2559 2011 2612 usura

594 2659 696 2732 sortis
711 2657 1057 2755 superhabundantia
1075 2666 1211 2731 mutuet
1228 2657 1416 2752 indigenti,
1435 2659 1502 2732 boc
1518 2661 1632 2732 sciens
1655 2660 1750 2753 quod
1768 2662 1914 2734 ecclesia
1933 2683 2010 2734 eum

594 2783 640 2858 ad
655 2783 903 2856 restitutionem
922 2803 1027 2856 usure
1049 2783 1100 2854 sic
1117 2790 1256 2876 recepte
1271 2803 1342 2856 nou
1361 2793 1483 2876 coget,
1505 2805 1586 2856 nam
1603 2781 1705 2856 talem
1728 2803 1791 2856 sue
1805 2785 2011 2858 conscientie

594 2906 862 3002 relinquendum
876 2905 1095 2980 decrevimus
1113 2906 1150 2978 in
1164 2906 1230 2979 boc
1244 2927 1342 2980 casu.
1359 2907 1444 2980 ltem
1462 2909 1648 2980 statuimus
1661 2917 1702 2980 ut
1714 2907 1764 2982 illi
1777 2909 1840 3002 qui
1853 2929 1925 2981 nou
1937 2911 2011 2981 vult

594 3031 646 3102 ire
664 3039 782 3102 contra
803 3031 979 3120 Tartarus,
999 3027 1192 3102 dummodo
1214 3029 1409 3103 secuudum
1431 3032 1526 3105 vires
1547 3030 1750 3104 facultatum
1768 3053 1934 3124 suarum,
1957 3034 2011 3106 vel

594 3161 686 3226 certe
700 3151 893 3224 secundum
917 3153 1099 3224 arbitrium
1120 3161 1293 3242 vestrum,
1311 3153 1371 3226 det
1391 3153 1525 3248 aliquid
1549 3154 1721 3228 derebus
1745 3156 1819 3228 suis
1843 3156 1879 3226 in
1898 3157 2011 3228 subsi-

593 3275 691 3349 dium
705 3275 869 3366 Emlesie,
891 3275 992 3350 detur
1002 3275 1125 3348 eadem
1138 3275 1368 3370 indulgentia,
1383 3297 1454 3372 que
1470 3277 1574 3352 datur
1589 3279 1695 3372 siqui
1710 3280 1821 3352 crucis
1832 3281 2010 3370 signaculo

592 3401 670 3472 vult
683 3399 826 3492 signari.
843 3401 929 3472 ltem
946 3409 985 3471 ut
1000 3400 1237 3494 sollempniter
1252 3401 1459 3496 penitentes,
1477 3399 1554 3474 sive
1566 3401 1635 3474 siut
1655 3401 1829 3475 homicide
1844 3403 1921 3477 sive
1937 3405 2007 3491 alii,

593 3521 732 3618 possitis
747 3523 949 3596 auctoritate
968 3532 1084 3596 nostra
1102 3523 1327 3597 reconciliare
1340 3523 1514 3616 Ecclesia,
1540 3535 1575 3596 et
1590 3525 1808 3599 absolvereu
1830 3527 2010 3621 sollempni

593 3645 781 3742 penitentia
796 3647 858 3741 qui
876 3645 923 3718 ad
942 3667 1019 3720 eam
1039 3655 1219 3734 tenentur,
1239 3658 1274 3720 et
1297 3657 1336 3720 ut
1354 3647 1500 3743 sepultis
1518 3647 1554 3720 in
1575 3669 1698 3743 campo
1717 3649 1753 3721 in
1769 3649 1899 3744 quibus
1912 3651 2009 3745 signa

593 3768 783 3863 penitentie
794 3770 830 3840 in
847 3771 1012 3842 extremis
1022 3770 1094 3843 vite
1105 3792 1167 3843 sue
1183 3779 1420 3866 apparuerunt
1437 3782 1472 3844 et
1486 3771 1593 3866 aliqui
1606 3793 1669 3866 pro
1687 3773 1739 3844 eis
1749 3773 1932 3868 signantur
1947 3772 2006 3870 (a),

593 3901 629 3963 et
643 3901 683 3964 ut
703 3893 740 3963 in
759 3891 843 3964 locis
860 3913 931 3986 que
950 3914 971 3965 a
991 3893 1092 3966 nobis
1116 3893 1299 3968 interdictu
1319 3903 1401 3968 sunt
1419 3894 1560 3990 possitis
1580 3896 1755 3968 celebrare
1774 3896 1913 3990 divina,
1932 3917 2008 3970 cum

592 4015 694 4088 vobis
713 4015 828 4088 visum
848 4017 950 4090 luerit
967 4018 1080 4089 crucis
1096 4019 1236 4109 negotio
1253 4017 1436 4113 expedire,
1458 4019 1560 4092 vobis
1585 4019 1797 4092 conferimus
1820 4020 2007 4114 plenariam

591 4148 807 4236 potestatem.
829 4139 966 4213 Clericis
982 4141 1084 4214 etiam
1097 4142 1295 4215 volentibus
1313 4142 1443 4236 signari
1466 4142 1567 4235 signo
1585 4144 1697 4216 crucis
1713 4151 1832 4216 contra
1850 4143 2008 4217 Tartarus

592 4263 816 4336 concedimus
829 4273 868 4335 ut
884 4265 1017 4358 possint
1034 4266 1190 4360 obligare
1207 4265 1368 4340 redditus
1388 4264 1638 4340 beneficiorum
1657 4287 1799 4340 suorum
1815 4265 1863 4339 ad
1879 4288 2008 4338 annum

592 4405 702 4459 unum
716 4387 773 4460 vel
792 4387 898 4476 duos,
921 4389 969 4460 ita
989 4397 1105 4462 tamen
1125 4390 1153 4462 si
1175 4389 1251 4462 siue
1268 4389 1327 4462 tali
1345 4390 1556 4484 obligatione
1578 4411 1647 4464 non
1665 4390 1797 4486 possint
1815 4391 2008 4465 necessaria

591 4511 696 4604 hujus
710 4511 841 4582 itineris
863 4531 1083 4606 comparare,
1104 4521 1139 4584 et
1155 4513 1307 4586 breviter
1321 4533 1460 4586 omnem
1483 4521 1689 4608 potestatem
1708 4521 1877 4606 nostram,
1893 4536 2008 4608 quan-

632 4769 675 4850 (c)
697 4771 742 4832 lbl
755 4771 901 4849 quaedum
913 4771 1012 4834 deuse
1025 4771 1176 4834 videntur.
