4468 6010
228 697 321 756 rom.
341 694 402 772 ra]
582 669 586 676 '
672 691 872 754 srsronrn
891 689 1187 754 nrnnounnrcn.
1577 686 1634 748 ror

229 829 307 902 vitio
326 851 347 902 n
363 827 504 924 pretatis
520 826 719 900 hominibus
733 827 794 921 qni
807 827 854 901 ad
871 827 981 923 ipsam
999 826 1249 922 reparationem
1265 831 1424 897 tenantur
1438 821 1638 916 recolligas,

228 956 400 1029 nominato
417 953 626 1027 recollectori
643 954 861 1026 restitntnrns
876 953 1034 1026 eamdem
1053 951 1067 1048 (
1088 952 1114 1048 ).

274 1083 399 1154 Datum
412 1079 573 1164 viterbii,
597 1080 719 1152 ultimo
736 1079 917 1166 februarii,
934 1079 1012 1150 ΧῙΙΙ
1029 1077 1239 1151 indictionis.

274 1205 358 1276 item
375 1203 543 1300 scriptum
564 1211 617 1276 est
633 1203 871 1298 prenominato
890 1203 1063 1298 Stephano
1085 1199 1295 1274 rcooiieotori
1318 1199 1430 1272 solvat
1453 1196 1566 1270 eidem
1593 1196 1634 1270 G.

229 1327 401 1425 predictus
425 1337 503 1400 noto
528 1327 649 1401 uncins
673 1349 737 1424 pro
761 1327 977 1424 reparatione
1004 1325 1159 1422 predicta
1184 1322 1344 1397 iacienda
1370 1331 1405 1395 st
1432 1320 1638 1417 complendo

230 1471 331 1546 opero
346 1449 559 1546 supradicto.

274 1575 400 1648 Annoto
416 1584 531 1648 nutem
549 1575 626 1670 ipso
651 1573 826 1670 Stephano
845 1573 942 1670 prins
961 1595 1067 1668 qnam
1087 1573 1209 1644 uncins
1232 1571 1326 1666 ipsus
1343 1569 1507 1660 solveret,
1529 1571 1639 1662 juoto

228 1700 314 1795 pund
323 1699 550 1772 multominus
563 1699 818 1794 perpraedictum
835 1698 1042 1772 derilictmum
1056 1695 1116 1791 (t),
1133 1694 1319 1768 mandante
1336 1693 1476 1768 domino
1494 1693 1639 1789 imperu-

230 1835 300 1897 tore
315 1845 377 1918 per
390 1823 544 1916 jndioenn
563 1823 742 1898 Taddonm
762 1825 798 1894 in
815 1823 937 1896 eadam
959 1825 1067 1896 formu
1088 1843 1151 1916 per
1167 1820 1283 1893 omnin
1304 1819 1470 1913 scripturn
1487 1826 1539 1890 est
1556 1817 1640 1892 Rio-

230 1947 333 2022 oordo
348 1947 395 2020 ds
411 1949 555 2021 Puioaro
567 1947 664 2042 qnod
678 1947 790 2022 solvat
804 1947 925 2020 uncias
940 1947 1033 2042 ipsas
1051 1946 1144 2020 dicto
1156 1944 1355 2034 Gnillelmo,
1375 1941 1538 2018 mandato
1550 1943 1640 2016 fonto

231 2075 272 2146 ΙΙΙ
291 2071 417 2162 madii,
435 2071 513 2144 xtll
530 2072 745 2158 indictionis,
766 2071 861 2168 opud
879 2073 1009 2144 orum.

281 2595 460 2680 Mandata
475 2599 582 2681 varia
605 2625 674 2708 pro
698 2600 891 2684 asturibus
920 2599 1134 2702 mutandis,
1161 2624 1232 2708 pro
1258 2597 1433 2706 expensis
1465 2596 1639 2682 falcone-

230 2727 373 2811 n'orum
394 2741 431 2812 et
446 2729 641 2814 falconum
659 2733 801 2842 curiae,
821 2759 891 2842 pro
907 2731 1074 2818 vestibus
1093 2731 1286 2815 Gualterio
1301 2730 1461 2840 Anglioo
1474 2741 1511 2814 et
1529 2732 1640 2818 Guil-

229 2859 359 2970 lelmo,
383 2862 464 2945 filio
481 2862 578 2974 ejus,
601 2891 678 2947 una
696 2865 777 2950 vice
799 2867 1034 2950 exhibendis

309 3064 439 3145 (Repeti.
454 3065 556 3144 irnpcr.
573 3065 693 3127 heda.
710 3068 749 3144 11,
764 3067 817 3131 iol.
835 3077 871 3129 77
886 3075 982 3144 rect03
997 3071 1030 3130 in
1043 3069 1113 3130 sdlt.
1130 3068 1266 3144 Curcum,
1281 3085 1312 3146 p.
1330 3067 1413 3147 tta.)

276 3237 327 3308 Dc
342 3239 514 3332 imperiali
526 3243 683 3314 mandato
696 3247 787 3336 [octo
799 3266 862 3338 per
875 3246 1068 3338 magistr-tum
1085 3243 1281 3336 Roppen’um
1294 3243 1334 3315 de
1348 3245 1489 3315 Gamcro
1508 3245 1639 3338 scripsit

231 3363 268 3433 G.
290 3363 329 3433 dc
349 3363 534 3436 durentia:

275 3487 494 3578 Frederions,
515 3499 599 3580 eto,
622 3490 827 3564 Boamundo
847 3491 988 3564 Pissono
1002 3491 1184 3584 justitiario
1203 3489 1359 3586 Aprutii,
1383 3500 1449 3562 eto.
1470 3488 1639 3562 Fideiitati

230 3617 286 3680 tue
304 3609 529 3705 precipiendo
544 3613 750 3687 mandamus
768 3625 940 3708 quatenos
962 3625 1095 3687 astures
1116 3625 1248 3688 nostros
1264 3635 1352 3708 quos
1368 3613 1516 3708 portabit
1541 3614 1588 3687 ad
1606 3623 1640 3688 to

232 3731 403 3806 Renaldus
428 3735 604 3828 Torgisius
627 3737 793 3810 collectus
818 3745 853 3808 et
875 3735 988 3808 fidelis
1008 3747 1122 3810 noster
1145 3739 1269 3810 mutari
1287 3738 1391 3809 facins
1411 3759 1472 3831 per
1494 3737 1640 3810 barones

228 3855 474 3950 jurisdictionis
491 3866 570 3952 tuo,
591 3881 679 3954 qnos
696 3859 788 3932 idem
807 3861 979 3934 Renaidus
998 3863 1060 3934 tibi
1077 3861 1221 3935 duxerit
1238 3859 1482 3934 nominandos.

276 3981 402 4052 Datum
416 3981 581 4072 Viterbii,
597 3983 719 4056 ultimo
738 3984 1017 4076 februarii,xl11
1036 3984 1244 4057 indictionis.

276 4104 324 4173 De
341 4105 511 4196 imperiali
522 4105 680 4178 mundato
692 4110 780 4198 sacto
787 4129 851 4202 per
866 4110 1062 4200 mapistrum
1078 4109 1244 4180 Atbertum
1260 4108 1394 4202 scripsit
1411 4107 1637 4178 Laurentius:

277 4225 500 4319 Frederions,
528 4237 612 4322 eto,
642 4229 842 4304 Alexandro
866 4229 936 4303 fitio
962 4233 1118 4323 Raurici,
1147 4245 1212 4305 etc.
1244 4231 1332 4317 Quia
1355 4229 1581 4304 Corradinum
1606 4241 1640 4303 et

273 4485 314 4567 (a)
335 4489 409 4551 Post
426 4489 554 4552 sam
570 4493 700 4572 legitur:
720 4507 807 4574 turpet·
824 4501 921 4556 amoro
937 4501 1050 4568 autern,
1065 4502 1118 4558 etc.
1134 4495 1332 4557 Amanuansis
1347 4511 1475 4556 onorem
1493 4497 1525 4556 ln
1539 4493 1640 4556 codice

235 4591 355 4658 renen
366 4611 427 4656 non
436 4599 631 4660 cannatintum
640 4601 893 4674 animadverteris,
905 4604 931 4662 st
939 4601 1029 4662 vernn
1040 4617 1116 4680 qnae
1126 4602 1213 4678 panto
1226 4601 1302 4662 tnrrn
1312 4607 1483 4678 repetuntur
1495 4599 1637 4660 conteras.

273 4697 313 4779 (b)
331 4699 399 4760 lton
412 4701 611 4764 dubitandum
626 4707 699 4783 quin
714 4705 788 4767 haec
808 4705 901 4768 verbu
913 4707 1107 4769 deuehuntur
1126 4723 1144 4768 s
1160 4705 1300 4768 mandato
1323 4708 1388 4784 ipso
1407 4705 1487 4784 qnod
1501 4705 1539 4766 ud
1552 4721 1640 4766 suurn

236 4801 328 4866 bourn
341 4813 562 4886 mmmptnm
575 4827 635 4870 non
648 4813 807 4874 invenltnr.
