<?xml version="1.0" encoding="UTF-8"?>
<!DOCTYPE html PUBLIC "-//W3C//DTD XHTML 1.0 Transitional//EN"
    "http://www.w3.org/TR/xhtml1/DTD/xhtml1-transitional.dtd">
<html xmlns="http://www.w3.org/1999/xhtml" xml:lang="en" lang="en">
 <head>
  <title>
</title>
<meta http-equiv="Content-Type" content="text/html;charset=utf-8" />
  <meta name='ocr-system' content='tesseract 3.04.00' />
  <meta name='ocr-capabilities' content='ocr_page ocr_carea ocr_par ocr_line ocrx_word'/>
</head>
<body>
  <div class='ocr_page' id='page_1' title='image "./historiadiploma01fredgoog_0647.png"; bbox 0 0 4648 6056; ppageno 0'>
   <div class='ocr_carea' id='block_1_1' title="bbox 808 751 1764 818">
    <p class='ocr_par' dir='ltr' id='par_1_1' title="bbox 808 751 1764 818">
     <span class='ocr_line' id='line_1_1' title="bbox 808 751 1764 818; baseline 0.008 -8"><span class='ocrx_word' id='word_1_1' title='bbox 808 753 935 814; x_wconf 80' lang='lat' dir='ltr'>INDEX</span> <span class='ocrx_word' id='word_1_2' title='bbox 959 751 1305 816; x_wconf 78' lang='lat' dir='ltr'><strong>uocununtontiui.</strong></span> <span class='ocrx_word' id='word_1_3' title='bbox 1689 755 1764 818; x_wconf 74' lang='lat'>1281</span> 
     </span>
    </p>
   </div>
   <div class='ocr_carea' id='block_1_2' title="bbox 346 952 483 1075">
    <p class='ocr_par' dir='ltr' id='par_1_2' title="bbox 346 952 483 1075">
     <span class='ocr_line' id='line_1_2' title="bbox 346 952 483 1075; baseline 0 -48"><span class='ocrx_word' id='word_1_4' title='bbox 346 952 483 1075; x_wconf 59' lang='lat' dir='ltr'><em>Q</em></span> 
     </span>
    </p>
   </div>
   <div class='ocr_carea' id='block_1_3' title="bbox 341 1079 1768 3082">
    <p class='ocr_par' dir='ltr' id='par_1_3' title="bbox 359 1079 1768 1444">
     <span class='ocr_line' id='line_1_3' title="bbox 772 1079 1763 1158; baseline 0.004 -20"><span class='ocrx_word' id='word_1_5' title='bbox 772 1080 930 1156; x_wconf 87' lang='lat' dir='ltr'><strong>imperator</strong></span> <span class='ocrx_word' id='word_1_6' title='bbox 947 1082 1009 1157; x_wconf 85' lang='lat' dir='ltr'><strong>ipse</strong></span> <span class='ocrx_word' id='word_1_7' title='bbox 1030 1097 1091 1141; x_wconf 93' lang='lat' dir='ltr'><strong>non</strong></span> <span class='ocrx_word' id='word_1_8' title='bbox 1109 1079 1269 1141; x_wconf 88' lang='lat' dir='ltr'><strong>abstinebit</strong></span> <span class='ocrx_word' id='word_1_9' title='bbox 1289 1081 1363 1158; x_wconf 91' lang='lat' dir='ltr'><strong>quin</strong></span> <span class='ocrx_word' id='word_1_10' title='bbox 1380 1079 1615 1142; x_wconf 80' lang='lat' dir='ltr'><strong>bombardorum</strong></span> <span class='ocrx_word' id='word_1_11' title='bbox 1633 1083 1763 1158; x_wconf 78' lang='lat' dir='ltr'><strong>poenitue-</strong></span> 
     </span>
     <span class='ocr_line' id='line_1_4' title="bbox 772 1177 1761 1238; baseline 0.009 -4"><span class='ocrx_word' id='word_1_12' title='bbox 772 1177 1108 1238; x_wconf 86' lang='lat' dir='ltr'><strong>oiamarmlscoeroeat.</strong></span> <span class='ocrx_word' id='word_1_13' title='bbox 1722 1185 1761 1237; x_wconf 75' lang='lat' dir='ltr'><strong>ot</strong></span> 
     </span>
     <span class='ocr_line' id='line_1_5' title="bbox 359 1267 1768 1350; baseline 0.001 -19"><span class='ocrx_word' id='word_1_14' title='bbox 359 1279 377 1331; x_wconf 73' lang='lat' dir='ltr'><strong>a</strong></span> <span class='ocrx_word' id='word_1_15' title='bbox 398 1286 469 1350; x_wconf 77' lang='lat' dir='ltr'><strong>aug.</strong></span> <span class='ocrx_word' id='word_1_16' title='bbox 567 1269 656 1346; x_wconf 77' lang='lat' dir='ltr'><strong>Apud</strong></span> <span class='ocrx_word' id='word_1_17' title='bbox 733 1267 861 1350; x_wconf 77' lang='lat' dir='ltr'><strong>Aopetor</strong></span> <span class='ocrx_word' id='word_1_18' title='bbox 874 1268 909 1330; x_wconf 84' lang='lat' dir='ltr'><strong>de</strong></span> <span class='ocrx_word' id='word_1_19' title='bbox 921 1271 1025 1330; x_wconf 80' lang='lat' dir='ltr'><strong>Murro</strong></span> <span class='ocrx_word' id='word_1_20' title='bbox 1038 1287 1078 1331; x_wconf 84' lang='lat' dir='ltr'><strong>ex</strong></span> <span class='ocrx_word' id='word_1_21' title='bbox 1096 1271 1236 1331; x_wconf 88' lang='lat' dir='ltr'><strong>mandato</strong></span> <span class='ocrx_word' id='word_1_22' title='bbox 1249 1269 1439 1332; x_wconf 74' lang='lat' dir='ltr'><strong>familiarium</strong></span> <span class='ocrx_word' id='word_1_23' title='bbox 1458 1271 1640 1346; x_wconf 87' lang='lat' dir='ltr'><strong>imperatoris</strong></span> <span class='ocrx_word' id='word_1_24' title='bbox 1650 1271 1768 1348; x_wconf 81' lang='lat' dir='ltr'><strong>judici·</strong></span> 
     </span>
     <span class='ocr_line' id='line_1_6' title="bbox 539 1365 1767 1444; baseline 0.004 -19"><span class='ocrx_word' id='word_1_25' title='bbox 539 1365 678 1426; x_wconf 86' lang='lat' dir='ltr'><strong>llluores.</strong></span> <span class='ocrx_word' id='word_1_26' title='bbox 772 1367 829 1426; x_wconf 89' lang='lat' dir='ltr'><strong>bus</strong></span> <span class='ocrx_word' id='word_1_27' title='bbox 844 1367 986 1428; x_wconf 87' lang='lat' dir='ltr'><strong>Nuceriae</strong></span> <span class='ocrx_word' id='word_1_28' title='bbox 1002 1367 1124 1428; x_wconf 83' lang='lat' dir='ltr'><strong>mandat</strong></span> <span class='ocrx_word' id='word_1_29' title='bbox 1138 1373 1173 1428; x_wconf 92' lang='lat' dir='ltr'><strong>ut</strong></span> <span class='ocrx_word' id='word_1_30' title='bbox 1184 1369 1372 1444; x_wconf 76' lang='lat' dir='ltr'><strong>inquisitione</strong></span> <span class='ocrx_word' id='word_1_31' title='bbox 1385 1366 1465 1426; x_wconf 87' lang='lat' dir='ltr'><strong>lecta</strong></span> <span class='ocrx_word' id='word_1_32' title='bbox 1481 1366 1602 1444; x_wconf 85' lang='lat' dir='ltr'><strong>dejure</strong></span> <span class='ocrx_word' id='word_1_33' title='bbox 1618 1373 1767 1430; x_wconf 89' lang='lat' dir='ltr'><strong>monaste·</strong></span> 
     </span>
    </p>

    <p class='ocr_par' dir='ltr' id='par_1_4' title="bbox 771 1463 1765 1541">
     <span class='ocr_line' id='line_1_7' title="bbox 771 1463 1765 1541; baseline 0.002 -17"><span class='ocrx_word' id='word_1_34' title='bbox 771 1467 808 1524; x_wconf 92' lang='lat' dir='ltr'><strong>rii</strong></span> <span class='ocrx_word' id='word_1_35' title='bbox 819 1463 957 1525; x_wconf 83' lang='lat' dir='ltr'><strong>cavensis</strong></span> <span class='ocrx_word' id='word_1_36' title='bbox 969 1481 1056 1541; x_wconf 87' lang='lat' dir='ltr'><strong>super</strong></span> <span class='ocrx_word' id='word_1_37' title='bbox 1070 1463 1222 1526; x_wconf 86' lang='lat' dir='ltr'><strong>ecclesiam</strong></span> <span class='ocrx_word' id='word_1_38' title='bbox 1233 1463 1333 1525; x_wconf 87' lang='lat' dir='ltr'><strong>Sancti</strong></span> <span class='ocrx_word' id='word_1_39' title='bbox 1346 1463 1498 1524; x_wconf 85' lang='lat' dir='ltr'><strong>Laurentii</strong></span> <span class='ocrx_word' id='word_1_40' title='bbox 1509 1463 1546 1522; x_wconf 89' lang='lat' dir='ltr'><strong>de</strong></span> <span class='ocrx_word' id='word_1_41' title='bbox 1559 1463 1589 1522; x_wconf 87' lang='lat' dir='ltr'><strong>la</strong></span> <span class='ocrx_word' id='word_1_42' title='bbox 1602 1464 1765 1536; x_wconf 85' lang='lat' dir='ltr'><strong>Bostineta,</strong></span> 
     </span>
    </p>

    <p class='ocr_par' dir='ltr' id='par_1_5' title="bbox 771 1557 1766 1638">
     <span class='ocr_line' id='line_1_8' title="bbox 771 1557 1766 1638; baseline 0.003 -20"><span class='ocrx_word' id='word_1_43' title='bbox 771 1561 797 1618; x_wconf 90' lang='lat' dir='ltr'><strong>si</strong></span> <span class='ocrx_word' id='word_1_44' title='bbox 815 1560 909 1619; x_wconf 77' lang='lat' dir='ltr'><strong>eluiem</strong></span> <span class='ocrx_word' id='word_1_45' title='bbox 927 1562 1106 1620; x_wconf 82' lang='lat' dir='ltr'><strong>monasterio</strong></span> <span class='ocrx_word' id='word_1_46' title='bbox 1122 1561 1284 1638; x_wconf 88' lang='lat' dir='ltr'><strong>pertineat,</strong></span> <span class='ocrx_word' id='word_1_47' title='bbox 1299 1559 1436 1620; x_wconf 84' lang='lat' dir='ltr'><strong>stallerils</strong></span> <span class='ocrx_word' id='word_1_48' title='bbox 1455 1559 1617 1634; x_wconf 89' lang='lat' dir='ltr'><strong>imperialis</strong></span> <span class='ocrx_word' id='word_1_49' title='bbox 1639 1557 1766 1621; x_wconf 86' lang='lat' dir='ltr'><strong>demanii</strong></span> 
     </span>
    </p>

    <p class='ocr_par' dir='ltr' id='par_1_6' title="bbox 770 1656 1766 1733">
     <span class='ocr_line' id='line_1_9' title="bbox 770 1656 1766 1733; baseline 0.005 -20"><span class='ocrx_word' id='word_1_50' title='bbox 770 1657 949 1731; x_wconf 86' lang='lat' dir='ltr'><strong>praecipiant</strong></span> <span class='ocrx_word' id='word_1_51' title='bbox 965 1671 1003 1714; x_wconf 88' lang='lat' dir='ltr'><strong>ne</strong></span> <span class='ocrx_word' id='word_1_52' title='bbox 1020 1658 1230 1716; x_wconf 85' lang='lat' dir='ltr'><strong>monasterium</strong></span> <span class='ocrx_word' id='word_1_53' title='bbox 1252 1658 1285 1715; x_wconf 95' lang='lat' dir='ltr'><strong>iu</strong></span> <span class='ocrx_word' id='word_1_54' title='bbox 1307 1656 1407 1731; x_wconf 91' lang='lat' dir='ltr'><strong>quieta</strong></span> <span class='ocrx_word' id='word_1_55' title='bbox 1426 1657 1608 1733; x_wconf 73' lang='lat' dir='ltr'><strong>possessione</strong></span> <span class='ocrx_word' id='word_1_56' title='bbox 1632 1656 1766 1733; x_wconf 74' lang='lat' dir='ltr'><strong>eiusdem</strong></span> 
     </span>
    </p>

    <p class='ocr_par' dir='ltr' id='par_1_7' title="bbox 771 1752 1764 1814">
     <span class='ocr_line' id='line_1_10' title="bbox 771 1752 1764 1814; baseline 0.003 -4"><span class='ocrx_word' id='word_1_57' title='bbox 771 1752 1090 1812; x_wconf 82' lang='lat' dir='ltr'><strong>eeclesiaemoiesteut.</strong></span> <span class='ocrx_word' id='word_1_58' title='bbox 1706 1761 1764 1814; x_wconf 74' lang='lat' dir='ltr'><strong>iot</strong></span> 
     </span>
    </p>

    <p class='ocr_par' dir='ltr' id='par_1_8' title="bbox 359 1840 1765 2021">
     <span class='ocr_line' id='line_1_11' title="bbox 359 1840 1765 1922; baseline 0.001 -16"><span class='ocrx_word' id='word_1_59' title='bbox 359 1851 396 1906; x_wconf 85' lang='lat' dir='ltr'><strong>ie</strong></span> <span class='ocrx_word' id='word_1_60' title='bbox 409 1851 469 1908; x_wconf 87' lang='lat' dir='ltr'><strong>oct.</strong></span> <span class='ocrx_word' id='word_1_61' title='bbox 538 1840 674 1907; x_wconf 85' lang='lat' dir='ltr'><strong>viterbii.</strong></span> <span class='ocrx_word' id='word_1_62' title='bbox 731 1845 877 1906; x_wconf 75' lang='lat' dir='ltr'><strong>lolanoce</strong></span> <span class='ocrx_word' id='word_1_63' title='bbox 895 1845 930 1906; x_wconf 80' lang='lat' dir='ltr'><strong>de</strong></span> <span class='ocrx_word' id='word_1_64' title='bbox 955 1843 1111 1921; x_wconf 83' lang='lat' dir='ltr'><strong>Columna,</strong></span> <span class='ocrx_word' id='word_1_65' title='bbox 1141 1846 1267 1907; x_wconf 83' lang='lat' dir='ltr'><strong>Sanctae</strong></span> <span class='ocrx_word' id='word_1_66' title='bbox 1291 1844 1436 1906; x_wconf 69' lang='lat' dir='ltr'><strong>Procedit</strong></span> <span class='ocrx_word' id='word_1_67' title='bbox 1457 1843 1635 1922; x_wconf 78' lang='lat' dir='ltr'><strong>cardinalis,</strong></span> <span class='ocrx_word' id='word_1_68' title='bbox 1663 1847 1765 1916; x_wconf 83' lang='lat' dir='ltr'><strong>Ottonl</strong></span> 
     </span>
     <span class='ocr_line' id='line_1_12' title="bbox 770 1941 1765 2021; baseline 0.001 -19"><span class='ocrx_word' id='word_1_69' title='bbox 770 1942 870 2002; x_wconf 90' lang='lat' dir='ltr'><strong>Sancti</strong></span> <span class='ocrx_word' id='word_1_70' title='bbox 883 1942 996 2002; x_wconf 87' lang='lat' dir='ltr'><strong>Nicolal</strong></span> <span class='ocrx_word' id='word_1_71' title='bbox 1014 1944 1046 2001; x_wconf 94' lang='lat' dir='ltr'><strong>in</strong></span> <span class='ocrx_word' id='word_1_72' title='bbox 1059 1957 1175 2002; x_wconf 88' lang='lat' dir='ltr'><strong>carcere</strong></span> <span class='ocrx_word' id='word_1_73' title='bbox 1188 1943 1327 2002; x_wconf 88' lang='lat' dir='ltr'><strong>Tulliano</strong></span> <span class='ocrx_word' id='word_1_74' title='bbox 1341 1941 1484 2002; x_wconf 76' lang='lat' dir='ltr'><strong>cardinali</strong></span> <span class='ocrx_word' id='word_1_75' title='bbox 1501 1941 1598 2020; x_wconf 81' lang='lat' dir='ltr'><strong>legato</strong></span> <span class='ocrx_word' id='word_1_76' title='bbox 1611 1944 1642 2002; x_wconf 94' lang='lat' dir='ltr'><strong>in</strong></span> <span class='ocrx_word' id='word_1_77' title='bbox 1656 1942 1765 2021; x_wconf 80' lang='lat' dir='ltr'><strong>Augila</strong></span> 
     </span>
    </p>

    <p class='ocr_par' dir='ltr' id='par_1_9' title="bbox 770 2037 1763 2100">
     <span class='ocr_line' id='line_1_13' title="bbox 770 2037 1763 2100; baseline 0.001 -2"><span class='ocrx_word' id='word_1_78' title='bbox 770 2037 872 2098; x_wconf 87' lang='lat' dir='ltr'><strong>scribit</strong></span> <span class='ocrx_word' id='word_1_79' title='bbox 884 2038 922 2097; x_wconf 88' lang='lat' dir='ltr'><strong>de</strong></span> <span class='ocrx_word' id='word_1_80' title='bbox 936 2043 1014 2097; x_wconf 71' lang='lat' dir='ltr'><strong>smtu</strong></span> <span class='ocrx_word' id='word_1_81' title='bbox 1028 2039 1175 2098; x_wconf 74' lang='lat' dir='ltr'><strong>Ecolenae</strong></span> <span class='ocrx_word' id='word_1_82' title='bbox 1187 2039 1348 2098; x_wconf 81' lang='lat' dir='ltr'><strong>Romanae.</strong></span> <span class='ocrx_word' id='word_1_83' title='bbox 1706 2047 1763 2100; x_wconf 78' lang='grc'><strong>124</strong></span> 
     </span>
    </p>

    <p class='ocr_par' dir='ltr' id='par_1_10' title="bbox 368 2129 1766 2322">
     <span class='ocr_line' id='line_1_14' title="bbox 368 2129 1766 2216; baseline 0 -21"><span class='ocrx_word' id='word_1_84' title='bbox 368 2129 457 2216; x_wconf 73' lang='lat' dir='ltr'><strong>[deo]</strong></span> <span class='ocrx_word' id='word_1_85' title='bbox 511 2172 715 2194; x_wconf 79' lang='lat'><strong>.......</strong></span> <span class='ocrx_word' id='word_1_86' title='bbox 730 2136 836 2196; x_wconf 76' lang='lat' dir='ltr'><strong>Petrus</strong></span> <span class='ocrx_word' id='word_1_87' title='bbox 849 2133 883 2194; x_wconf 81' lang='lat' dir='ltr'><strong>de</strong></span> <span class='ocrx_word' id='word_1_88' title='bbox 903 2135 992 2194; x_wconf 81' lang='lat' dir='ltr'><strong>Vinea</strong></span> <span class='ocrx_word' id='word_1_89' title='bbox 1005 2151 1128 2214; x_wconf 75' lang='lat' dir='ltr'><strong>muqoac</strong></span> <span class='ocrx_word' id='word_1_90' title='bbox 1145 2135 1243 2194; x_wconf 75' lang='lat' dir='ltr'><strong>canite</strong></span> <span class='ocrx_word' id='word_1_91' title='bbox 1253 2131 1350 2214; x_wconf 79' lang='lat' dir='ltr'><strong>jadon</strong></span> <span class='ocrx_word' id='word_1_92' title='bbox 1363 2131 1500 2193; x_wconf 82' lang='lat' dir='ltr'><strong>fidelibus</strong></span> <span class='ocrx_word' id='word_1_93' title='bbox 1513 2134 1629 2210; x_wconf 91' lang='lat' dir='ltr'><strong>imperii</strong></span> <span class='ocrx_word' id='word_1_94' title='bbox 1647 2137 1766 2195; x_wconf 82' lang='lat' dir='ltr'><strong>nunbat</strong></span> 
     </span>
     <span class='ocr_line' id='line_1_15' title="bbox 769 2230 1764 2322; baseline 0.002 -32"><span class='ocrx_word' id='word_1_95' title='bbox 769 2230 938 2291; x_wconf 84' lang='lat' dir='ltr'><strong>conflictum</strong></span> <span class='ocrx_word' id='word_1_96' title='bbox 957 2230 1237 2307; x_wconf 86' lang='lat' dir='ltr'><strong>Mediolanensium,</strong></span> <span class='ocrx_word' id='word_1_97' title='bbox 1250 2232 1421 2322; x_wconf 70' lang='lat' dir='ltr'><strong>ceptionem</strong></span> <span class='ocrx_word' id='word_1_98' title='bbox 1440 2246 1544 2290; x_wconf 87' lang='lat' dir='ltr'><strong>currus</strong></span> <span class='ocrx_word' id='word_1_99' title='bbox 1558 2245 1593 2289; x_wconf 91' lang='lat' dir='ltr'><strong>ao</strong></span> <span class='ocrx_word' id='word_1_100' title='bbox 1611 2232 1764 2306; x_wconf 87' lang='lat' dir='ltr'><strong>potestatis</strong></span> 
     </span>
    </p>

    <p class='ocr_par' dir='ltr' id='par_1_11' title="bbox 641 2326 1764 2403">
     <span class='ocr_line' id='line_1_16' title="bbox 641 2326 1764 2403; baseline 0 -17"><span class='ocrx_word' id='word_1_101' title='bbox 641 2370 646 2379; x_wconf 90' lang='lat'><strong>.</strong></span> <span class='ocrx_word' id='word_1_102' title='bbox 767 2326 939 2387; x_wconf 83' lang='lat' dir='ltr'><strong>eorumdem</strong></span> <span class='ocrx_word' id='word_1_103' title='bbox 948 2332 979 2386; x_wconf 88' lang='lat' dir='ltr'><strong>et</strong></span> <span class='ocrx_word' id='word_1_104' title='bbox 988 2327 1196 2402; x_wconf 75' lang='lat' dir='ltr'><strong>triumphalem</strong></span> <span class='ocrx_word' id='word_1_105' title='bbox 1210 2326 1289 2402; x_wconf 91' lang='lat' dir='ltr'><strong>apud</strong></span> <span class='ocrx_word' id='word_1_106' title='bbox 1301 2326 1474 2386; x_wconf 77' lang='lat' dir='ltr'><strong>Cremonam</strong></span> <span class='ocrx_word' id='word_1_107' title='bbox 1487 2327 1671 2402; x_wconf 89' lang='lat' dir='ltr'><strong>imperatoris</strong></span> <span class='ocrx_word' id='word_1_108' title='bbox 1682 2342 1764 2403; x_wconf 91' lang='lat' dir='ltr'><strong>pom·</strong></span> 
     </span>
    </p>

    <p class='ocr_par' dir='ltr' id='par_1_12' title="bbox 767 2431 1760 2499">
     <span class='ocr_line' id='line_1_17' title="bbox 767 2431 1760 2499; baseline 0 -17"><span class='ocrx_word' id='word_1_109' title='bbox 767 2439 849 2499; x_wconf 80' lang='lat' dir='ltr'><strong>pem.</strong></span> <span class='ocrx_word' id='word_1_110' title='bbox 1705 2431 1760 2484; x_wconf 81' lang='lat' dir='ltr'><strong>rer</strong></span> 
     </span>
    </p>

    <p class='ocr_par' dir='ltr' id='par_1_13' title="bbox 366 2513 1762 2692">
     <span class='ocr_line' id='line_1_18' title="bbox 366 2513 1762 2598; baseline 0 -20"><span class='ocrx_word' id='word_1_111' title='bbox 366 2513 456 2598; x_wconf 75' lang='lat' dir='ltr'><strong>[deo]</strong></span> <span class='ocrx_word' id='word_1_112' title='bbox 507 2557 712 2580; x_wconf 85' lang='lat'><strong>.......</strong></span> <span class='ocrx_word' id='word_1_113' title='bbox 729 2549 768 2565; x_wconf 93' lang='lat'>-</span> <span class='ocrx_word' id='word_1_114' title='bbox 788 2517 974 2594; x_wconf 87' lang='lat' dir='ltr'><strong>Principibus</strong></span> <span class='ocrx_word' id='word_1_115' title='bbox 986 2517 1179 2578; x_wconf 80' lang='lat' dir='ltr'><strong>Alcmennlae</strong></span> <span class='ocrx_word' id='word_1_116' title='bbox 1191 2517 1293 2578; x_wconf 91' lang='lat' dir='ltr'><strong>scribit</strong></span> <span class='ocrx_word' id='word_1_117' title='bbox 1306 2534 1394 2594; x_wconf 88' lang='lat' dir='ltr'><strong>super</strong></span> <span class='ocrx_word' id='word_1_118' title='bbox 1407 2517 1547 2578; x_wconf 88' lang='lat' dir='ltr'><strong>conilletu</strong></span> <span class='ocrx_word' id='word_1_119' title='bbox 1557 2516 1762 2580; x_wconf 81' lang='lat' dir='ltr'><strong>Mediolanen-</strong></span> 
     </span>
     <span class='ocr_line' id='line_1_19' title="bbox 768 2613 1761 2692; baseline -0.002 -16"><span class='ocrx_word' id='word_1_120' title='bbox 768 2618 860 2687; x_wconf 90' lang='lat' dir='ltr'><strong>sium,</strong></span> <span class='ocrx_word' id='word_1_121' title='bbox 876 2615 1012 2690; x_wconf 87' lang='lat' dir='ltr'><strong>captione</strong></span> <span class='ocrx_word' id='word_1_122' title='bbox 1024 2616 1162 2675; x_wconf 90' lang='lat' dir='ltr'><strong>oarroeeil</strong></span> <span class='ocrx_word' id='word_1_123' title='bbox 1176 2631 1280 2675; x_wconf 89' lang='lat' dir='ltr'><strong>eorum</strong></span> <span class='ocrx_word' id='word_1_124' title='bbox 1298 2617 1381 2674; x_wconf 89' lang='lat' dir='ltr'><strong>missi</strong></span> <span class='ocrx_word' id='word_1_125' title='bbox 1394 2613 1433 2674; x_wconf 87' lang='lat' dir='ltr'><strong>ud</strong></span> <span class='ocrx_word' id='word_1_126' title='bbox 1446 2614 1573 2687; x_wconf 85' lang='lat' dir='ltr'><strong>Urbem,</strong></span> <span class='ocrx_word' id='word_1_127' title='bbox 1589 2621 1620 2674; x_wconf 85' lang='lat' dir='ltr'><strong>et</strong></span> <span class='ocrx_word' id='word_1_128' title='bbox 1631 2617 1761 2692; x_wconf 91' lang='lat' dir='ltr'><strong>impera-</strong></span> 
     </span>
    </p>

    <p class='ocr_par' dir='ltr' id='par_1_14' title="bbox 341 2709 1761 3082">
     <span class='ocr_line' id='line_1_20' title="bbox 437 2709 1760 2792; baseline -0.001 -21"><span class='ocrx_word' id='word_1_129' title='bbox 437 2773 442 2792; x_wconf 45' lang='lat'>„</span> <span class='ocrx_word' id='word_1_130' title='bbox 768 2717 863 2771; x_wconf 90' lang='lat' dir='ltr'><strong>torem</strong></span> <span class='ocrx_word' id='word_1_131' title='bbox 882 2710 1039 2770; x_wconf 77' lang='lat' dir='ltr'><strong>rebellibus</strong></span> <span class='ocrx_word' id='word_1_132' title='bbox 1056 2711 1285 2771; x_wconf 85' lang='lat' dir='ltr'><strong>misericordiam</strong></span> <span class='ocrx_word' id='word_1_133' title='bbox 1308 2709 1533 2787; x_wconf 76' lang='lat' dir='ltr'><strong>implorantibus</strong></span> <span class='ocrx_word' id='word_1_134' title='bbox 1552 2709 1666 2770; x_wconf 90' lang='lat' dir='ltr'><strong>nullam</strong></span> <span class='ocrx_word' id='word_1_135' title='bbox 1688 2727 1760 2771; x_wconf 91' lang='lat' dir='ltr'><strong>oon-</strong></span> 
     </span>
     <span class='ocr_line' id='line_1_21' title="bbox 355 2786 1759 2896; baseline 0.003 -34"><span class='ocrx_word' id='word_1_136' title='bbox 355 2786 467 2863; x_wconf 77' lang='lat'>1240</span> <span class='ocrx_word' id='word_1_137' title='bbox 767 2823 918 2868; x_wconf 64' lang='lat' dir='ltr'><strong>maurum</strong></span> <span class='ocrx_word' id='word_1_138' title='bbox 931 2808 1287 2896; x_wconf 48' lang='lat' dir='ltr'><strong>esserreniamnuntiat.x</strong></span> <span class='ocrx_word' id='word_1_139' title='bbox 1703 2815 1759 2866; x_wconf 85' lang='lat' dir='ltr'><strong>itt</strong></span> 
     </span>
     <span class='ocr_line' id='line_1_22' title="bbox 341 2891 1761 2984; baseline 0.004 -21"><span class='ocrx_word' id='word_1_140' title='bbox 341 2891 481 2974; x_wconf 56' lang='lat' dir='ltr'><em>W</em></span> <span class='ocrx_word' id='word_1_141' title='bbox 540 2901 667 2980; x_wconf 79' lang='lat' dir='ltr'><strong>Fullgni.</strong></span> <span class='ocrx_word' id='word_1_142' title='bbox 727 2940 766 2952; x_wconf 91' lang='lat'><em>-</em></span> <span class='ocrx_word' id='word_1_143' title='bbox 788 2907 1018 2984; x_wconf 88' lang='lat' dir='ltr'><strong>lupariamento</strong></span> <span class='ocrx_word' id='word_1_144' title='bbox 1032 2907 1211 2984; x_wconf 78' lang='lat' dir='ltr'><strong>generalior</strong></span> <span class='ocrx_word' id='word_1_145' title='bbox 1225 2907 1505 2983; x_wconf 88' lang='lat' dir='ltr'><strong>parteimperatoris</strong></span> <span class='ocrx_word' id='word_1_146' title='bbox 1522 2905 1640 2966; x_wconf 82' lang='lat' dir='ltr'><strong>firmam</strong></span> <span class='ocrx_word' id='word_1_147' title='bbox 1657 2923 1761 2984; x_wconf 88' lang='lat' dir='ltr'><strong>paoem</strong></span> 
     </span>
     <span class='ocr_line' id='line_1_23' title="bbox 766 3003 1761 3082; baseline -0.002 -18"><span class='ocrx_word' id='word_1_148' title='bbox 766 3008 844 3064; x_wconf 87' lang='lat' dir='ltr'><strong>inter</strong></span> <span class='ocrx_word' id='word_1_149' title='bbox 856 3019 959 3064; x_wconf 89' lang='lat' dir='ltr'><strong>omues</strong></span> <span class='ocrx_word' id='word_1_150' title='bbox 971 3003 1103 3063; x_wconf 89' lang='lat' dir='ltr'><strong>Ducatus</strong></span> <span class='ocrx_word' id='word_1_151' title='bbox 1118 3009 1148 3063; x_wconf 88' lang='lat' dir='ltr'><strong>et</strong></span> <span class='ocrx_word' id='word_1_152' title='bbox 1166 3003 1315 3064; x_wconf 83' lang='lat' dir='ltr'><strong>biarchiee</strong></span> <span class='ocrx_word' id='word_1_153' title='bbox 1334 3003 1435 3064; x_wconf 85' lang='lat' dir='ltr'><strong>lideles</strong></span> <span class='ocrx_word' id='word_1_154' title='bbox 1449 3003 1625 3063; x_wconf 76' lang='lat' dir='ltr'><strong>aerumnam</strong></span> <span class='ocrx_word' id='word_1_155' title='bbox 1641 3005 1761 3082; x_wconf 90' lang='lat' dir='ltr'><strong>praeci-</strong></span> 
     </span>
    </p>
   </div>
   <div class='ocr_carea' id='block_1_4' title="bbox 354 3068 1759 3177">
    <p class='ocr_par' dir='ltr' id='par_1_15' title="bbox 354 3068 1759 3177">
     <span class='ocr_line' id='line_1_24' title="bbox 354 3068 1759 3177; baseline 0.012 -33"><span class='ocrx_word' id='word_1_156' title='bbox 354 3068 460 3146; x_wconf 75' lang='lat' dir='ltr'><strong>tait</strong></span> <span class='ocrx_word' id='word_1_157' title='bbox 767 3102 822 3177; x_wconf 86' lang='lat' dir='ltr'><strong>pit.</strong></span> <span class='ocrx_word' id='word_1_158' title='bbox 970 3141 975 3148; x_wconf 82' lang='grc'>.</span> <span class='ocrx_word' id='word_1_159' title='bbox 1701 3108 1759 3162; x_wconf 78' lang='lat' dir='ltr'><strong>aaa</strong></span> 
     </span>
    </p>
   </div>
   <div class='ocr_carea' id='block_1_5' title="bbox 342 3173 1759 3437">
    <p class='ocr_par' dir='ltr' id='par_1_16' title="bbox 342 3173 1759 3437">
     <span class='ocr_line' id='line_1_25' title="bbox 342 3173 1759 3274; baseline 0.001 -18"><span class='ocrx_word' id='word_1_160' title='bbox 342 3173 479 3273; x_wconf 73' lang='grc' dir='ltr'><strong>’Ῑι”ιῙίο-.Ι</strong></span> <span class='ocrx_word' id='word_1_161' title='bbox 504 3227 711 3249; x_wconf 89' lang='lat'><strong>·······</strong></span> <span class='ocrx_word' id='word_1_162' title='bbox 726 3229 767 3240; x_wconf 93' lang='lat'>-</span> <span class='ocrx_word' id='word_1_163' title='bbox 787 3195 910 3256; x_wconf 84' lang='lat' dir='ltr'><strong>Gnidum</strong></span> <span class='ocrx_word' id='word_1_164' title='bbox 923 3195 1759 3274; x_wconf 82' lang='lat' dir='ltr'><strong>amicosuosignifloatdestaturerumetdepaeecum</strong></span> 
     </span>
     <span class='ocr_line' id='line_1_26' title="bbox 356 3293 1756 3437; baseline 0.002 -87"><span class='ocrx_word' id='word_1_165' title='bbox 356 3359 466 3437; x_wconf 64' lang='lat'>¹238</span> <span class='ocrx_word' id='word_1_166' title='bbox 766 3293 1153 3369; x_wconf 82' lang='lat' dir='ltr'><strong>papantspcratinountla.</strong></span> <span class='ocrx_word' id='word_1_167' title='bbox 1681 3301 1756 3354; x_wconf 77' lang='lat' dir='ltr'><strong>list</strong></span> 
     </span>
    </p>
   </div>
   <div class='ocr_carea' id='block_1_6' title="bbox 338 3466 1852 4905">
    <p class='ocr_par' dir='ltr' id='par_1_17' title="bbox 344 3466 1759 3848">
     <span class='ocr_line' id='line_1_27' title="bbox 344 3466 1757 3562; baseline 0.001 -20"><span class='ocrx_word' id='word_1_168' title='bbox 344 3466 475 3562; x_wconf 61' lang='lat' dir='ltr'><strong>&#39;stiffi</strong></span> <span class='ocrx_word' id='word_1_169' title='bbox 495 3519 710 3540; x_wconf 80' lang='grc'><strong>.......</strong></span> <span class='ocrx_word' id='word_1_170' title='bbox 725 3479 848 3542; x_wconf 70' lang='lat' dir='ltr'><strong>tacebo</strong></span> <span class='ocrx_word' id='word_1_171' title='bbox 861 3479 1462 3559; x_wconf 78' lang='lat' dir='ltr'><strong>Gtraudiciuisliomauusinpraeaontle</strong></span> <span class='ocrx_word' id='word_1_172' title='bbox 1473 3483 1553 3545; x_wconf 86' lang='lat' dir='ltr'><strong>Petri</strong></span> <span class='ocrx_word' id='word_1_173' title='bbox 1567 3483 1757 3560; x_wconf 77' lang='lat' dir='ltr'><strong>Fraiapauis,</strong></span> 
     </span>
     <span class='ocr_line' id='line_1_28' title="bbox 766 3576 1759 3650; baseline -0.001 -10"><span class='ocrx_word' id='word_1_174' title='bbox 766 3578 909 3640; x_wconf 86' lang='lat' dir='ltr'><strong>Guaiterii</strong></span> <span class='ocrx_word' id='word_1_175' title='bbox 922 3578 960 3638; x_wconf 90' lang='lat' dir='ltr'><strong>de</strong></span> <span class='ocrx_word' id='word_1_176' title='bbox 974 3577 1070 3638; x_wconf 83' lang='lat' dir='ltr'><strong>Cicaia</strong></span> <span class='ocrx_word' id='word_1_177' title='bbox 1080 3585 1111 3638; x_wconf 91' lang='lat' dir='ltr'><strong>et</strong></span> <span class='ocrx_word' id='word_1_178' title='bbox 1122 3579 1258 3650; x_wconf 86' lang='lat' dir='ltr'><strong>allorum,</strong></span> <span class='ocrx_word' id='word_1_179' title='bbox 1269 3576 1421 3639; x_wconf 84' lang='lat' dir='ltr'><strong>fidelitatis</strong></span> <span class='ocrx_word' id='word_1_180' title='bbox 1433 3583 1650 3638; x_wconf 91' lang='lat' dir='ltr'><strong>sacramentum</strong></span> <span class='ocrx_word' id='word_1_181' title='bbox 1660 3578 1759 3640; x_wconf 79' lang='lat' dir='ltr'><strong>Fride·</strong></span> 
     </span>
     <span class='ocr_line' id='line_1_29' title="bbox 766 3675 1759 3752; baseline 0.003 -19"><span class='ocrx_word' id='word_1_182' title='bbox 766 3677 827 3734; x_wconf 90' lang='lat' dir='ltr'><strong>rioo</strong></span> <span class='ocrx_word' id='word_1_183' title='bbox 848 3675 1018 3751; x_wconf 86' lang='lat' dir='ltr'><strong>imperatori</strong></span> <span class='ocrx_word' id='word_1_184' title='bbox 1035 3680 1180 3750; x_wconf 86' lang='lat' dir='ltr'><strong>praestat,</strong></span> <span class='ocrx_word' id='word_1_185' title='bbox 1202 3677 1365 3736; x_wconf 87' lang='lat' dir='ltr'><strong>amicorum</strong></span> <span class='ocrx_word' id='word_1_186' title='bbox 1386 3677 1570 3751; x_wconf 88' lang='lat' dir='ltr'><strong>imperatoris</strong></span> <span class='ocrx_word' id='word_1_187' title='bbox 1592 3675 1759 3752; x_wconf 70' lang='lat' dir='ltr'><strong>adituram</strong></span> 
     </span>
     <span class='ocr_line' id='line_1_30' title="bbox 766 3767 1759 3848; baseline 0 -18"><span class='ocrx_word' id='word_1_188' title='bbox 766 3775 797 3830; x_wconf 89' lang='lat' dir='ltr'><strong>et</strong></span> <span class='ocrx_word' id='word_1_189' title='bbox 810 3770 1046 3830; x_wconf 74' lang='lat' dir='ltr'><strong>adremariorum</strong></span> <span class='ocrx_word' id='word_1_190' title='bbox 1059 3773 1124 3848; x_wconf 75' lang='lat' dir='ltr'><strong>ejus</strong></span> <span class='ocrx_word' id='word_1_191' title='bbox 1136 3771 1288 3830; x_wconf 88' lang='lat' dir='ltr'><strong>inimicum</strong></span> <span class='ocrx_word' id='word_1_192' title='bbox 1302 3785 1334 3829; x_wconf 88' lang='lat' dir='ltr'><strong>se</strong></span> <span class='ocrx_word' id='word_1_193' title='bbox 1348 3767 1411 3830; x_wconf 91' lang='lat' dir='ltr'><strong>iore</strong></span> <span class='ocrx_word' id='word_1_194' title='bbox 1426 3773 1610 3846; x_wconf 82' lang='lat' dir='ltr'><strong>promittens.</strong></span> <span class='ocrx_word' id='word_1_195' title='bbox 1700 3777 1759 3830; x_wconf 78' lang='grc'><strong>202</strong></span> 
     </span>
    </p>

    <p class='ocr_par' dir='ltr' id='par_1_18' title="bbox 338 3861 1759 3945">
     <span class='ocr_line' id='line_1_31' title="bbox 338 3861 1759 3945; baseline -0.001 -17"><span class='ocrx_word' id='word_1_196' title='bbox 338 3875 377 3929; x_wconf 76' lang='lat' dir='ltr'><strong>ati</strong></span> <span class='ocrx_word' id='word_1_197' title='bbox 398 3869 476 3945; x_wconf 82' lang='lat' dir='ltr'><strong>Juiii.</strong></span> <span class='ocrx_word' id='word_1_198' title='bbox 532 3862 567 3922; x_wconf 92' lang='lat' dir='ltr'><strong>In</strong></span> <span class='ocrx_word' id='word_1_199' title='bbox 587 3869 673 3940; x_wconf 91' lang='lat' dir='ltr'><strong>prato</strong></span> <span class='ocrx_word' id='word_1_200' title='bbox 726 3863 878 3926; x_wconf 72' lang='lat' dir='ltr'><strong>Boedinus</strong></span> <span class='ocrx_word' id='word_1_201' title='bbox 891 3863 925 3924; x_wconf 84' lang='lat' dir='ltr'><strong>de</strong></span> <span class='ocrx_word' id='word_1_202' title='bbox 938 3865 1067 3925; x_wconf 80' lang='lat' dir='ltr'><strong>Romano</strong></span> <span class='ocrx_word' id='word_1_203' title='bbox 1081 3871 1109 3926; x_wconf 80' lang='lat' dir='ltr'><strong>et</strong></span> <span class='ocrx_word' id='word_1_204' title='bbox 1122 3867 1305 3925; x_wconf 79' lang='lat' dir='ltr'><strong>lioaacoracc</strong></span> <span class='ocrx_word' id='word_1_205' title='bbox 1316 3862 1350 3924; x_wconf 78' lang='lat' dir='ltr'><strong>de</strong></span> <span class='ocrx_word' id='word_1_206' title='bbox 1360 3861 1472 3924; x_wconf 66' lang='lat' dir='ltr'><strong>Paluda</strong></span> <span class='ocrx_word' id='word_1_207' title='bbox 1485 3867 1518 3925; x_wconf 95' lang='lat' dir='ltr'><strong>in</strong></span> <span class='ocrx_word' id='word_1_208' title='bbox 1531 3863 1670 3926; x_wconf 89' lang='lat' dir='ltr'><strong>maulbus</strong></span> <span class='ocrx_word' id='word_1_209' title='bbox 1683 3867 1759 3928; x_wconf 85' lang='lat' dir='ltr'><strong>Con·</strong></span> 
     </span>
    </p>

    <p class='ocr_par' dir='ltr' id='par_1_19' title="bbox 511 3957 1758 4041">
     <span class='ocr_line' id='line_1_32' title="bbox 511 3957 1758 4041; baseline 0.002 -22"><span class='ocrx_word' id='word_1_210' title='bbox 511 3957 548 4020; x_wconf 75' lang='lat' dir='ltr'><strong>so</strong></span> <span class='ocrx_word' id='word_1_211' title='bbox 567 3960 693 4020; x_wconf 86' lang='lat' dir='ltr'><strong>Zenonis</strong></span> <span class='ocrx_word' id='word_1_212' title='bbox 765 3963 830 4022; x_wconf 86' lang='lat' dir='ltr'><strong>radi</strong></span> <span class='ocrx_word' id='word_1_213' title='bbox 843 3963 1044 4023; x_wconf 81' lang='lat' dir='ltr'><strong>Romanorum</strong></span> <span class='ocrx_word' id='word_1_214' title='bbox 1057 3964 1135 4041; x_wconf 78' lang='lat' dir='ltr'><strong>regis</strong></span> <span class='ocrx_word' id='word_1_215' title='bbox 1147 3963 1287 4023; x_wconf 84' lang='lat' dir='ltr'><strong>devotum</strong></span> <span class='ocrx_word' id='word_1_216' title='bbox 1298 3961 1446 4022; x_wconf 84' lang='lat' dir='ltr'><strong>mandetis</strong></span> <span class='ocrx_word' id='word_1_217' title='bbox 1458 3959 1658 4038; x_wconf 81' lang='lat' dir='ltr'><strong>imperialibus</strong></span> <span class='ocrx_word' id='word_1_218' title='bbox 1671 3961 1758 4022; x_wconf 89' lang='lat' dir='ltr'><strong>obse·</strong></span> 
     </span>
    </p>

    <p class='ocr_par' dir='ltr' id='par_1_20' title="bbox 512 4055 1758 4133">
     <span class='ocr_line' id='line_1_33' title="bbox 512 4055 1758 4133; baseline 0.002 -18"><span class='ocrx_word' id='word_1_219' title='bbox 512 4055 550 4115; x_wconf 83' lang='lat' dir='ltr'><strong>tie</strong></span> <span class='ocrx_word' id='word_1_220' title='bbox 563 4055 691 4116; x_wconf 90' lang='lat' dir='ltr'><strong>Verona.</strong></span> <span class='ocrx_word' id='word_1_221' title='bbox 765 4059 870 4133; x_wconf 94' lang='lat' dir='ltr'><strong>quium</strong></span> <span class='ocrx_word' id='word_1_222' title='bbox 884 4059 998 4133; x_wconf 78' lang='lat' dir='ltr'><strong>jurant.</strong></span> <span class='ocrx_word' id='word_1_223' title='bbox 1699 4063 1758 4117; x_wconf 79' lang='lat' dir='ltr'><strong>aia</strong></span> 
     </span>
    </p>

    <p class='ocr_par' dir='ltr' id='par_1_21' title="bbox 350 4149 1761 4326">
     <span class='ocr_line' id='line_1_34' title="bbox 350 4149 1761 4232; baseline -0.001 -19"><span class='ocrx_word' id='word_1_224' title='bbox 350 4161 390 4214; x_wconf 79' lang='lat'><strong>²8</strong></span> <span class='ocrx_word' id='word_1_225' title='bbox 402 4160 462 4216; x_wconf 89' lang='lat' dir='ltr'><strong>oct.</strong></span> <span class='ocrx_word' id='word_1_226' title='bbox 516 4151 688 4213; x_wconf 82' lang='lat' dir='ltr'><strong>Cremonae.</strong></span> <span class='ocrx_word' id='word_1_227' title='bbox 726 4151 947 4232; x_wconf 77' lang='lat' dir='ltr'><strong>Herba&#39;polaaar&#39;o,</strong></span> <span class='ocrx_word' id='word_1_228' title='bbox 970 4151 1197 4229; x_wconf 78' lang='lat' dir='ltr'><strong>Wormoca&#39;enec&#39;r,</strong></span> <span class='ocrx_word' id='word_1_229' title='bbox 1217 4149 1400 4212; x_wconf 70' lang='lat' dir='ltr'><strong>vercellense</strong></span> <span class='ocrx_word' id='word_1_230' title='bbox 1415 4158 1443 4212; x_wconf 83' lang='lat' dir='ltr'><strong>et</strong></span> <span class='ocrx_word' id='word_1_231' title='bbox 1455 4152 1625 4211; x_wconf 76' lang='lat' dir='ltr'><strong>Parmensis</strong></span> <span class='ocrx_word' id='word_1_232' title='bbox 1637 4151 1761 4231; x_wconf 75' lang='lat' dir='ltr'><strong>episcopt</strong></span> 
     </span>
     <span class='ocr_line' id='line_1_35' title="bbox 765 4247 1759 4326; baseline -0.003 -17"><span class='ocrx_word' id='word_1_233' title='bbox 765 4266 786 4309; x_wconf 86' lang='lat' dir='ltr'><strong>a</strong></span> <span class='ocrx_word' id='word_1_234' title='bbox 801 4265 878 4326; x_wconf 88' lang='lat' dir='ltr'><strong>papa</strong></span> <span class='ocrx_word' id='word_1_235' title='bbox 895 4249 1022 4325; x_wconf 80' lang='lat' dir='ltr'><strong>delegati</strong></span> <span class='ocrx_word' id='word_1_236' title='bbox 1036 4249 1074 4309; x_wconf 85' lang='lat' dir='ltr'><strong>ad</strong></span> <span class='ocrx_word' id='word_1_237' title='bbox 1092 4248 1313 4308; x_wconf 82' lang='lat' dir='ltr'><strong>admonentium</strong></span> <span class='ocrx_word' id='word_1_238' title='bbox 1331 4249 1537 4324; x_wconf 86' lang='lat' dir='ltr'><strong>imperatorem</strong></span> <span class='ocrx_word' id='word_1_239' title='bbox 1556 4247 1594 4307; x_wconf 87' lang='lat' dir='ltr'><strong>de</strong></span> <span class='ocrx_word' id='word_1_240' title='bbox 1606 4249 1759 4324; x_wconf 74' lang='lat' dir='ltr'><strong>gravem-</strong></span> 
     </span>
    </p>

    <p class='ocr_par' dir='ltr' id='par_1_22' title="bbox 765 4342 1759 4420">
     <span class='ocr_line' id='line_1_36' title="bbox 765 4342 1759 4420; baseline -0.001 -15"><span class='ocrx_word' id='word_1_241' title='bbox 765 4344 854 4405; x_wconf 89' lang='lat' dir='ltr'><strong>nlbus</strong></span> <span class='ocrx_word' id='word_1_242' title='bbox 871 4345 1018 4404; x_wconf 82' lang='lat' dir='ltr'><strong>Ecclesiae</strong></span> <span class='ocrx_word' id='word_1_243' title='bbox 1035 4346 1067 4403; x_wconf 94' lang='lat' dir='ltr'><strong>in</strong></span> <span class='ocrx_word' id='word_1_244' title='bbox 1085 4345 1187 4405; x_wconf 88' lang='lat' dir='ltr'><strong>ltaliae</strong></span> <span class='ocrx_word' id='word_1_245' title='bbox 1203 4343 1337 4420; x_wconf 86' lang='lat' dir='ltr'><strong>partibus</strong></span> <span class='ocrx_word' id='word_1_246' title='bbox 1354 4343 1461 4416; x_wconf 92' lang='lat' dir='ltr'><strong>illatis,</strong></span> <span class='ocrx_word' id='word_1_247' title='bbox 1481 4342 1646 4403; x_wconf 84' lang='lat' dir='ltr'><strong>rescribunt</strong></span> <span class='ocrx_word' id='word_1_248' title='bbox 1666 4359 1759 4420; x_wconf 86' lang='lat' dir='ltr'><strong>papae</strong></span> 
     </span>
    </p>

    <p class='ocr_par' dir='ltr' id='par_1_23' title="bbox 766 4435 1852 4518">
     <span class='ocr_line' id='line_1_37' title="bbox 766 4435 1852 4518; baseline 0.001 -17"><span class='ocrx_word' id='word_1_249' title='bbox 766 4440 892 4518; x_wconf 84' lang='lat' dir='ltr'><strong>qualiter</strong></span> <span class='ocrx_word' id='word_1_250' title='bbox 910 4441 991 4500; x_wconf 79' lang='lat' dir='ltr'><strong>itiam</strong></span> <span class='ocrx_word' id='word_1_251' title='bbox 1008 4442 1168 4518; x_wconf 88' lang='lat' dir='ltr'><strong>imperator</strong></span> <span class='ocrx_word' id='word_1_252' title='bbox 1180 4443 1253 4518; x_wconf 85' lang='lat' dir='ltr'><strong>ipsis</strong></span> <span class='ocrx_word' id='word_1_253' title='bbox 1270 4441 1482 4517; x_wconf 84' lang='lat' dir='ltr'><strong>inpraesentia</strong></span> <span class='ocrx_word' id='word_1_254' title='bbox 1493 4439 1657 4500; x_wconf 92' lang='lat' dir='ltr'><strong>multorum</strong></span> <span class='ocrx_word' id='word_1_255' title='bbox 1670 4455 1760 4517; x_wconf 86' lang='lat' dir='ltr'><strong>super</strong></span> <span class='ocrx_word' id='word_1_256' title='bbox 1848 4435 1852 4450; x_wconf 91' lang='grc'><strong>’</strong></span> 
     </span>
    </p>

    <p class='ocr_par' dir='ltr' id='par_1_24' title="bbox 766 4537 1758 4616">
     <span class='ocr_line' id='line_1_38' title="bbox 766 4537 1758 4616; baseline 0 -19"><span class='ocrx_word' id='word_1_257' title='bbox 766 4538 903 4614; x_wconf 91' lang='lat' dir='ltr'><strong>capitulis</strong></span> <span class='ocrx_word' id='word_1_258' title='bbox 915 4537 1052 4599; x_wconf 90' lang='lat' dir='ltr'><strong>omuibus</strong></span> <span class='ocrx_word' id='word_1_259' title='bbox 1065 4553 1142 4616; x_wconf 87' lang='lat' dir='ltr'><strong>quae</strong></span> <span class='ocrx_word' id='word_1_260' title='bbox 1150 4537 1260 4598; x_wconf 88' lang='lat' dir='ltr'><strong>ibidem</strong></span> <span class='ocrx_word' id='word_1_261' title='bbox 1269 4539 1476 4614; x_wconf 84' lang='lat' dir='ltr'><strong>exprimuntur</strong></span> <span class='ocrx_word' id='word_1_262' title='bbox 1484 4538 1677 4613; x_wconf 86' lang='lat' dir='ltr'><strong>responderit.</strong></span> <span class='ocrx_word' id='word_1_263' title='bbox 1700 4543 1758 4597; x_wconf 81' lang='grc'><strong>249</strong></span> 
     </span>
    </p>

    <p class='ocr_par' dir='ltr' id='par_1_25' title="bbox 347 4623 1761 4905">
     <span class='ocr_line' id='line_1_39' title="bbox 364 4623 1761 4711; baseline 0.002 -21"><span class='ocrx_word' id='word_1_264' title='bbox 364 4631 448 4707; x_wconf 83' lang='lat' dir='ltr'><strong>[nov.</strong></span> <span class='ocrx_word' id='word_1_265' title='bbox 533 4623 674 4711; x_wconf 82' lang='lat' dir='ltr'><strong>Petinae]</strong></span> <span class='ocrx_word' id='word_1_266' title='bbox 726 4631 879 4696; x_wconf 78' lang='lat' dir='ltr'><strong>licceia&#39;nar</strong></span> <span class='ocrx_word' id='word_1_267' title='bbox 890 4631 925 4694; x_wconf 81' lang='lat' dir='ltr'><strong>de</strong></span> <span class='ocrx_word' id='word_1_268' title='bbox 937 4633 1067 4695; x_wconf 79' lang='lat' dir='ltr'><strong>Romano</strong></span> <span class='ocrx_word' id='word_1_269' title='bbox 1081 4635 1230 4696; x_wconf 85' lang='lat' dir='ltr'><strong>Friderieo</strong></span> <span class='ocrx_word' id='word_1_270' title='bbox 1248 4635 1450 4696; x_wconf 87' lang='lat' dir='ltr'><strong>ltourauorum</strong></span> <span class='ocrx_word' id='word_1_271' title='bbox 1468 4634 1638 4711; x_wconf 86' lang='lat' dir='ltr'><strong>imperatori</strong></span> <span class='ocrx_word' id='word_1_272' title='bbox 1658 4633 1761 4694; x_wconf 81' lang='lat' dir='ltr'><strong>scribit</strong></span> 
     </span>
     <span class='ocr_line' id='line_1_40' title="bbox 347 4729 1761 4808; baseline 0.001 -20"><span class='ocrx_word' id='word_1_273' title='bbox 347 4732 466 4788; x_wconf 84' lang='lat' dir='ltr'><strong>exeunt</strong></span> <span class='ocrx_word' id='word_1_274' title='bbox 766 4731 948 4807; x_wconf 89' lang='lat' dir='ltr'><strong>proditorum</strong></span> <span class='ocrx_word' id='word_1_275' title='bbox 967 4731 1135 4808; x_wconf 87' lang='lat' dir='ltr'><strong>superbiam</strong></span> <span class='ocrx_word' id='word_1_276' title='bbox 1154 4733 1186 4790; x_wconf 93' lang='lat' dir='ltr'><strong>ln</strong></span> <span class='ocrx_word' id='word_1_277' title='bbox 1204 4733 1290 4792; x_wconf 88' lang='lat' dir='ltr'><strong>terris</strong></span> <span class='ocrx_word' id='word_1_278' title='bbox 1309 4729 1486 4791; x_wconf 89' lang='lat' dir='ltr'><strong>marchionis</strong></span> <span class='ocrx_word' id='word_1_279' title='bbox 1505 4729 1637 4790; x_wconf 75' lang='lat' dir='ltr'><strong>Eatenus</strong></span> <span class='ocrx_word' id='word_1_280' title='bbox 1655 4733 1761 4790; x_wconf 74' lang='lat' dir='ltr'><strong>eonua</strong></span> 
     </span>
     <span class='ocr_line' id='line_1_41' title="bbox 765 4827 1761 4905; baseline 0 -17"><span class='ocrx_word' id='word_1_281' title='bbox 765 4829 920 4890; x_wconf 71' lang='lat' dir='ltr'><strong>mmulum</strong></span> <span class='ocrx_word' id='word_1_282' title='bbox 939 4828 1106 4902; x_wconf 80' lang='lat' dir='ltr'><strong>calcitrare,</strong></span> <span class='ocrx_word' id='word_1_283' title='bbox 1121 4827 1315 4905; x_wconf 80' lang='lat' dir='ltr'><strong>hortaturque</strong></span> <span class='ocrx_word' id='word_1_284' title='bbox 1331 4833 1366 4888; x_wconf 93' lang='lat' dir='ltr'><strong>ut</strong></span> <span class='ocrx_word' id='word_1_285' title='bbox 1387 4841 1479 4904; x_wconf 88' lang='lat' dir='ltr'><strong>quam</strong></span> <span class='ocrx_word' id='word_1_286' title='bbox 1498 4827 1587 4887; x_wconf 83' lang='lat' dir='ltr'><strong>ellim</strong></span> <span class='ocrx_word' id='word_1_287' title='bbox 1608 4827 1641 4886; x_wconf 92' lang='lat' dir='ltr'><strong>in</strong></span> <span class='ocrx_word' id='word_1_288' title='bbox 1660 4831 1761 4902; x_wconf 83' lang='lat' dir='ltr'><strong>partes</strong></span> 
     </span>
    </p>
   </div>
   <div class='ocr_carea' id='block_1_7' title="bbox 0 0 2328 6053">
    <p class='ocr_par' dir='ltr' id='par_1_26' title="bbox 0 0 2328 6053">
     <span class='ocr_line' id='line_1_42' title="bbox 0 0 2328 6053; baseline 0 0"><span class='ocrx_word' id='word_1_289' title='bbox 0 0 2328 6053; x_wconf 95' lang='lat' dir='ltr'><strong> </strong></span> 
     </span>
    </p>
   </div>
  </div>
 </body>
</html>
