4524 6012
287 687 383 748 rmur.
404 680 467 759 ra]
732 675 929 740 ursaonae
953 673 1250 738 nvrnouarrca
1638 677 1697 738 rra

285 815 528 902 ecclesiarum
550 811 784 919 vacantium,
803 815 853 897 de
867 812 1076 924 judicibus,
1098 809 1257 894 uotonis
1274 818 1311 892 et
1329 809 1519 892 advocatis
1536 809 1698 893 civitatis

287 947 514 1052 lbeatinae,
533 945 582 1028 de
605 943 828 1028 bominibus
854 945 1042 1030 Piscariae
1058 969 1129 1054 pro
1148 943 1227 1025 sale
1253 941 1407 1026 vendito
1429 942 1556 1024 curiae
1585 943 1700 1052 quie-

286 1078 426 1186 tandis‚
446 1080 495 1163 de
511 1075 737 1162 officialibus
760 1079 984 1186 statuendis,
1005 1079 1054 1161 de
1070 1075 1228 1160 decimis
1246 1074 1513 1181 ecclesiarum,
1533 1075 1699 1158 deleam

287 1213 394 1322 salis,
414 1219 487 1295 etc.

350 1405 494 1488 altam.
509 1403 612 1486 tamer.
627 1399 748 1466 rrae.
762 1402 802 1478 11,
816 1401 869 1464 lot.
887 1411 925 1464 aa
940 1417 1041 1480 rerro3
1055 1402 1087 1462 ln
1099 1400 1171 1462 edlt.
1186 1399 1325 1475 (turcam,
1339 1415 1371 1476 p.
1388 1399 1472 1476 att.)

332 1571 379 1641 Dr
394 1569 506 1641 eodem
524 1567 681 1640 mandato
696 1567 828 1661 scripsit
845 1565 934 1638 idem
958 1563 1014 1664 [P.
1040 1564 1080 1636 de
1101 1563 1232 1660 Capua]
1251 1564 1378 1635 lictores
1395 1565 1625 1658 resporuatet:

332 1693 551 1784 trademus,
570 1699 655 1781 eta,
678 1690 805 1764 Criscio
823 1689 1048 1781 Amalfitana,
1069 1699 1137 1763 etc.
1155 1687 1346 1762 Fidelitatie
1363 1696 1422 1760 tue
1438 1687 1590 1776 lieterae,
1612 1697 1695 1780 ete,

171 1891 176 1907 ,
285 1817 510 1912 capitulorum
534 1837 628 1888 nunc
651 1814 852 1902 missorum,
873 1825 939 1888 etc.
968 1816 1080 1910 Super
1099 1835 1142 1886 eo
1160 1821 1275 1886 autem
1297 1811 1392 1906 qnod
1419 1821 1535 1885 nostro
1557 1814 1699 1885 culmini

284 1941 453 2014 nunciasti
470 1940 566 2035 quod
583 1941 623 2012 Β.
642 1939 806 2012 Piseonus
822 1939 1028 2033 justitiarius
1046 1947 1081 2012 et
1098 1937 1210 2011 fidelis
1230 1945 1347 2009 noster
1365 1938 1391 2007 L
1414 1939 1534 2010 uncias
1558 1939 1633 2009 auri
1662 1939 1698 2010 in

287 2065 414 2158 quibus
438 2064 581 2138 ecclesia
599 2063 715 2137 Sancti
737 2063 920 2136 Clementis
936 2064 982 2137 de
998 2061 1147 2136 Piscaria
1165 2069 1280 2132 taxata
1303 2060 1366 2131 luit
1386 2081 1447 2154 pro
1470 2061 1700 2134 subventione

287 2188 487 2262 clericorum
499 2197 534 2261 et
547 2188 784 2280 ecclesiam,
796 2209 876 2260 cum
894 2187 1058 2260 instantia
1075 2186 1218 2281 requirit
1233 2183 1363 2257 babere
1380 2183 1425 2256 de
1440 2184 1540 2257 bonis
1554 2185 1699 2258 ecclesie

284 2309 498 2406 supradicte,
523 2311 702 2406 presertim
728 2332 807 2384 cum
835 2311 961 2383 abbate
986 2309 1097 2404 ipsius
1119 2307 1318 2381 monasterii
1343 2307 1563 2402 exigentibus
1587 2309 1700 2404 culpis

284 2434 356 2507 suis
373 2433 419 2508 de
437 2433 600 2508 mandato
614 2445 733 2508 nostre
744 2435 892 2528 expulso
908 2433 953 2507 de
974 2453 1101 2527 ragno,
1125 2432 1369 2505 monasterinm
1384 2433 1498 2527 ipsum
1514 2433 1560 2505 ad
1577 2455 1700 2506 manns

284 2567 419 2630 nostras
432 2559 628 2652 pervenerit
641 2579 720 2630 enm
735 2557 898 2629 omnibns
912 2557 1012 2629 bonis
1027 2558 1116 2647 suis,
1136 2557 1197 2628 tibi
1218 2556 1328 2627 taliter
1342 2555 1591 2650 respondemus
1605 2558 1701 2652 quod

288 2680 413 2756 damus
434 2679 548 2754 eidem
563 2681 746 2773 justitiario
760 2703 822 2776 per
842 2691 976 2754 nostras
992 2681 1130 2753 listerus
1152 2681 1188 2750 in
1205 2679 1377 2752 mandatis
1393 2689 1433 2750 nt
1450 2701 1513 2774 pro
1536 2680 1699 2754 demanio

288 2806 397 2901 ipsius
420 2805 565 2878 ecclesie
588 2826 650 2900 pro
672 2806 815 2877 collecta
839 2806 915 2900 ipsa
938 2805 1044 2877 niobil
1070 2813 1273 2898 extorqueat
1288 2804 1346 2874 vel
1373 2803 1541 2898 requirat3
1563 2805 1592 2876 si
1618 2827 1700 2878 vero

289 2931 453 3005 vassallos
467 2931 573 3004 babet
594 2929 722 3025 quibus
744 2952 808 3026 pm
823 2931 963 3004 collecta
980 2930 1113 3026 aliquid
1130 2930 1257 3024 requiri
1281 2929 1405 3025 possit,
1425 2929 1527 3002 faciat
1548 2931 1630 3004 inde
1653 2931 1700 3006 ad

288 3055 469 3128 utilitatem
485 3053 583 3127 curia
601 3061 717 3126 nostre
729 3053 819 3126 sicut
834 3053 959 3127 melius
973 3053 1101 3126 viderit
1115 3052 1324 3125 laciendum.
1343 3051 1445 3136 Quod
1463 3061 1577 3126 autem
1593 3053 1700 3147 signi·

287 3175 395 3252 ficasti
418 3175 515 3271 quod
537 3185 725 3270 proventus
749 3175 972 3249 ecclesiarum
999 3176 1198 3249 vacantium
1223 3175 1259 3246 in
1279 3173 1519 3266 iurisdictione
1546 3185 1699 3249 tuanen

287 3311 431 3398 possunt
445 3299 593 3374 fideliter
611 3300 658 3374 ad
672 3299 882 3374 credentiam
899 3299 1075 3397 procurari
1093 3309 1128 3372 et
1144 3299 1308 3394 precipue
1325 3299 1440 3371 Sancti
1463 3299 1645 3372 Clementis
1665 3310 1700 3373 et

287 3425 560 3498 obedientiarum
579 3425 671 3517 ejus,
695 3421 702 3521 Ι
723 3423 784 3518 qui
808 3424 838 3495 si
861 3422 907 3497 ad
933 3424 1099 3496 extalium
1120 3422 1355 3495 venderentur
1377 3422 1515 3495 eederet
1539 3422 1585 3496 ad
1608 3425 1700 3495 utili·
1726 3431 1891 3480 serame.

288 3555 390 3620 tatem
410 3557 578 3640 nostram,
595 3547 707 3642 placet
727 3546 827 3619 nobis
849 3545 944 3640 quod
962 3548 1037 3620 eive
1060 3544 1107 3619 ad
1127 3544 1337 3618 credentiam
1361 3545 1436 3618 sive
1459 3544 1506 3618 ad
1531 3547 1699 3620 extalinm

289 3669 395 3744 luciae
412 3669 542 3744 exinde
564 3668 781 3744 commodum
810 3667 884 3742 lisci
908 3670 1038 3756 nostri,
1066 3669 1115 3742 ita
1140 3677 1254 3742 tamen
1280 3667 1376 3764 quod
1398 3689 1453 3741 res
1477 3671 1700 3743 ecclesiaram

288 3801 470 3887 propterea
494 3791 637 3866 minimo
659 3792 871 3888 dissipentur
896 3813 962 3864 nec
988 3791 1236 3866 deteriorentur
1260 3792 1477 3884 aliquatenus
1496 3804 1695 3889 proventus.

287 3913 389 4002 Quod
412 3915 565 3989 valorem
588 3915 734 3989 ecclesie
758 3915 926 3988 Theatine
949 3935 1010 4011 per
1036 3916 1171 4008 singula
1199 3915 1391 4007 nunciasti,
1420 3915 1574 3989 studium
1601 3927 1699 3990 tuum

287 4039 481 4135 specialiter
501 4039 798 4112 commendamus.
820 4037 875 4112 Ad
894 4061 935 4112 ea
951 4059 1036 4112 vem
1057 4061 1127 4133 que
1142 4049 1202 4110 tue
1224 4038 1340 4110 lietera
1361 4039 1580 4112 continebunt
1602 4040 1699 4133 quod

285 4161 438 4256 judiees,
453 4161 576 4234 notarii
593 4171 628 4234 et
642 4160 803 4236 advocati
815 4161 964 4234 civitatis
977 4162 1140 4234 Theatine
1154 4169 1331 4256 propterea
1348 4163 1431 4255 qnia
1449 4185 1510 4257 per
1524 4163 1699 4256 quondam

288 4285 486 4382 episcopum
503 4285 706 4360 Tbeatinnm
725 4285 830 4360 creati
851 4285 1007 4374 luerunt,
1028 4307 1147 4359 eorum
1170 4285 1319 4356 officium
1340 4282 1499 4356 dubitant
1514 4305 1697 4378 exercere,

290 4405 397 4502 quade
411 4409 722 4504 jnra'bajulationis
741 4409 850 4506 ipsius
870 4417 961 4482 terre
977 4407 1234 4502 quodammodo
1256 4409 1479 4496 minuuntur,
1502 4431 1583 4482 ecce
1604 4411 1699 4503 quod

286 4533 470 4624 justitiario
492 4541 608 4606 nostro
632 4533 784 4628 regionis
811 4533 936 4606 damam
959 4531 1085 4604 nostris
1107 4532 1232 4603 licteris
1255 4531 1291 4602 in
1313 4532 1484 4605 mandatis
1506 4541 1545 4604 nt
1571 4534 1700 4607 ibidem

286 4655 423 4746 judices
437 4657 579 4729 annales
593 4665 736 4746 statuat,
756 4657 846 4729 sicut
864 4654 902 4727 lit
919 4657 955 4728 in
978 4656 1055 4726 aliie
1073 4655 1229 4751 partibus
1250 4655 1349 4746 regni
1371 4656 1495 4747 nostri,
1515 4655 1700 4731 advocatos

291 4788 326 4850 et
340 4779 492 4854 notarios
506 4779 637 4853 ibidem
656 4779 805 4876 patiatur
820 4779 909 4851 sient
924 4778 1093 4851 hactenus
1112 4778 1225 4851 officia
1241 4798 1413 4850 exercere.
1431 4779 1472 4849 Et
1490 4780 1572 4874 quia
1589 4781 1701 4852 bomi-
