4358 5996
558 657 637 719 1024
1053 661 1268 722 FRlDElllCl
1292 658 1466 721 statuunt
1774 655 1856 734 [Anu.
1875 657 1960 718 teto.

605 795 717 888 Papae
729 795 842 890 aperit
858 817 938 867 cum
956 817 1082 890 magno
1102 797 1220 870 dolore
1239 805 1274 868 et
1288 793 1527 890 querimonia,
1543 813 1623 864 curn
1640 804 1779 864 caterva
1793 791 1963 865 nobilium

556 917 645 991 inter
668 939 756 1012 quos
779 919 953 1014 principes
971 921 1085 1011 multi,
1111 919 1272 992 budissin
1289 917 1342 1014 (l)
1363 915 1515 988 adfines
1539 915 1636 1008 regni
1657 915 1816 988 Boemiae
1831 935 1964 988 conre-

556 1041 681 1132 nisset,
702 1043 748 1115 ed
765 1043 1009 1136 exequendum
1025 1043 1201 1136 negotium
1223 1041 1269 1115 de
1287 1062 1358 1134 quo
1374 1037 1583 1134 jampridem
1600 1059 1713 1134 papae
1731 1038 1916 1133 scripserat
1928 1049 1965 1111 et

555 1166 602 1239 ad
615 1166 711 1260 quod
726 1165 888 1240 dominus
903 1187 988 1238 suus
1005 1165 1079 1238 dux
1092 1165 1270 1238 Bawariee
1287 1163 1382 1236 omni
1399 1182 1464 1235 sna
1486 1171 1520 1234 et
1534 1181 1676 1234 suorum
1693 1162 1839 1250 vinnte,
1856 1163 1964 1236 armis

554 1289 687 1362 bellicis
703 1289 905 1380 adornatus,
923 1289 1043 1361 venire
1058 1288 1250 1374 festinabat,
1269 1285 1366 1381 qnod
1383 1307 1447 1358 rex
1460 1283 1645 1358 Bobemiee
1663 1285 1720 1357 vel
1739 1285 1852 1378 potius
1867 1285 1963 1358 liles-

556 1413 727 1506 pbemiae,
747 1413 948 1485 inconsultis
969 1413 1131 1484 omnibus
1150 1412 1224 1483 suis
1238 1411 1376 1497 amieis,
1394 1409 1582 1482 baronibus
1602 1407 1746 1480 minime
1767 1409 1958 1502 requisitis,

555 1537 695 1610 nuntios
715 1535 878 1609 Friderici
895 1535 1036 1608 heretici
1052 1544 1088 1606 et
1103 1535 1213 1628 reguli
1230 1532 1292 1604 lilii
1313 1534 1368 1604 sni
1393 1532 1577 1628 receperit,
1602 1553 1729 1604 novam
1751 1531 1865 1604 inierit
1881 1553 1960 1604 oum

555 1660 640 1753 ipsis
657 1659 843 1732 amicitiam
866 1666 901 1731 et
917 1658 1206 1754 conspirationem
1223 1655 1453 1745 confirmarit,
1474 1656 1627 1728 exclusis
1644 1657 1910 1746 consanguineis
1925 1665 1959 1728 et

555 1783 687 1856 amicis.
708 1782 812 1867 Quod
827 1803 906 1854 oum
925 1781 999 1855 dux
1018 1780 1180 1853 dominus
1198 1801 1297 1852 meus
1317 1779 1476 1870 rescivit,
1500 1779 1601 1872 quasi
1617 1789 1727 1852 morte
1743 1783 1955 1874 perterritus,

555 1916 625 1980 tete
637 1926 702 1980 suo
716 1906 871 1978 exercitu
887 1916 922 1978 et
937 1905 1100 1977 omnibns
1115 1905 1188 1976 suis
1205 1903 1298 1976 domi
1316 1904 1442 1978 relictis
1459 1901 1503 1974 ed
1519 1924 1636 1998 regem
1654 1903 1813 1978 Boemiae
1833 1927 1958 2000 prope-

555 2033 644 2106 ravit
672 2043 711 2106 ut
733 2054 814 2106 enm
837 2031 1010 2126 proposito
1035 2041 1229 2122 revocaret3
1258 2033 1380 2104 frustra
1406 2039 1534 2102 umen.
1560 2030 1646 2102 Nam
1677 2053 1742 2103 nec
1764 2032 1869 2103 minis
1894 2053 1958 2105 nec

554 2158 715 2252 precibus
733 2176 831 2229 aeuo
850 2155 1023 2249 proposito
1039 2156 1149 2228 valuit
1166 2155 1330 2242 revocari,
1350 2174 1551 2247 quanquam
1573 2155 1680 2246 major
1697 2175 1775 2248 pars
1793 2155 1958 2228 anum

553 2279 713 2352 Boemiae
737 2299 818 2350 cnm
848 2276 937 2350 duce
962 2277 1000 2350 id
1021 2279 1222 2372 postularet,
1245 2277 1434 2371 crebroque
1452 2286 1705 2349 sacramentnm
1730 2276 1845 2366 vobis,
1865 2287 1958 2372 pater

554 2401 784 2491 sanctissime,
798 2410 833 2474 et
842 2402 1016 2474 Ecclesiae
1027 2401 1199 2473 Romanae
1212 2401 1389 2496 prestitum
1402 2399 1625 2472 inculcarent.
1640 2401 1712 2471 Hoc
1728 2399 1867 2472 tandem
1882 2408 1958 2496 poet
2072 2389 2074 2394 ’

553 2527 681 2599 multos
712 2525 846 2598 labores
870 2534 974 2617 etque
1003 2523 1147 2596 sudores
1171 2525 1303 2596 auxilio
1326 2525 1515 2612 baronum,
1540 2525 1693 2595 maxime
1712 2523 1874 2596 Bobuzlai
1898 2523 1958 2596 lilii

553 2649 751 2738 Zlanconis,
770 2648 834 2721 vix
849 2646 1013 2720 dominus
1026 2667 1126 2719 meus
1139 2647 1215 2718 dux
1233 2647 1383 2718 obtinuit
1397 2644 1493 2740 quod
1504 2655 1619 2718 tamen
1635 2646 1693 2717 ille
1705 2646 1957 2720 confoederatio

553 2795 622 2846 nen
638 2770 761 2845 suited
780 2771 884 2844 finem
900 2771 1068 2866 perducta
1080 2779 1116 2842 et
1130 2771 1290 2842 concluse
1305 2791 1369 2842 nec
1385 2769 1618 2842 instrumentis
1634 2771 1692 2841 vel
1706 2767 1890 2842 obsidibus
1902 2769 1958 2842 fir·

553 2905 662 2982 mata,
682 2894 745 2967 sed
766 2894 813 2967 ad
829 2894 896 2966 hoc
913 2892 1008 2988 epnd
1021 2893 1182 2966 Cubitum
1198 2892 1309 2987 (qnod
1328 2894 1434 2985 vulgo
1452 2893 1628 2986 Elnpegen
1651 2892 1788 2988 dicitnr)
1805 2895 1862 2966 vel
1878 2894 1958 2966 alibi

550 3021 643 3092 alios
659 3029 821 3092 tractatus
835 3015 1052 3112 perfiniretor
1066 3039 1137 3110 qno
1153 3017 1282 3110 singuli
1294 3017 1479 3092 convenire
1492 3026 1645 3111 possent,
1660 3027 1699 3088 nt
1714 3018 1850 3090 interim
1868 3039 1957 3112 papa

552 3144 675 3216 certior
699 3143 858 3215 berelae
885 3163 941 3214 res
965 3141 1259 3213 interturbaretur.
1281 3141 1371 3214 llicit
1388 3141 1493 3231 hujus
1516 3140 1778 3235 conspirationis
1803 3152 1957 3214 auctores

552 3265 703 3337 maxime
717 3265 824 3338 luisse
837 3263 1077 3356 landgravium
1090 3264 1314 3357 Thuringiee,
1330 3265 1561 3338 marchionem
1575 3263 1950 3357 Brandenbnrgensem,

552 3389 691 3461 nuntios
710 3388 862 3460 celebres
884 3386 983 3458 ducis
1008 3387 1229 3474 brabantiae,
1254 3389 1414 3460 comitem
1436 3385 1648 3460 Gotherdum
1670 3386 1718 3484 (a)
1736 3387 1782 3460 de
1796 3387 1955 3459 Arnstein

551 3531 631 3586 cnm
650 3511 752 3582 tratre
764 3531 828 3582 sno
845 3530 1011 3583 converso
1026 3510 1071 3583 de
1090 3509 1194 3582 domo
1209 3511 1397 3584 Teutonico
1415 3521 1450 3583 et
1465 3511 1541 3582 aliis
1556 3521 1703 3604 quatuor
1719 3509 1881 3582 fratribus
1894 3531 1955 3583 no·

550 3633 732 3706 bilioribus
751 3631 876 3705 domus
894 3633 1070 3726 ejusdem,
1089 3653 1240 3726 quornm
1262 3634 1405 3706 oonsilio
1422 3644 1457 3706 et
1476 3633 1706 3728 quorumdam
1722 3635 1869 3707 aliorum
1891 3635 1954 3706 im·

549 3757 685 3853 perium
701 3778 795 3829 nunc
809 3757 1034 3850 gubernatur.
1053 3757 1139 3829 Dein
1155 3757 1373 3830 commendat
1383 3766 1418 3830 et
1431 3757 1549 3830 laudat
1565 3758 1688 3831 ducem
1706 3757 1873 3832 Bavariae
1885 3757 1954 3830 do-

549 3881 681 3952 minum
702 3901 825 3970 snum,
851 3899 932 3950 enm
958 3898 1034 3951 esse
1054 3879 1372 3952 christianissimum
1398 3889 1432 3952 et
1454 3899 1566 3974 papae
1588 3879 1761 3972 simulque
1783 3879 1954 3952 Ecclesiae

549 4002 802 4092 fidelissimum,
824 4003 936 4074 solnm
952 4001 1159 4075 remansisse
1181 4011 1220 4074 nt
1242 4003 1433 4098 pupillum,
1459 4002 1633 4076 desertum
1658 4003 1779 4076 solatio
1800 4003 1952 4076 omnium

549 4123 883 4219 consanguineorum
909 4124 1105 4220 principum
1129 4126 1211 4198 olim
1243 4147 1354 4221 papae
1381 4125 1555 4219 fidelium,
1579 4147 1643 4199 nec
1661 4125 1791 4198 hebere
1813 4125 1952 4198 unicum

547 4249 737 4346 principem
752 4247 914 4320 clericum
930 4246 987 4319 vel
1001 4247 1128 4320 laicum
1152 4248 1219 4320 sub
1245 4252 1345 4342 cnjus
1368 4249 1491 4322 umbre
1508 4249 1684 4323 interdum
1707 4249 1823 4323 valeat
1844 4249 1951 4344 respi-

547 4393 635 4448 rare.
656 4373 729 4444 llex
746 4369 905 4444 Boemiae
921 4379 960 4442 ut
979 4391 1105 4444 nomen
1119 4391 1284 4464 magnum
1302 4371 1369 4444 sibi
1387 4373 1567 4467 conquirat
1580 4373 1651 4446 sitit
1665 4373 1777 4447 socios
1792 4371 1952 4468 superbia

588 4517 631 4598 (a)
654 4517 857 4580 Verlslmlllter
871 4515 1064 4594 eamme,
1079 4521 1165 4595 cnjus
1177 4535 1266 4596 aupra
1278 4519 1387 4597 plurles
1397 4521 1509 4581 mentio
1520 4519 1587 4581 brtt.

546 4671 610 4690 ss—

576 4758 618 4833 tt)
634 4757 743 4825 sufficet
752 4758 885 4822 eccere
898 4760 957 4818 eive
972 4761 1099 4820 bemus.
