4468 6010
507 677 567 740 ree
1005 675 1220 740 nurnnmcr
1245 663 1420 742 sn'cuum
1732 681 1809 766 [aar.
1829 684 1917 750 rato

506 811 689 904 imperium
705 812 946 902 aldemanus,
967 831 1072 904 quarn
1093 833 1155 884 nos
1173 821 1210 903 et
1227 821 1345 886 nostra
1367 823 1436 886 tota
1454 812 1819 908 Capareasuecessura
1837 841 1920 916 pru-

506 935 625 1026 geniea
647 937 738 1008 circu
756 934 899 1008 Romani
918 944 1029 1010 status
1049 934 1349 1010 honorificentiam
1366 947 1401 1010 et
1418 945 1643 1030 augmentum
1663 949 1842 1018 teneamur
1861 966 1922 1040 pe-

505 1059 655 1130 renniter
669 1059 843 1154 ampliare.
866 1059 1024 1131 Ceterum
1037 1080 1108 1154 qna
1121 1059 1338 1133 Theodemus
1355 1060 1407 1156 (l)
1416 1060 1528 1154 judex
1545 1062 1641 1136 curie
1660 1073 1787 1156 nostre,
1807 1062 1921 1147 fidelis

505 1192 633 1272 noster,
654 1205 700 1254 ex
723 1193 819 1278 parte
836 1193 951 1254 nostra
968 1182 1069 1256 vobis
1087 1181 1232 1272 dixerit,
1253 1179 1394 1258 credere
1412 1184 1566 1258 debeatis
1584 1183 1744 1259 fideliter.

1587 1453 1713 1464 σι-ι-ι-

557 1733 790 1837 Friderious,
822 1732 1085 1818 Romanorum
1113 1732 1346 1842 imperator,
1378 1731 1556 1818 fidelibus
1584 1732 1664 1816 suis
1696 1734 1919 1829 nuntiatae

503 1867 709 1975 resumptis
729 1867 888 1949 diritate
911 1866 1116 1973 Castellao,
1136 1867 1232 1952 Orte
1253 1875 1293 1949 et
1310 1864 1395 1948 aliis
1413 1865 1564 1964 castris,
1587 1865 1800 1950 Viterbium
1821 1893 1918 1976 per-

504 2001 670 2104 venisse,
698 2000 800 2082 unde
828 1997 923 2082 locis
953 1999 1135 2082 omnibns
1157 2000 1209 2082 ad
1245 2019 1286 2082 se
1310 1998 1370 2082 rel
1398 2000 1448 2081 ad
1479 1999 1635 2082 nuntios
1666 2023 1758 2083 suos
1784 2000 1917 2084 eccle-

503 2132 721 2240 mantibue,
751 2133 912 2216 Romam
942 2131 1099 2215 feliciter
1126 2131 1275 2216 favente
1299 2131 1371 2214 sibi
1395 2133 1539 2242 populo
1567 2134 1740 2217 Romano
1768 2134 1917 2243 ingredi

503 2267 683 2376 disponit.
1710 2275 1714 2283 “

584 2467 708 2546 (lnedlt.
723 2483 761 2528 ex
775 2466 841 2527 cod.
858 2465 935 2528 Blbl.
951 2467 1049 2530 Cesum
1067 2465 1198 2528 vindob.
1220 2465 1300 2528 dicto
1316 2463 1496 2550 Philetaeris,
1513 2476 1547 2530 u·
1570 2467 1712 2550 305,301.
1737 2477 1793 2530 tao
1814 2483 1914 2543 vaso,

625 2583 678 2636 rar
695 2572 802 2654 recto.)
894 2643 898 2648 ,
1022 2650 1023 2658 ,

513 2771 516 2778 ’
553 2747 788 2848 [Fredericua
809 2743 907 2845 etc.].
928 2746 1081 2832 Qualiter
1099 2745 1216 2819 felices
1235 2767 1415 2842 processus
1433 2756 1566 2819 nostros
1587 2747 1751 2820 continue
1770 2767 1916 2820 suome-

501 2895 603 2946 suum
628 2872 833 2944 comitentur
857 2879 1043 2965 augmenta
1069 2869 1169 2942 vobis
1194 2869 1412 2942 insinuamus
1433 2869 1479 2942 ad
1504 2869 1691 2962 gandium,
1716 2871 1806 2942 sieut
1824 2869 1917 2943 cedit

501 2998 602 3070 nobis
616 2997 745 3092 jugiter
758 2997 804 3070 ad
817 3005 1032 3091 provectum.
1053 2994 1299 3088 Sciatis-igitur
1315 2994 1410 3088 quod
1424 2995 1525 3067 nobis
1543 3017 1605 3089 per
1621 2995 1779 3067 Tusciam
1796 3003 1915 3068 traus-

501 3123 664 3195 euntibns
679 3131 713 3192 et
730 3119 891 3193 omnibus
910 3123 1014 3212 juxta
1031 3117 1243 3213 propositum
1266 3128 1421 3190 nostrum
1439 3127 1510 3190 tam
1531 3119 1565 3190 in
1592 3119 1790 3191 civitatibus
1806 3140 1914 3212 qnam

500 3247 537 3318 in
555 3245 675 3318 castris
690 3245 736 3317 ad
752 3245 917 3316 honorem
932 3253 1086 3315 nostrum
1104 3253 1139 3315 et
1153 3243 1287 3338 imperii
1305 3243 1483 3332 ordinatis,
1503 3242 1741 3338 pervenientes
1754 3241 1801 3316 ad
1818 3241 1913 3316 Civi-

532 3533 573 3604 (t)
592 3531 621 3588 ln
636 3531 697 3588 cod.
712 3531 904 3600 NotreDeme,
919 3527 1110 3599 Theotlrimum
1125 3528 1153 3584 in
1167 3527 1227 3585 ood.
1242 3529 1329 3598 scot,
1348 3527 1504 3602 Cyprianus
1514 3547 1522 3585 :
1534 3543 1615 3602 qrram
1633 3527 1754 3586 ultimam
1772 3527 1912 3588 lectionem

499 3628 583 3685 multo
593 3627 725 3701 potiorem
736 3641 888 3697 censemus,
900 3639 984 3698 quum
993 3626 1022 3682 iu
1035 3623 1135 3682 nostris
1149 3625 1319 3682 documentis
1328 3625 1479 3700 Cyprianus
1487 3625 1570 3698 judex
1582 3625 1725 3698 aliquando
1737 3631 1911 3684 memorabar.

499 3728 581 3800 Cujus
593 3726 675 3783 etiam
686 3725 827 3800 epistolam
840 3725 869 3781 in
886 3723 989 3784 collect.
1004 3725 1042 3782 la
1057 3724 1138 3782 Porto
1150 3723 1187 3780 du
1200 3722 1277 3780 Theil
1288 3739 1322 3780 ex
1335 3723 1395 3782 cod.
1413 3723 1501 3784 Vatic.
1518 3724 1603 3796 rost,
1617 3723 1664 3782 tol.
1679 3725 1746 3796 ³³5,
1761 3728 1910 3798 repertam,

498 3824 561 3878 dum
576 3823 610 3878 ed
625 3837 669 3878 res
681 3821 808 3878 Fridarici
821 3821 906 3878 nostri
920 3819 1054 3894 pertineat
1065 3819 1109 3878 bic
1123 3819 1254 3878 edendam
1267 3819 1391 3878 volumus
1405 3837 1412 3875 :

536 3921 682 3976 «Discreto
696 3925 723 3975 et
735 3919 849 3992 sapienti
863 3919 920 3975 viro
940 3918 1066 3990 magistro
1079 3919 1108 3973 P.
1125 3917 1272 3975 venerabili
1287 3915 1519 3992 archipresbytero
1533 3917 1647 3990 Regino,
1662 3916 1811 3992 Cyprianus
1823 3915 1911 3990 impe-

500 4013 603 4074 rrialis
616 4016 690 4073 curie
705 4015 789 4089 judex
801 4007 918 4072 salutem
934 4023 962 4073 et
974 4016 1002 4071 in
1021 4015 1125 4072 cunetis
1139 4012 1250 4072 feliciter
1268 4013 1431 4088 prosperari.
1449 4013 1523 4072 licat
1540 4015 1623 4072 ultera
1639 4013 1699 4070 vice
1714 4013 1785 4087 apud
1797 4015 1910 4087 Regium

499 4131 513 4168 a
528 4129 578 4188 pro
591 4120 669 4188 parte
680 4113 781 4171 domini
795 4113 963 4188 imperatoris
976 4118 1005 4170 et
1018 4111 1070 4168 sub
1082 4111 1172 4168 benno
1179 4111 1312 4184 imperiali
1321 4110 1478 4168 duxerimus
1491 4111 1661 4169 statuendum
1672 4125 1708 4168 ne
1717 4110 1778 4183 quia
1788 4113 1911 4168 utemur

498 4230 512 4264 r
528 4211 622 4271 litteris
636 4211 777 4286 papalibus
797 4211 838 4268 rel
853 4210 947 4284 legati,
963 4216 1052 4266 tamen
1068 4208 1270 4266 considerantes
1288 4207 1351 4266 tidei
1364 4208 1509 4282 puritatem
1528 4213 1556 4266 et
1573 4207 1722 4266 devotionis
1734 4205 1911 4264 consentiam

498 4329 512 4361 r
528 4309 749 4380 quemdominus
764 4307 946 4380 Philippusde
962 4306 1043 4364 Sesso
1060 4305 1129 4380 (siue
1142 4303 1229 4378 Sesto]
1244 4305 1358 4362 clericus
1377 4321 1440 4378 erge
1456 4305 1598 4379 imperium
1619 4311 1647 4362 et
1662 4305 1721 4377 ejus
1736 4302 1838 4361 curiam
1860 4303 1910 4360 ba·

498 4423 511 4456 a
528 4403 600 4476 buit,
618 4405 705 4462 eidem
722 4403 844 4461 dedimus
857 4403 991 4461 licentiam
1009 4403 1081 4476 quod
1101 4402 1140 4459 uti
1155 4403 1240 4476 possit
1257 4401 1352 4459 litteris
1365 4401 1507 4476 papalibus
1521 4401 1548 4458 iu
1564 4400 1723 4474 acquirendo
1738 4397 1868 4458 beneficio
1882 4404 1910 4456 et

498 4521 512 4554 r
527 4502 665 4574 prebenda
678 4517 759 4575 quam
772 4503 835 4558 olim
849 4501 974 4558 dominus
985 4499 1190 4558 archidiaconus
1203 4501 1388 4573 Pergameusia
1403 4499 1496 4557 hebuit
1506 4499 1535 4556 in
1551 4499 1662 4556 eeclesia
1675 4497 1783 4570 Regina.
1797 4515 1810 4550 r

530 4599 641 4672 Atergo
657 4619 670 4654 r
684 4597 829 4658 venerabili
844 4597 1080 4672 archipresbytero
1089 4598 1202 4672 Regino.
1214 4615 1228 4652 r
1239 4597 1387 4669 Vestigium
1397 4595 1576 4670 rigiliilatum.
1591 4595 1665 4654 ticet
1675 4601 1766 4652 autern
1777 4594 1909 4652 inseratur
1949 4591 1952 4598 ’

495 4696 609 4769 epistole
622 4695 674 4754 sub
687 4711 757 4752 anno
775 4695 897 4768 Gregorii
910 4695 950 4752 lx
963 4710 1048 4768 nono,
1064 4695 1165 4753 scilieet
1183 4698 1267 4767 4330,
1282 4709 1336 4752 non
1353 4699 1416 4754 ante
1433 4709 1534 4753 annum
1549 4693 1618 4751 0339
1637 4692 1707 4751 banc
1726 4691 1907 4767 reponendam

495 4793 852 4869 essoprocertobebernus.
1429 4817 1433 4824 ¹
1687 4796 1691 4807 '
