4358 5996
224 707 328 768 herm.
346 705 410 784 ta]
677 702 878 766 HISTORIA
897 703 1193 767 bretonerlca
1236 731 1238 736 ·
1581 701 1642 765 943

225 835 443 922 Messanam
473 833 524 918 ad
547 835 769 922 demanium
800 836 927 922 curiae
949 861 1131 936 reuocare
1158 833 1314 940 debeat,
1344 833 1419 917 nisi
1437 832 1643 945 presbyter

227 969 296 1079 qui
314 995 404 1054 earn
421 968 562 1054 detinet
581 967 782 1078 specialem
799 995 824 1054 a
841 969 947 1054 curia
964 967 1246 1053 concessionem
1263 964 1452 1050 habuerit.
1600 1024 1615 1040 ..

310 1169 441 1253 (aaut.
455 1167 558 1251 torpa.
571 1165 689 1232 Freder.
704 1171 743 1243 11,
758 1169 811 1232 tol.
828 1179 884 1233 106
899 1175 994 1243 recto3
1009 1171 1041 1229 tn
1054 1169 1126 1230 edlt.
1141 1167 1279 1246 caream,
1291 1185 1322 1246 p.
1338 1165 1423 1246 4⁰8.)

279 1341 330 1415 De
341 1341 500 1415 mndata
514 1346 605 1436 [octo
619 1365 680 1440 per
693 1344 890 1436 mopistrum
907 1345 1043 1414 Petrum
1059 1339 1100 1413 de
1117 1343 1218 1412 Vinea
1230 1342 1363 1435 serpsit
1386 1341 1428 1412 P.
1447 1341 1487 1412 de
1504 1342 1644 1436 Capreo:

279 1465 503 1559 Fredericus,
531 1475 616 1560 etc,
641 1465 763 1561 Majori
787 1466 986 1540 Plancatoni
1011 1473 1145 1540 secreto
1172 1465 1347 1556 Messene,
1377 1472 1443 1538 etc.
1474 1466 1647 1538 Intellenit

231 1589 402 1664 serenitas
419 1599 534 1664 nostre
553 1589 650 1685 quod
669 1611 749 1662 cum
772 1589 922 1686 quedam
944 1589 1101 1685 cappella
1121 1588 1307 1662 Grecorum
1332 1595 1402 1683 qn'e
1422 1599 1566 1663 vocator
1587 1613 1646 1665 ee·

232 1715 338 1788 clesia
354 1715 481 1788 Sancte
492 1715 599 1789 Marie
614 1713 660 1790 de
673 1715 795 1788 Grateo
808 1715 844 1786 in
858 1712 997 1787 civitate
1013 1713 1180 1802 Messene,
1196 1711 1244 1786 ad
1260 1711 1475 1786 collationem
1489 1715 1648 1788 culminis

233 1839 342 1911 nostri
363 1847 513 1934 spectet,
532 1839 712 1935 presbyter
729 1839 903 1912 lohannes
918 1837 980 1932 qui
999 1835 1126 1909 dicitur
1143 1844 1333 1931 protopopa
1349 1837 1507 1910 Messene
1528 1839 1648 1912 eecle-

233 1963 322 2036 siam
338 1962 448 2058 ipsam
471 1962 602 2036 detinet
618 1973 821 2058 occupatam
837 1962 874 2034 in
887 1961 982 2034 curie
1000 1969 1120 2034 nostre
1137 1958 1367 2056 prejudicium
1381 1968 1417 2032 et
1437 1981 1507 2033 non
1531 1961 1649 2036 modi·
1709 1966 1712 1974 ’

234 2107 312 2165 cam
334 2086 513 2160 lesionem.
535 2085 651 2172 Quare
670 2083 827 2160 fidelitati
849 2093 909 2157 tue
931 2082 1137 2158 mandamns
1159 2082 1323 2177 quatinus
1343 2081 1388 2156 de
1406 2085 1582 2178 premissis
1599 2085 1650 2158 in·

234 2211 459 2306 quisitionem
489 2210 595 2285 tocies
622 2209 841 2306 diligentem,
859 2217 895 2282 et
915 2209 946 2280 si
968 2229 1042 2282 rem
1066 2207 1114 2280 ita
1141 2207 1334 2298 inveneris,
1362 2218 1466 2303 prout
1489 2210 1650 2305 superius

237 2334 447 2427 oontlnetur,
461 2342 497 2408 et
510 2331 607 2430 quod
621 2331 876 2406 concessionem
891 2331 973 2404 inde
985 2352 1053 2404 non
1067 2329 1193 2404 habeat
1205 2330 1297 2405 idem
1311 2331 1521 2428 presbytera
1535 2344 1651 2406 nostro

237 2458 389 2532 culmine
404 2459 600 2556 specialem,
614 2457 805 2554 cappellam
823 2454 981 2530 eamdem
998 2453 1044 2528 ad
1064 2454 1263 2528 demanium
1281 2456 1376 2529 curie
1393 2465 1508 2529 nostre
1525 2455 1652 2530 debeas

237 2601 417 2656 revocare.

286 2707 412 2780 Datum
425 2705 524 2796 Orte,
545 2704 700 2794 lmadii,
717 2703 795 2778 Xlll
812 2701 1023 2778 indictionis.

451 2993 563 3004 —u-—u—
568 2993 861 3004 -υ--σ-α--ι--ι
867 2987 1445 3004 *μ-ο--Μ-ᾐ

291 3226 472 3313 Mandata
499 3227 549 3311 ad
566 3225 816 3339 justitiarium
845 3227 1078 3337 capitinatae
1107 3237 1146 3313 et
1172 3227 1222 3312 ad
1247 3235 1433 3313 secretum
1457 3226 1652 3317 Messanae
1720 3260 1821 3358 ‚m

241 3359 289 3443 de
305 3357 501 3444 mittendis
523 3386 589 3444 sex
615 3361 721 3445 mille
747 3362 881 3446 oribus
908 3387 998 3445 cum
1022 3361 1203 3445 arietibus
1226 3372 1263 3446 et
1288 3361 1506 3476 quingentis
1528 3366 1652 3448 vaccis

242 3515 328 3574 eum
345 3477 476 3575 'muris
502 3491 661 3576 atinde
689 3493 729 3575 in
759 3493 1059 3606 competenthus
1093 3493 1327 3604 capitinatae
1353 3495 1447 3581 locis
1469 3499 1653 3584 mandrae

243 3623 478 3708 ordinentur.

323 3823 452 3907 (depost.
465 3825 570 3906 imper.
584 3822 703 3888 maer.
719 3826 763 3904 11,
777 3825 830 3888 lol.
849 3835 905 3888 too
920 3843 1021 3902 rerem
1037 3829 1069 3888 in
1082 3825 1153 3889 edlt.
1170 3826 1307 3908 eamn,
1321 3845 1351 3908 p.
1368 3833 1452 3907 409.)

291 3999 336 4068 De
352 3997 511 4070 mondum
533 4000 687 4094 capistri
704 4000 830 4072 olberti
850 4001 985 4095 scripsit
1003 4001 1043 4071 P.
1066 3999 1106 4072 de
1122 3999 1261 4096 Capreo:

291 4119 508 4215 Fredericus,
537 4132 620 4216 etc,
645 4125 686 4198 a.
713 4123 776 4218 [de
797 4123 1067 4218 Monteluscolo]
1087 4121 1136 4220 (o)
1151 4123 1335 4216 justitiario
1361 4125 1502 4201 honoris
1528 4130 1652 4205 Montis

245 4243 354 4318 Sancti
366 4244 491 4340 Angeli
502 4256 537 4320 et
553 4247 755 4344 Capitinate,
769 4261 836 4323 etc.
853 4249 939 4323 Cum
955 4248 1084 4323 solatiis
1095 4247 1219 4320 nostris
1234 4247 1425 4345 Capitinnte
1438 4253 1651 4348 provinciam

246 4366 455 4462 frequentius
463 4371 641 4446 visitemus
654 4381 689 4446 et
701 4373 813 4468 magis
827 4395 932 4469 quam
948 4373 984 4444 in
999 4371 1078 4446 aliis
1090 4371 1278 4467 provinciis
1291 4375 1508 4467 regni-nostri
1521 4399 1651 4452 moram

246 4491 358 4586 sepius
371 4492 539 4568 trahimus
553 4495 682 4570 ibidem
696 4507 730 4570 et
741 4497 889 4570 velimus
897 4504 1076 4593 propterea
1090 4494 1187 4591 quod
1202 4494 1239 4569 in
1252 4496 1442 4592 Capitinata
1458 4498 1503 4572 de
1515 4501 1653 4576 anima-

245 4611 331 4688 libus
343 4616 469 4690 nostris
481 4617 669 4695 habeamus
679 4630 833 4694 armenta
849 4620 896 4696 ad
910 4643 1011 4696 usum
1025 4620 1151 4695 familie
1162 4629 1291 4712 nostre,
1307 4617 1462 4696 fidelitati
1473 4632 1532 4698 tue
1546 4628 1653 4722 preci-

284 4789 324 4873 (α)
344 4793 425 4857 Haec
437 4797 609 4876 supplentur
622 4814 660 4860 ex
673 4801 816 4879 margine.
