4384 6004
268 613 365 672 lunrcr.
386 607 445 692 14]
715 611 913 671 HISTORIA
941 609 1234 672 lllPLOllA'l'lCll.
1605 610 1683 672 losv
1802 678 1817 694 .

268 753 337 820 tute
352 746 515 817 Faventia
531 767 600 840 que
619 744 751 818 laborat
762 747 891 820 amodo
909 750 1072 820 continue
1084 747 1119 818 in
1133 743 1313 829 extremis,
1329 742 1404 815 sine
1420 763 1516 815 mora
1532 745 1686 837 qualibet

269 870 314 943 ad
336 877 528 942 extremam
547 867 792 942 desolationem
811 869 1121 943 Mediolanensium
1142 877 1178 940 et
1194 875 1389 940 nostrorum
1410 866 1557 938 aliorum
1573 869 1686 940 rebel·

269 995 354 1066 lium
378 1013 556 1066 unacum
582 992 706 1064 eodem
732 1015 814 1087 rege
839 992 910 1066 filio
929 1003 1045 1066 nostro
1070 1003 1139 1064 tam
1168 990 1315 1062 finaliter
1335 1011 1441 1084 quam
1464 989 1686 1084 imperialiter

270 1117 534 1210 subsequamur.
550 1115 654 1201 Quod
667 1125 783 1188 autem
800 1117 835 1188 in
851 1117 1017 1190 custodiis
1033 1126 1222 1189 castrorum
1235 1125 1270 1187 et
1282 1114 1358 1187 aliis
1372 1113 1536 1206 expensis
1551 1121 1585 1184 et
1602 1134 1686 1186 one·

270 1240 367 1311 ribus
383 1241 466 1311 estis
484 1240 714 1333 multipliciter
732 1241 932 1334 aggravati,
952 1251 1107 1336 petentes
1127 1259 1230 1331 super
1249 1237 1315 1308 biis
1332 1237 1433 1308 vobis
1449 1235 1494 1307 de
1513 1236 1684 1330 imperiali

271 1363 451 1435 clementia
467 1364 662 1456 provideri,
683 1375 797 1437 nostra
816 1364 968 1459 provisio
984 1364 1035 1435 sic
1053 1361 1205 1457 providit
1225 1370 1262 1432 ut
1279 1360 1394 1432 omnia
1411 1360 1504 1432 bona
1521 1361 1684 1432 bannito-

268 1509 346 1558 rum
361 1499 396 1558 et
407 1486 563 1559 subsidia
576 1488 797 1560 ecclesiarum
810 1487 987 1560 districtus
1001 1487 1145 1558 Cumani
1161 1506 1274 1578 usqne
1288 1483 1332 1555 ad
1344 1484 1478 1554 felicem
1495 1481 1683 1554 adventum

271 1621 427 1682 nostrum
449 1610 485 1680 in
510 1608 594 1704 ipsis
619 1610 776 1705 partibus
799 1613 860 1704 qui
882 1610 946 1682 erit
967 1611 1068 1680 citius
1087 1631 1190 1702 quam
1215 1607 1392 1692 credatur,
1417 1618 1456 1676 ut
1477 1617 1560 1677 tunc
1583 1609 1684 1700 plena

271 1733 422 1826 provisio
441 1733 541 1806 vobis
557 1732 629 1823 fiat,
645 1734 681 1805 in
697 1733 1049 1829 recompensationem
1064 1753 1295 1827 expensarum
1314 1740 1348 1802 et
1362 1729 1591 1825 predictorum
1603 1751 1685 1803 one·

271 1877 348 1927 rum
375 1857 478 1928 vobis
506 1858 642 1930 cedant.
677 1859 727 1930 De
755 1858 904 1930 vallibus
933 1879 1073 1950 quoque
1103 1857 1290 1928 Belliniana
1319 1864 1354 1926 et
1380 1854 1565 1926 Labentina
1596 1876 1684 1947 quas

272 1979 413 2051 concedi
432 1981 532 2052 vobis
552 1981 752 2075 suppliciter
773 1982 987 2074 postulastis,
1008 2002 1117 2073 quum
1132 1977 1306 2072 usquead
1323 1977 1511 2050 adventum
1529 1986 1683 2048 nostrum

271 2103 364 2196 ipsas
382 2103 418 2172 in
436 2104 595 2174 manibus
610 2106 735 2176 nostris
754 2104 969 2199 disponimus
984 2103 1148 2187 retinere,
1166 2101 1370 2173 excellentie
1384 2109 1499 2173 nostre
1515 2101 1628 2194 placet
1646 2111 1685 2170 ut

272 2243 391 2296 omnes
410 2236 596 2318 proventus
612 2227 748 2298 illarum
765 2226 811 2298 ad
828 2248 951 2300 manus
964 2227 1084 2320 prelati
1097 2224 1259 2298 llasnerii
1277 2224 1322 2296 de
1336 2225 1451 2316 Burgo
1469 2224 1636 2318 capitanei
1651 2234 1685 2296 et

272 2348 449 2440 potestatis
461 2348 659 2439 Cumarum,
678 2349 790 2422 tidelis
806 2351 926 2442 nostri,
943 2350 1129 2422 deveniant
1144 2370 1207 2443 pro
1226 2348 1366 2441 speciali
1385 2348 1543 2420 custodia
1558 2348 1683 2421 Bellin-

272 2489 369 2542 zone.
391 2471 440 2542 De
461 2471 653 2565 privilegiis
676 2482 711 2544 et
729 2473 1008 2546 concessionibus
1028 2473 1199 2545 concessis
1220 2471 1438 2564 singulariter
1454 2482 1488 2543 et
1504 2473 1684 2546 universa·

271 2593 349 2665 liter
363 2593 580 2684 revocandis,
596 2595 708 2667 donec
724 2597 807 2668 illuc
819 2599 1001 2668 veniamus
1015 2617 1152 2668 omnem
1170 2597 1329 2668 ellectum
1346 2606 1482 2688 propter
1497 2595 1543 2692 (l)
1556 2618 1683 2669 execu-

273 2717 399 2788 tionem
425 2716 579 2810 ipsorum
604 2717 771 2790 duximus
795 2717 1099 2812 suspendendum,
1125 2719 1285 2790 inantea
1308 2717 1455 2810 qualiter
1472 2717 1517 2788 dc
1532 2718 1586 2790 his
1609 2718 1683 2791 lieri

272 2839 398 2912 debeat
414 2841 551 2934 plenius
563 2842 747 2934 provisuri.
765 2844 815 2914 De
833 2843 1029 2936 provisione
1046 2861 1128 2913 vero
1148 2841 1285 2912 Riverie
1306 2840 1402 2913 etde
1420 2841 1548 2933 leuco,
1575 2863 1684 2914 nove-

271 2963 346 3036 ritis
359 2964 455 3057 quod
469 2987 533 3037 uos
550 2965 596 3037 de
614 2965 798 3060 prudentia
815 2978 849 3039 et
869 2965 1032 3039 fidelitate
1050 2965 1223 3039 Smaliada
1240 2965 1315 3058 (sic)
1329 2965 1374 3037 de
1388 2965 1525 3036 Bellotis
1539 2965 1584 3037 de
1602 2965 1682 3038 Cre·

272 3107 375 3160 mona
391 3085 503 3160 fidelis
519 3088 625 3160 nostri
642 3087 776 3174 confisi,
793 3089 907 3182 ipsum
925 3090 1005 3160 illuc
1022 3091 1096 3161 loco
1117 3089 1224 3160 nostri
1240 3088 1406 3160 duximus
1425 3087 1681 3180 destinandum,

274 3211 318 3284 de
331 3213 433 3305 cujus
455 3235 602 3306 persona
624 3215 797 3286 credimus
817 3224 852 3286 et
870 3225 1026 3287 tenemus
1042 3214 1138 3307 quod
1158 3214 1321 3307 predictis
1339 3213 1437 3286 terris
1453 3221 1524 3286 tam
1537 3214 1684 3309 provide

273 3357 375 3430 quam
390 3336 518 3408 utiliter
539 3337 584 3408 sit
598 3339 791 3432 provisum.
812 3337 913 3422 Quod
926 3349 1041 3410 autem
1056 3338 1176 3410 ultimo
1191 3337 1362 3431 petivistis
1378 3346 1417 3408 ut
1430 3335 1591 3409 videlicet
1604 3357 1684 3431 pre-

274 3457 405 3530 dictum
419 3460 630 3532 Masnerium
642 3459 687 3531 de
699 3461 814 3550 Burgo
828 3459 967 3533 fidelem
979 3471 1146 3552 nostrum,
1161 3469 1363 3556 potestatem
1375 3469 1542 3548 vestrum,
1554 3461 1683 3556 capita·

273 3602 378 3655 neum
395 3582 580 3656 Cumarum
597 3591 632 3654 et
646 3582 1009 3676 circumadjacentium
1024 3594 1204 3678 terrarum,
1217 3585 1306 3656 siout
1319 3585 1469 3679 prelatus
1482 3584 1686 3658 Bertholdus

272 3706 426 3778 marchio
448 3705 494 3778 de
512 3705 737 3778 Fobenburch
764 3707 874 3778 inerat
896 3729 916 3778 a
942 3716 1058 3780 nostra
1078 3711 1254 3800 majestate
1275 3715 1440 3799 statutus,
1467 3706 1628 3780 ordinare
1652 3717 1687 3780 et

273 3836 422 3900 statuere
436 3827 677 3922 dignaremur,
695 3849 758 3900 nos
774 3830 897 3901 vestris
913 3829 1221 3924 supplicationibus
1240 3830 1394 3903 inclinati
1413 3829 1574 3903 eumdem
1592 3830 1685 3904 lllas·

274 3947 408 4020 nerium
429 3949 475 4024 de
492 3951 608 4043 Burgo
626 3953 845 4046 capitaneum
859 3951 1045 4025 Cumarum
1065 3962 1100 4025 et
1116 3962 1284 4025 terrarum
1302 3952 1682 4044 circumadjacentium,

274 4073 361 4144 sicut
379 4073 472 4146 idem
487 4074 641 4147 marchio
656 4096 677 4147 a
690 4083 805 4147 nostra
818 4077 996 4167 majestate
1009 4075 1189 4148 ordinatus
1204 4076 1331 4166 extitit,
1353 4075 1519 4148 duximus
1533 4086 1686 4148 statuen-

274 4192 374 4283 dum,
386 4195 591 4268 mandantes
602 4206 641 4268 ut
652 4197 890 4292 capitaneatus
906 4198 1058 4270 officium
1070 4197 1192 4270 amodo
1202 4196 1248 4269 ad
1262 4198 1425 4270 honorem
1440 4207 1474 4269 et
1487 4196 1686 4270 fidelitatem

273 4327 439 4410 nostram,
456 4320 600 4392 salutem
614 4329 764 4392 vestram
778 4331 813 4392 et
830 4321 1075 4393 exterminium
1090 4321 1269 4394 rebellium
1286 4331 1492 4412 nostrorum,
1513 4319 1624 4394 donec
1640 4321 1687 4394 ad

274 4441 474 4514 mandatum
489 4454 664 4528 nostrum,
683 4442 807 4516 debeat
824 4442 970 4516 fideliter
984 4454 1019 4516 et
1030 4445 1213 4517 efficaciter
1230 4465 1405 4516 exercere.

323 4565 448 4636 Datum
465 4565 502 4636 in
518 4565 699 4638 obsidione
721 4566 905 4656 Faventia,
923 4567 985 4639 XV
1004 4568 1187 4659 februarii,
1205 4569 1297 4640 Xllll
1314 4568 1516 4640 indictione.

323 4685 395 4781 ugo
409 4687 562 4761 ltovolus
575 4689 747 4781 notarius,
764 4698 847 4776 etc..
861 4692 963 4783 jussu
979 4689 1111 4763 domini
1125 4689 1288 4764 llasnerii
1310 4689 1355 4764 de
1370 4691 1502 4784 Burgo,
1521 4698 1588 4761 etc.

1860 4664 1865 4698 l
