<?xml version="1.0" encoding="UTF-8"?>
<!DOCTYPE html PUBLIC "-//W3C//DTD XHTML 1.0 Transitional//EN"
    "http://www.w3.org/TR/xhtml1/DTD/xhtml1-transitional.dtd">
<html xmlns="http://www.w3.org/1999/xhtml" xml:lang="en" lang="en">
 <head>
  <title>
</title>
<meta http-equiv="Content-Type" content="text/html;charset=utf-8" />
  <meta name='ocr-system' content='tesseract 3.04.00' />
  <meta name='ocr-capabilities' content='ocr_page ocr_carea ocr_par ocr_line ocrx_word'/>
</head>
<body>
  <div class='ocr_page' id='page_1' title='image "./historiadiploma01fredgoog_0446.png"; bbox 0 0 4384 6004; ppageno 0'>
   <div class='ocr_carea' id='block_1_1' title="bbox 557 609 1957 690">
    <p class='ocr_par' dir='ltr' id='par_1_1' title="bbox 557 609 1957 690">
     <span class='ocr_line' id='line_1_1' title="bbox 557 609 1957 690; baseline -0.002 -16"><span class='ocrx_word' id='word_1_1' title='bbox 557 614 634 675; x_wconf 81' lang='lat'>1080</span> <span class='ocrx_word' id='word_1_2' title='bbox 1053 617 1267 678; x_wconf 75' lang='lat' dir='ltr'><strong>lalbssatct</strong></span> <span class='ocrx_word' id='word_1_3' title='bbox 1292 613 1464 676; x_wconf 78' lang='lat' dir='ltr'><strong>sacotlnt</strong></span> <span class='ocrx_word' id='word_1_4' title='bbox 1770 609 1851 690; x_wconf 71' lang='lat' dir='ltr'><strong>[llas.</strong></span> <span class='ocrx_word' id='word_1_5' title='bbox 1870 611 1957 672; x_wconf 63' lang='grc' dir='ltr'><strong>ΜΟ.</strong></span> 
     </span>
    </p>
   </div>
   <div class='ocr_carea' id='block_1_2' title="bbox 534 748 1960 4796">
    <p class='ocr_par' dir='ltr' id='par_1_2' title="bbox 534 748 1960 4796">
     <span class='ocr_line' id='line_1_2' title="bbox 553 748 1960 845; baseline 0.002 -23"><span class='ocrx_word' id='word_1_6' title='bbox 553 748 701 844; x_wconf 76' lang='lat' dir='ltr'><strong>sepulcri</strong></span> <span class='ocrx_word' id='word_1_7' title='bbox 715 751 772 822; x_wconf 89' lang='lat' dir='ltr'><strong>vel</strong></span> <span class='ocrx_word' id='word_1_8' title='bbox 786 749 909 822; x_wconf 81' lang='lat' dir='ltr'><strong>interni</strong></span> <span class='ocrx_word' id='word_1_9' title='bbox 926 753 1029 824; x_wconf 82' lang='lat' dir='ltr'><strong>iacies</strong></span> <span class='ocrx_word' id='word_1_10' title='bbox 1045 753 1163 824; x_wconf 80' lang='lat' dir='ltr'><strong>afferre</strong></span> <span class='ocrx_word' id='word_1_11' title='bbox 1179 751 1341 825; x_wconf 86' lang='lat' dir='ltr'><strong>videntur</strong></span> <span class='ocrx_word' id='word_1_12' title='bbox 1355 760 1391 823; x_wconf 92' lang='lat' dir='ltr'><strong>et</strong></span> <span class='ocrx_word' id='word_1_13' title='bbox 1403 757 1546 844; x_wconf 78' lang='lat' dir='ltr'>possunt</span> <span class='ocrx_word' id='word_1_14' title='bbox 1557 749 1672 845; x_wconf 89' lang='lat' dir='ltr'><strong>potius</strong></span> <span class='ocrx_word' id='word_1_15' title='bbox 1688 759 1839 822; x_wconf 88' lang='lat' dir='ltr'><strong>monstra</strong></span> <span class='ocrx_word' id='word_1_16' title='bbox 1856 773 1960 844; x_wconf 90' lang='lat' dir='ltr'><strong>quam</strong></span> 
     </span>
     <span class='ocr_line' id='line_1_3' title="bbox 553 871 1959 969; baseline 0.004 -26"><span class='ocrx_word' id='word_1_17' title='bbox 553 871 709 954; x_wconf 88' lang='lat' dir='ltr'><strong>homines</strong></span> <span class='ocrx_word' id='word_1_18' title='bbox 719 873 880 964; x_wconf 86' lang='lat' dir='ltr'><strong>judicari.</strong></span> <span class='ocrx_word' id='word_1_19' title='bbox 903 875 972 948; x_wconf 91' lang='lat' dir='ltr'><strong>Sed</strong></span> <span class='ocrx_word' id='word_1_20' title='bbox 988 897 1097 969; x_wconf 89' lang='lat' dir='ltr'><strong>quum</strong></span> <span class='ocrx_word' id='word_1_21' title='bbox 1113 876 1251 948; x_wconf 87' lang='lat' dir='ltr'><strong>metalla</strong></span> <span class='ocrx_word' id='word_1_22' title='bbox 1261 875 1413 969; x_wconf 90' lang='lat' dir='ltr'><strong>quelibet</strong></span> <span class='ocrx_word' id='word_1_23' title='bbox 1426 874 1462 944; x_wconf 91' lang='lat' dir='ltr'><strong>in</strong></span> <span class='ocrx_word' id='word_1_24' title='bbox 1473 874 1559 944; x_wconf 88' lang='lat' dir='ltr'><strong>mari</strong></span> <span class='ocrx_word' id='word_1_25' title='bbox 1572 873 1720 944; x_wconf 88' lang='lat' dir='ltr'><strong>naturali</strong></span> <span class='ocrx_word' id='word_1_26' title='bbox 1733 875 1848 947; x_wconf 89' lang='lat' dir='ltr'><strong>colore</strong></span> <span class='ocrx_word' id='word_1_27' title='bbox 1861 875 1959 948; x_wconf 81' lang='lat' dir='ltr'><strong>iuna·</strong></span> 
     </span>
     <span class='ocr_line' id='line_1_4' title="bbox 553 994 1956 1090; baseline 0.002 -25"><span class='ocrx_word' id='word_1_28' title='bbox 553 997 707 1068; x_wconf 89' lang='lat' dir='ltr'><strong>turaliter</strong></span> <span class='ocrx_word' id='word_1_29' title='bbox 724 995 888 1069; x_wconf 88' lang='lat' dir='ltr'><strong>destituta</strong></span> <span class='ocrx_word' id='word_1_30' title='bbox 904 999 1008 1070; x_wconf 87' lang='lat' dir='ltr'><strong>maris</strong></span> <span class='ocrx_word' id='word_1_31' title='bbox 1021 999 1185 1071; x_wconf 86' lang='lat' dir='ltr'><strong>violentia</strong></span> <span class='ocrx_word' id='word_1_32' title='bbox 1202 999 1349 1070; x_wconf 90' lang='lat' dir='ltr'><strong>oolorem</strong></span> <span class='ocrx_word' id='word_1_33' title='bbox 1372 1005 1539 1090; x_wconf 85' lang='lat' dir='ltr'><strong>eoguntur</strong></span> <span class='ocrx_word' id='word_1_34' title='bbox 1556 994 1700 1069; x_wconf 88' lang='lat' dir='ltr'><strong>induere</strong></span> <span class='ocrx_word' id='word_1_35' title='bbox 1717 997 1956 1090; x_wconf 84' lang='lat' dir='ltr'><strong>peregrinum,</strong></span> 
     </span>
     <span class='ocr_line' id='line_1_5' title="bbox 552 1119 1959 1214; baseline 0.001 -23"><span class='ocrx_word' id='word_1_36' title='bbox 552 1119 638 1212; x_wconf 90' lang='lat' dir='ltr'><strong>quid</strong></span> <span class='ocrx_word' id='word_1_37' title='bbox 654 1121 779 1191; x_wconf 91' lang='lat' dir='ltr'><strong>mirum</strong></span> <span class='ocrx_word' id='word_1_38' title='bbox 797 1121 827 1192; x_wconf 89' lang='lat' dir='ltr'><strong>si</strong></span> <span class='ocrx_word' id='word_1_39' title='bbox 843 1121 997 1214; x_wconf 88' lang='lat' dir='ltr'><strong>quolibet</strong></span> <span class='ocrx_word' id='word_1_40' title='bbox 1016 1133 1189 1194; x_wconf 90' lang='lat' dir='ltr'><strong>momento</strong></span> <span class='ocrx_word' id='word_1_41' title='bbox 1207 1121 1382 1193; x_wconf 89' lang='lat' dir='ltr'><strong>mutabilis</strong></span> <span class='ocrx_word' id='word_1_42' title='bbox 1398 1121 1549 1192; x_wconf 88' lang='lat' dir='ltr'><strong>humana</strong></span> <span class='ocrx_word' id='word_1_43' title='bbox 1567 1127 1690 1192; x_wconf 87' lang='lat' dir='ltr'><strong>natura</strong></span> <span class='ocrx_word' id='word_1_44' title='bbox 1707 1131 1859 1212; x_wconf 84' lang='lat' dir='ltr'><strong>nequeat</strong></span> <span class='ocrx_word' id='word_1_45' title='bbox 1878 1141 1959 1193; x_wconf 90' lang='lat' dir='ltr'><strong>sus·</strong></span> 
     </span>
     <span class='ocr_line' id='line_1_6' title="bbox 551 1243 1957 1340; baseline 0.004 -30"><span class='ocrx_word' id='word_1_46' title='bbox 551 1243 659 1316; x_wconf 89' lang='lat' dir='ltr'><strong>tinere</strong></span> <span class='ocrx_word' id='word_1_47' title='bbox 675 1243 772 1337; x_wconf 91' lang='lat' dir='ltr'><strong>quod</strong></span> <span class='ocrx_word' id='word_1_48' title='bbox 789 1245 1000 1317; x_wconf 89' lang='lat' dir='ltr'><strong>metallorum</strong></span> <span class='ocrx_word' id='word_1_49' title='bbox 1018 1267 1088 1318; x_wconf 95' lang='lat' dir='ltr'><strong>non</strong></span> <span class='ocrx_word' id='word_1_50' title='bbox 1107 1255 1218 1340; x_wconf 87' lang='lat' dir='ltr'><strong>potest</strong></span> <span class='ocrx_word' id='word_1_51' title='bbox 1235 1243 1480 1318; x_wconf 76' lang='lat' dir='ltr'><strong>insensibilitas</strong></span> <span class='ocrx_word' id='word_1_52' title='bbox 1500 1243 1665 1316; x_wconf 77' lang='lat' dir='ltr'><strong>tolerare?</strong></span> <span class='ocrx_word' id='word_1_53' title='bbox 1679 1243 1795 1314; x_wconf 84' lang='lat' dir='ltr'><strong>Facies</strong></span> <span class='ocrx_word' id='word_1_54' title='bbox 1813 1243 1858 1316; x_wconf 86' lang='lat' dir='ltr'><strong>de</strong></span> <span class='ocrx_word' id='word_1_55' title='bbox 1873 1245 1957 1316; x_wconf 86' lang='lat' dir='ltr'><strong>mari</strong></span> 
     </span>
     <span class='ocr_line' id='line_1_7' title="bbox 552 1367 1957 1464; baseline 0.001 -28"><span class='ocrx_word' id='word_1_56' title='bbox 552 1367 763 1438; x_wconf 89' lang='lat' dir='ltr'><strong>venientium</strong></span> <span class='ocrx_word' id='word_1_57' title='bbox 781 1368 890 1440; x_wconf 81' lang='lat' dir='ltr'><strong>forma</strong></span> <span class='ocrx_word' id='word_1_58' title='bbox 907 1369 1044 1464; x_wconf 88' lang='lat' dir='ltr'><strong>propria</strong></span> <span class='ocrx_word' id='word_1_59' title='bbox 1058 1367 1234 1454; x_wconf 90' lang='lat' dir='ltr'><strong>destitute,</strong></span> <span class='ocrx_word' id='word_1_60' title='bbox 1253 1369 1335 1463; x_wconf 88' lang='lat' dir='ltr'><strong>quia</strong></span> <span class='ocrx_word' id='word_1_61' title='bbox 1353 1367 1490 1439; x_wconf 89' lang='lat' dir='ltr'><strong>inmari</strong></span> <span class='ocrx_word' id='word_1_62' title='bbox 1509 1368 1626 1438; x_wconf 81' lang='lat' dir='ltr'><strong>formis</strong></span> <span class='ocrx_word' id='word_1_63' title='bbox 1643 1367 1791 1460; x_wconf 89' lang='lat' dir='ltr'><strong>propriis</strong></span> <span class='ocrx_word' id='word_1_64' title='bbox 1804 1367 1957 1438; x_wconf 87' lang='lat' dir='ltr'><strong>destituti</strong></span> 
     </span>
     <span class='ocr_line' id='line_1_8' title="bbox 551 1489 1957 1586; baseline 0.001 -26"><span class='ocrx_word' id='word_1_65' title='bbox 551 1489 676 1562; x_wconf 81' lang='lat' dir='ltr'><strong>formas</strong></span> <span class='ocrx_word' id='word_1_66' title='bbox 695 1491 808 1563; x_wconf 91' lang='lat' dir='ltr'><strong>nolitis</strong></span> <span class='ocrx_word' id='word_1_67' title='bbox 828 1492 982 1586; x_wconf 87' lang='lat' dir='ltr'><strong>recipere</strong></span> <span class='ocrx_word' id='word_1_68' title='bbox 1000 1493 1051 1564; x_wconf 90' lang='lat' dir='ltr'><strong>sic</strong></span> <span class='ocrx_word' id='word_1_69' title='bbox 1071 1491 1253 1565; x_wconf 77' lang='lat' dir='ltr'><strong>deformes.</strong></span> <span class='ocrx_word' id='word_1_70' title='bbox 1273 1493 1403 1564; x_wconf 85' lang='lat' dir='ltr'><strong>Verum</strong></span> <span class='ocrx_word' id='word_1_71' title='bbox 1423 1501 1463 1562; x_wconf 93' lang='lat' dir='ltr'><strong>ut</strong></span> <span class='ocrx_word' id='word_1_72' title='bbox 1481 1490 1718 1562; x_wconf 89' lang='lat' dir='ltr'><strong>inenarrabilis</strong></span> <span class='ocrx_word' id='word_1_73' title='bbox 1743 1491 1848 1562; x_wconf 82' lang='lat' dir='ltr'><strong>maris</strong></span> <span class='ocrx_word' id='word_1_74' title='bbox 1863 1491 1957 1585; x_wconf 90' lang='lat' dir='ltr'><strong>pori-</strong></span> 
     </span>
     <span class='ocr_line' id='line_1_9' title="bbox 550 1613 1955 1709; baseline 0.001 -25"><span class='ocrx_word' id='word_1_75' title='bbox 550 1613 704 1685; x_wconf 83' lang='lat' dir='ltr'><strong>culorum</strong></span> <span class='ocrx_word' id='word_1_76' title='bbox 734 1615 916 1709; x_wconf 83' lang='lat' dir='ltr'><strong>prolixitas</strong></span> <span class='ocrx_word' id='word_1_77' title='bbox 941 1617 1007 1688; x_wconf 90' lang='lat' dir='ltr'><strong>sub</strong></span> <span class='ocrx_word' id='word_1_78' title='bbox 1033 1616 1131 1688; x_wconf 87' lang='lat' dir='ltr'><strong>brevi</strong></span> <span class='ocrx_word' id='word_1_79' title='bbox 1156 1616 1339 1688; x_wconf 89' lang='lat' dir='ltr'><strong>locutionis</strong></span> <span class='ocrx_word' id='word_1_80' title='bbox 1368 1615 1508 1688; x_wconf 89' lang='lat' dir='ltr'><strong>oraculo</strong></span> <span class='ocrx_word' id='word_1_81' title='bbox 1532 1614 1777 1704; x_wconf 88' lang='lat' dir='ltr'><strong>concludatur,</strong></span> <span class='ocrx_word' id='word_1_82' title='bbox 1805 1614 1841 1684; x_wconf 96' lang='lat' dir='ltr'><strong>in</strong></span> <span class='ocrx_word' id='word_1_83' title='bbox 1870 1615 1955 1686; x_wconf 87' lang='lat' dir='ltr'><strong>mari</strong></span> 
     </span>
     <span class='ocr_line' id='line_1_10' title="bbox 549 1738 1955 1831; baseline 0.001 -22"><span class='ocrx_word' id='word_1_84' title='bbox 549 1757 684 1831; x_wconf 86' lang='lat' dir='ltr'><strong>semper</strong></span> <span class='ocrx_word' id='word_1_85' title='bbox 703 1738 860 1812; x_wconf 85' lang='lat' dir='ltr'><strong>imminet</strong></span> <span class='ocrx_word' id='word_1_86' title='bbox 876 1741 989 1811; x_wconf 88' lang='lat' dir='ltr'><strong>omnis</strong></span> <span class='ocrx_word' id='word_1_87' title='bbox 1004 1741 1117 1830; x_wconf 92' lang='lat' dir='ltr'><strong>timor,</strong></span> <span class='ocrx_word' id='word_1_88' title='bbox 1135 1741 1231 1812; x_wconf 85' lang='lat' dir='ltr'><strong>nulla</strong></span> <span class='ocrx_word' id='word_1_89' title='bbox 1246 1739 1425 1826; x_wconf 82' lang='lat' dir='ltr'><strong>securitas,</strong></span> <span class='ocrx_word' id='word_1_90' title='bbox 1444 1747 1557 1811; x_wconf 90' lang='lat' dir='ltr'><strong>motus</strong></span> <span class='ocrx_word' id='word_1_91' title='bbox 1573 1739 1770 1826; x_wconf 86' lang='lat' dir='ltr'><strong>continuus,</strong></span> <span class='ocrx_word' id='word_1_92' title='bbox 1791 1739 1885 1811; x_wconf 88' lang='lat' dir='ltr'><strong>nulla</strong></span> <span class='ocrx_word' id='word_1_93' title='bbox 1901 1759 1955 1810; x_wconf 88' lang='lat' dir='ltr'><strong>ru·</strong></span> 
     </span>
     <span class='ocr_line' id='line_1_11' title="bbox 550 1861 1954 1957; baseline 0.004 -26"><span class='ocrx_word' id='word_1_94' title='bbox 550 1861 667 1954; x_wconf 91' lang='lat' dir='ltr'><strong>quies,</strong></span> <span class='ocrx_word' id='word_1_95' title='bbox 697 1883 831 1957; x_wconf 86' lang='lat' dir='ltr'><strong>semper</strong></span> <span class='ocrx_word' id='word_1_96' title='bbox 854 1863 1061 1951; x_wconf 83' lang='lat' dir='ltr'><strong>adversitas,</strong></span> <span class='ocrx_word' id='word_1_97' title='bbox 1080 1884 1259 1956; x_wconf 88' lang='lat' dir='ltr'><strong>nunquam</strong></span> <span class='ocrx_word' id='word_1_98' title='bbox 1282 1861 1505 1957; x_wconf 91' lang='lat' dir='ltr'><strong>prosperitas,</strong></span> <span class='ocrx_word' id='word_1_99' title='bbox 1527 1883 1704 1954; x_wconf 90' lang='lat' dir='ltr'><strong>nunquam</strong></span> <span class='ocrx_word' id='word_1_100' title='bbox 1727 1863 1873 1950; x_wconf 91' lang='lat' dir='ltr'><strong>bonum,</strong></span> <span class='ocrx_word' id='word_1_101' title='bbox 1893 1865 1954 1937; x_wconf 83' lang='lat' dir='ltr'><strong>sed</strong></span> 
     </span>
     <span class='ocr_line' id='line_1_12' title="bbox 548 1963 1955 2080; baseline 0.003 -24"><span class='ocrx_word' id='word_1_102' title='bbox 548 1986 752 2078; x_wconf 76' lang='lat' dir='ltr'><strong>generaliter</strong></span> <span class='ocrx_word' id='word_1_103' title='bbox 769 2007 874 2059; x_wconf 92' lang='lat' dir='ltr'><strong>omne</strong></span> <span class='ocrx_word' id='word_1_104' title='bbox 889 1987 1030 2059; x_wconf 92' lang='lat' dir='ltr'><strong>malum.</strong></span> <span class='ocrx_word' id='word_1_105' title='bbox 1051 1989 1141 2059; x_wconf 91' lang='lat' dir='ltr'><strong>Sane</strong></span> <span class='ocrx_word' id='word_1_106' title='bbox 1162 2009 1242 2058; x_wconf 91' lang='lat' dir='ltr'><strong>cum</strong></span> <span class='ocrx_word' id='word_1_107' title='bbox 1264 1987 1333 2058; x_wconf 90' lang='lat' dir='ltr'><strong>siut</strong></span> <span class='ocrx_word' id='word_1_108' title='bbox 1349 1986 1453 2058; x_wconf 87' lang='lat' dir='ltr'><strong>maris</strong></span> <span class='ocrx_word' id='word_1_109' title='bbox 1467 1963 1619 2080; x_wconf 84' lang='lat' dir='ltr'><strong>pericula</strong></span> <span class='ocrx_word' id='word_1_110' title='bbox 1633 1995 1683 2058; x_wconf 89' lang='lat' dir='ltr'><strong>tot</strong></span> <span class='ocrx_word' id='word_1_111' title='bbox 1698 1995 1733 2058; x_wconf 89' lang='lat' dir='ltr'><strong>et</strong></span> <span class='ocrx_word' id='word_1_112' title='bbox 1750 1996 1843 2058; x_wconf 89' lang='lat' dir='ltr'><strong>tanta</strong></span> <span class='ocrx_word' id='word_1_113' title='bbox 1862 1988 1955 2080; x_wconf 87' lang='lat' dir='ltr'><strong>quod</strong></span> 
     </span>
     <span class='ocr_line' id='line_1_13' title="bbox 549 2107 1955 2204; baseline 0.004 -26"><span class='ocrx_word' id='word_1_114' title='bbox 549 2109 584 2178; x_wconf 94' lang='lat' dir='ltr'><strong>in</strong></span> <span class='ocrx_word' id='word_1_115' title='bbox 602 2117 751 2182; x_wconf 87' lang='lat' dir='ltr'><strong>mentem</strong></span> <span class='ocrx_word' id='word_1_116' title='bbox 770 2109 919 2182; x_wconf 89' lang='lat' dir='ltr'><strong>hominis</strong></span> <span class='ocrx_word' id='word_1_117' title='bbox 942 2131 1063 2182; x_wconf 88' lang='lat' dir='ltr'><strong>eorum</strong></span> <span class='ocrx_word' id='word_1_118' title='bbox 1086 2131 1153 2182; x_wconf 93' lang='lat' dir='ltr'><strong>nou</strong></span> <span class='ocrx_word' id='word_1_119' title='bbox 1174 2109 1281 2204; x_wconf 89' lang='lat' dir='ltr'><strong>possit</strong></span> <span class='ocrx_word' id='word_1_120' title='bbox 1305 2107 1430 2182; x_wconf 89' lang='lat' dir='ltr'><strong>cadere</strong></span> <span class='ocrx_word' id='word_1_121' title='bbox 1449 2107 1651 2200; x_wconf 91' lang='lat' dir='ltr'><strong>multitudo,</strong></span> <span class='ocrx_word' id='word_1_122' title='bbox 1673 2110 1889 2202; x_wconf 86' lang='lat' dir='ltr'><strong>pretermisso</strong></span> <span class='ocrx_word' id='word_1_123' title='bbox 1911 2110 1955 2183; x_wconf 87' lang='lat' dir='ltr'><strong>de</strong></span> 
     </span>
     <span class='ocr_line' id='line_1_14' title="bbox 548 2231 1954 2328; baseline 0.004 -26"><span class='ocrx_word' id='word_1_124' title='bbox 548 2232 722 2324; x_wconf 86' lang='lat' dir='ltr'><strong>generali,</strong></span> <span class='ocrx_word' id='word_1_125' title='bbox 755 2231 800 2305; x_wconf 87' lang='lat' dir='ltr'><strong>ad</strong></span> <span class='ocrx_word' id='word_1_126' title='bbox 830 2233 992 2326; x_wconf 88' lang='lat' dir='ltr'><strong>specialia</strong></span> <span class='ocrx_word' id='word_1_127' title='bbox 1018 2232 1236 2306; x_wconf 89' lang='lat' dir='ltr'><strong>discutienda</strong></span> <span class='ocrx_word' id='word_1_128' title='bbox 1265 2233 1309 2306; x_wconf 90' lang='lat' dir='ltr'><strong>de</strong></span> <span class='ocrx_word' id='word_1_129' title='bbox 1334 2232 1480 2326; x_wconf 88' lang='lat' dir='ltr'><strong>singulis</strong></span> <span class='ocrx_word' id='word_1_130' title='bbox 1503 2231 1748 2323; x_wconf 86' lang='lat' dir='ltr'><strong>descendatur,</strong></span> <span class='ocrx_word' id='word_1_131' title='bbox 1777 2234 1954 2328; x_wconf 89' lang='lat' dir='ltr'><strong>primoque</strong></span> 
     </span>
     <span class='ocr_line' id='line_1_15' title="bbox 547 2354 1954 2452; baseline 0.001 -24"><span class='ocrx_word' id='word_1_132' title='bbox 547 2355 592 2429; x_wconf 91' lang='lat' dir='ltr'><strong>de</strong></span> <span class='ocrx_word' id='word_1_133' title='bbox 615 2355 736 2450; x_wconf 91' lang='lat' dir='ltr'><strong>primis</strong></span> <span class='ocrx_word' id='word_1_134' title='bbox 757 2357 1016 2429; x_wconf 89' lang='lat' dir='ltr'><strong>occurrentibus</strong></span> <span class='ocrx_word' id='word_1_135' title='bbox 1036 2354 1202 2451; x_wconf 89' lang='lat' dir='ltr'><strong>providus</strong></span> <span class='ocrx_word' id='word_1_136' title='bbox 1221 2357 1267 2428; x_wconf 92' lang='lat' dir='ltr'><strong>sit</strong></span> <span class='ocrx_word' id='word_1_137' title='bbox 1283 2365 1459 2428; x_wconf 86' lang='lat' dir='ltr'><strong>tractatus.</strong></span> <span class='ocrx_word' id='word_1_138' title='bbox 1481 2356 1583 2427; x_wconf 89' lang='lat' dir='ltr'><strong>Venit</strong></span> <span class='ocrx_word' id='word_1_139' title='bbox 1601 2355 1745 2448; x_wconf 89' lang='lat' dir='ltr'><strong>quidem</strong></span> <span class='ocrx_word' id='word_1_140' title='bbox 1767 2379 1788 2427; x_wconf 88' lang='lat' dir='ltr'><strong>a</strong></span> <span class='ocrx_word' id='word_1_141' title='bbox 1811 2367 1954 2452; x_wconf 78' lang='lat' dir='ltr'><strong>tyranno</strong></span> 
     </span>
     <span class='ocr_line' id='line_1_16' title="bbox 546 2479 1954 2575; baseline 0.001 -22"><span class='ocrx_word' id='word_1_142' title='bbox 546 2480 740 2567; x_wconf 86' lang='lat' dir='ltr'><strong>sevissimo,</strong></span> <span class='ocrx_word' id='word_1_143' title='bbox 759 2480 796 2551; x_wconf 93' lang='lat' dir='ltr'><strong>in</strong></span> <span class='ocrx_word' id='word_1_144' title='bbox 811 2489 900 2554; x_wconf 84' lang='lat' dir='ltr'><strong>terra</strong></span> <span class='ocrx_word' id='word_1_145' title='bbox 915 2481 1152 2575; x_wconf 88' lang='lat' dir='ltr'><strong>potentissimo</strong></span> <span class='ocrx_word' id='word_1_146' title='bbox 1167 2491 1202 2552; x_wconf 93' lang='lat' dir='ltr'><strong>et</strong></span> <span class='ocrx_word' id='word_1_147' title='bbox 1219 2481 1255 2550; x_wconf 95' lang='lat' dir='ltr'><strong>in</strong></span> <span class='ocrx_word' id='word_1_148' title='bbox 1272 2481 1371 2568; x_wconf 90' lang='lat' dir='ltr'><strong>mari,</strong></span> <span class='ocrx_word' id='word_1_149' title='bbox 1391 2489 1483 2551; x_wconf 88' lang='lat' dir='ltr'><strong>certe</strong></span> <span class='ocrx_word' id='word_1_150' title='bbox 1495 2479 1732 2573; x_wconf 83' lang='lat' dir='ltr'><strong>prohibitionis</strong></span> <span class='ocrx_word' id='word_1_151' title='bbox 1748 2479 1898 2552; x_wconf 88' lang='lat' dir='ltr'><strong>edictum</strong></span> <span class='ocrx_word' id='word_1_152' title='bbox 1916 2495 1954 2554; x_wconf 92' lang='lat' dir='ltr'><strong>ut</strong></span> 
     </span>
     <span class='ocr_line' id='line_1_17' title="bbox 547 2601 1953 2698; baseline 0.001 -22"><span class='ocrx_word' id='word_1_153' title='bbox 547 2605 667 2698; x_wconf 90' lang='lat' dir='ltr'><strong>siquis</strong></span> <span class='ocrx_word' id='word_1_154' title='bbox 681 2603 774 2676; x_wconf 85' lang='lat' dir='ltr'><strong>viam</strong></span> <span class='ocrx_word' id='word_1_155' title='bbox 791 2627 896 2698; x_wconf 91' lang='lat' dir='ltr'><strong>quam</strong></span> <span class='ocrx_word' id='word_1_156' title='bbox 911 2604 1024 2676; x_wconf 88' lang='lat' dir='ltr'><strong>velitis</strong></span> <span class='ocrx_word' id='word_1_157' title='bbox 1035 2603 1194 2676; x_wconf 87' lang='lat' dir='ltr'><strong>incedere</strong></span> <span class='ocrx_word' id='word_1_158' title='bbox 1207 2613 1382 2698; x_wconf 88' lang='lat' dir='ltr'><strong>presumat</strong></span> <span class='ocrx_word' id='word_1_159' title='bbox 1394 2602 1544 2697; x_wconf 80' lang='lat' dir='ltr'><strong>ingredi,</strong></span> <span class='ocrx_word' id='word_1_160' title='bbox 1558 2601 1603 2675; x_wconf 92' lang='lat' dir='ltr'><strong>de</strong></span> <span class='ocrx_word' id='word_1_161' title='bbox 1613 2605 1769 2698; x_wconf 88' lang='lat' dir='ltr'><strong>personis</strong></span> <span class='ocrx_word' id='word_1_162' title='bbox 1783 2605 1839 2676; x_wconf 88' lang='lat' dir='ltr'><strong>vel</strong></span> <span class='ocrx_word' id='word_1_163' title='bbox 1851 2606 1953 2679; x_wconf 87' lang='lat' dir='ltr'><strong>rebus</strong></span> 
     </span>
     <span class='ocr_line' id='line_1_18' title="bbox 546 2725 1952 2822; baseline 0.002 -23"><span class='ocrx_word' id='word_1_164' title='bbox 546 2727 765 2820; x_wconf 87' lang='lat' dir='ltr'><strong>aliquatenus</strong></span> <span class='ocrx_word' id='word_1_165' title='bbox 781 2749 853 2799; x_wconf 93' lang='lat' dir='ltr'><strong>non</strong></span> <span class='ocrx_word' id='word_1_166' title='bbox 874 2727 1037 2802; x_wconf 86' lang='lat' dir='ltr'><strong>confidat.</strong></span> <span class='ocrx_word' id='word_1_167' title='bbox 1058 2727 1143 2812; x_wconf 89' lang='lat' dir='ltr'><strong>Quis</strong></span> <span class='ocrx_word' id='word_1_168' title='bbox 1156 2728 1260 2821; x_wconf 87' lang='lat' dir='ltr'><strong>igitur</strong></span> <span class='ocrx_word' id='word_1_169' title='bbox 1281 2729 1357 2820; x_wconf 89' lang='lat' dir='ltr'><strong>ejus</strong></span> <span class='ocrx_word' id='word_1_170' title='bbox 1374 2725 1509 2799; x_wconf 90' lang='lat' dir='ltr'><strong>insidiis</strong></span> <span class='ocrx_word' id='word_1_171' title='bbox 1522 2749 1560 2800; x_wconf 88' lang='lat' dir='ltr'><strong>se</strong></span> <span class='ocrx_word' id='word_1_172' title='bbox 1572 2729 1745 2820; x_wconf 82' lang='lat' dir='ltr'><strong>exponet?</strong></span> <span class='ocrx_word' id='word_1_173' title='bbox 1763 2731 1844 2822; x_wconf 88' lang='lat' dir='ltr'><strong>quis</strong></span> <span class='ocrx_word' id='word_1_174' title='bbox 1863 2729 1952 2803; x_wconf 91' lang='lat' dir='ltr'><strong>illius</strong></span> 
     </span>
     <span class='ocr_line' id='line_1_19' title="bbox 547 2851 1953 2948; baseline 0.002 -27"><span class='ocrx_word' id='word_1_175' title='bbox 547 2851 679 2944; x_wconf 91' lang='lat' dir='ltr'><strong>laqueis</strong></span> <span class='ocrx_word' id='word_1_176' title='bbox 694 2871 733 2924; x_wconf 88' lang='lat' dir='ltr'><strong>ss</strong></span> <span class='ocrx_word' id='word_1_177' title='bbox 746 2853 899 2925; x_wconf 88' lang='lat' dir='ltr'><strong>involvet</strong></span> <span class='ocrx_word' id='word_1_178' title='bbox 911 2853 972 2946; x_wconf 90' lang='lat' dir='ltr'><strong>qui</strong></span> <span class='ocrx_word' id='word_1_179' title='bbox 991 2851 1189 2924; x_wconf 90' lang='lat' dir='ltr'><strong>dominatur</strong></span> <span class='ocrx_word' id='word_1_180' title='bbox 1200 2853 1236 2922; x_wconf 94' lang='lat' dir='ltr'><strong>in</strong></span> <span class='ocrx_word' id='word_1_181' title='bbox 1253 2862 1361 2942; x_wconf 90' lang='lat' dir='ltr'><strong>terra,</strong></span> <span class='ocrx_word' id='word_1_182' title='bbox 1377 2851 1592 2945; x_wconf 89' lang='lat' dir='ltr'><strong>principatur</strong></span> <span class='ocrx_word' id='word_1_183' title='bbox 1609 2851 1645 2922; x_wconf 93' lang='lat' dir='ltr'><strong>in</strong></span> <span class='ocrx_word' id='word_1_184' title='bbox 1660 2853 1747 2922; x_wconf 92' lang='lat' dir='ltr'><strong>mari</strong></span> <span class='ocrx_word' id='word_1_185' title='bbox 1761 2861 1797 2924; x_wconf 91' lang='lat' dir='ltr'><strong>et</strong></span> <span class='ocrx_word' id='word_1_186' title='bbox 1810 2853 1953 2948; x_wconf 88' lang='lat' dir='ltr'><strong>imperat</strong></span> 
     </span>
     <span class='ocr_line' id='line_1_20' title="bbox 546 2973 1951 3071; baseline 0.004 -27"><span class='ocrx_word' id='word_1_187' title='bbox 546 2974 582 3044; x_wconf 95' lang='lat' dir='ltr'><strong>iu</strong></span> <span class='ocrx_word' id='word_1_188' title='bbox 600 2983 763 3070; x_wconf 88' lang='lat' dir='ltr'><strong>utroque,</strong></span> <span class='ocrx_word' id='word_1_189' title='bbox 778 2975 840 3070; x_wconf 90' lang='lat' dir='ltr'><strong>qui</strong></span> <span class='ocrx_word' id='word_1_190' title='bbox 858 2973 1024 3070; x_wconf 86' lang='lat' dir='ltr'><strong>prodigus</strong></span> <span class='ocrx_word' id='word_1_191' title='bbox 1044 2984 1098 3047; x_wconf 88' lang='lat' dir='ltr'><strong>est</strong></span> <span class='ocrx_word' id='word_1_192' title='bbox 1113 2975 1148 3046; x_wconf 95' lang='lat' dir='ltr'><strong>in</strong></span> <span class='ocrx_word' id='word_1_193' title='bbox 1164 2997 1270 3069; x_wconf 91' lang='lat' dir='ltr'><strong>pena,</strong></span> <span class='ocrx_word' id='word_1_194' title='bbox 1293 2995 1419 3069; x_wconf 87' lang='lat' dir='ltr'><strong>parcus</strong></span> <span class='ocrx_word' id='word_1_195' title='bbox 1438 2973 1690 3064; x_wconf 89' lang='lat' dir='ltr'><strong>misericordia,</strong></span> <span class='ocrx_word' id='word_1_196' title='bbox 1709 2975 1825 3048; x_wconf 82' lang='lat' dir='ltr'><strong>surore</strong></span> <span class='ocrx_word' id='word_1_197' title='bbox 1842 2977 1951 3071; x_wconf 88' lang='lat' dir='ltr'><strong>reple·</strong></span> 
     </span>
     <span class='ocr_line' id='line_1_21' title="bbox 545 3096 1948 3193; baseline 0.001 -25"><span class='ocrx_word' id='word_1_198' title='bbox 545 3105 620 3188; x_wconf 90' lang='lat' dir='ltr'><strong>tus,</strong></span> <span class='ocrx_word' id='word_1_199' title='bbox 646 3098 774 3193; x_wconf 89' lang='lat' dir='ltr'><strong>pietate</strong></span> <span class='ocrx_word' id='word_1_200' title='bbox 796 3097 980 3187; x_wconf 87' lang='lat' dir='ltr'><strong>deficiens,</strong></span> <span class='ocrx_word' id='word_1_201' title='bbox 1002 3100 1110 3171; x_wconf 89' lang='lat' dir='ltr'><strong>verbo</strong></span> <span class='ocrx_word' id='word_1_202' title='bbox 1135 3099 1259 3184; x_wconf 85' lang='lat' dir='ltr'><strong>falsus,</strong></span> <span class='ocrx_word' id='word_1_203' title='bbox 1280 3117 1384 3193; x_wconf 89' lang='lat' dir='ltr'><strong>opere</strong></span> <span class='ocrx_word' id='word_1_204' title='bbox 1402 3097 1641 3192; x_wconf 78' lang='lat' dir='ltr'><strong>imperfectus,</strong></span> <span class='ocrx_word' id='word_1_205' title='bbox 1668 3096 1769 3169; x_wconf 82' lang='lat' dir='ltr'><strong>viciis</strong></span> <span class='ocrx_word' id='word_1_206' title='bbox 1793 3097 1948 3186; x_wconf 84' lang='lat' dir='ltr'><strong>deditus,</strong></span> 
     </span>
     <span class='ocr_line' id='line_1_22' title="bbox 545 3219 1946 3314; baseline 0.003 -24"><span class='ocrx_word' id='word_1_207' title='bbox 545 3221 690 3292; x_wconf 91' lang='lat' dir='ltr'><strong>Domino</strong></span> <span class='ocrx_word' id='word_1_208' title='bbox 704 3219 903 3309; x_wconf 87' lang='lat' dir='ltr'><strong>indevotus,</strong></span> <span class='ocrx_word' id='word_1_209' title='bbox 920 3221 1123 3294; x_wconf 88' lang='lat' dir='ltr'><strong>crudelitate</strong></span> <span class='ocrx_word' id='word_1_210' title='bbox 1135 3220 1486 3310; x_wconf 81' lang='lat' dir='ltr'><strong>secundusllerodes,</strong></span> <span class='ocrx_word' id='word_1_211' title='bbox 1502 3219 1733 3314; x_wconf 88' lang='lat' dir='ltr'><strong>impietatibus</strong></span> <span class='ocrx_word' id='word_1_212' title='bbox 1746 3221 1831 3292; x_wconf 82' lang='lat' dir='ltr'><strong>alter</strong></span> <span class='ocrx_word' id='word_1_213' title='bbox 1844 3221 1946 3310; x_wconf 78' lang='lat' dir='ltr'><strong>Nero3</strong></span> 
     </span>
     <span class='ocr_line' id='line_1_23' title="bbox 545 3343 1951 3439; baseline 0.001 -25"><span class='ocrx_word' id='word_1_214' title='bbox 545 3343 702 3438; x_wconf 92' lang='lat' dir='ltr'><strong>quicum</strong></span> <span class='ocrx_word' id='word_1_215' title='bbox 727 3365 749 3415; x_wconf 84' lang='lat' dir='ltr'><strong>a</strong></span> <span class='ocrx_word' id='word_1_216' title='bbox 772 3347 857 3416; x_wconf 87' lang='lat' dir='ltr'><strong>mari</strong></span> <span class='ocrx_word' id='word_1_217' title='bbox 881 3367 994 3439; x_wconf 91' lang='lat' dir='ltr'><strong>usque</strong></span> <span class='ocrx_word' id='word_1_218' title='bbox 1014 3343 1060 3418; x_wconf 94' lang='lat' dir='ltr'><strong>ad</strong></span> <span class='ocrx_word' id='word_1_219' title='bbox 1077 3367 1172 3418; x_wconf 85' lang='lat' dir='ltr'><strong>mars</strong></span> <span class='ocrx_word' id='word_1_220' title='bbox 1192 3355 1305 3439; x_wconf 84' lang='lat' dir='ltr'><strong>preter</strong></span> <span class='ocrx_word' id='word_1_221' title='bbox 1328 3345 1474 3417; x_wconf 86' lang='lat' dir='ltr'><strong>lanuam</strong></span> <span class='ocrx_word' id='word_1_222' title='bbox 1499 3343 1673 3437; x_wconf 88' lang='lat' dir='ltr'><strong>possideat</strong></span> <span class='ocrx_word' id='word_1_223' title='bbox 1692 3363 1812 3415; x_wconf 80' lang='lat' dir='ltr'><strong>omues</strong></span> <span class='ocrx_word' id='word_1_224' title='bbox 1836 3353 1951 3438; x_wconf 87' lang='lat' dir='ltr'><strong>portus</strong></span> 
     </span>
     <span class='ocr_line' id='line_1_24' title="bbox 534 3465 1950 3562; baseline 0.002 -25"><span class='ocrx_word' id='word_1_225' title='bbox 534 3474 737 3561; x_wconf 85' lang='lat' dir='ltr'><strong>puteusque</strong></span> <span class='ocrx_word' id='word_1_226' title='bbox 758 3467 853 3539; x_wconf 89' lang='lat' dir='ltr'><strong>sitin</strong></span> <span class='ocrx_word' id='word_1_227' title='bbox 873 3469 1012 3562; x_wconf 88' lang='lat' dir='ltr'><strong>navigio</strong></span> <span class='ocrx_word' id='word_1_228' title='bbox 1027 3477 1063 3542; x_wconf 88' lang='lat' dir='ltr'><strong>et</strong></span> <span class='ocrx_word' id='word_1_229' title='bbox 1080 3469 1118 3540; x_wconf 94' lang='lat' dir='ltr'><strong>in</strong></span> <span class='ocrx_word' id='word_1_230' title='bbox 1134 3470 1256 3558; x_wconf 89' lang='lat' dir='ltr'><strong>armis,</strong></span> <span class='ocrx_word' id='word_1_231' title='bbox 1272 3466 1318 3540; x_wconf 89' lang='lat' dir='ltr'><strong>de</strong></span> <span class='ocrx_word' id='word_1_232' title='bbox 1335 3467 1434 3556; x_wconf 89' lang='lat' dir='ltr'><strong>Pisis,</strong></span> <span class='ocrx_word' id='word_1_233' title='bbox 1453 3465 1611 3556; x_wconf 90' lang='lat' dir='ltr'><strong>Corneto,</strong></span> <span class='ocrx_word' id='word_1_234' title='bbox 1627 3465 1768 3562; x_wconf 84' lang='lat' dir='ltr'><strong>Neapoli</strong></span> <span class='ocrx_word' id='word_1_235' title='bbox 1784 3475 1820 3541; x_wconf 89' lang='lat' dir='ltr'><strong>et</strong></span> <span class='ocrx_word' id='word_1_236' title='bbox 1835 3466 1950 3540; x_wconf 80' lang='lat' dir='ltr'><strong>Gaieta</strong></span> 
     </span>
     <span class='ocr_line' id='line_1_25' title="bbox 545 3589 1950 3686; baseline -0.001 -22"><span class='ocrx_word' id='word_1_237' title='bbox 545 3610 586 3664; x_wconf 86' lang='lat' dir='ltr'><strong>ae</strong></span> <span class='ocrx_word' id='word_1_238' title='bbox 601 3589 678 3662; x_wconf 91' lang='lat' dir='ltr'><strong>aliis</strong></span> <span class='ocrx_word' id='word_1_239' title='bbox 690 3591 889 3685; x_wconf 86' lang='lat' dir='ltr'><strong>regionibus</strong></span> <span class='ocrx_word' id='word_1_240' title='bbox 906 3601 1037 3665; x_wconf 89' lang='lat' dir='ltr'><strong>tantam</strong></span> <span class='ocrx_word' id='word_1_241' title='bbox 1053 3591 1099 3665; x_wconf 91' lang='lat' dir='ltr'><strong>ad</strong></span> <span class='ocrx_word' id='word_1_242' title='bbox 1114 3591 1348 3665; x_wconf 85' lang='lat' dir='ltr'><strong>insidiandum</strong></span> <span class='ocrx_word' id='word_1_243' title='bbox 1367 3590 1469 3664; x_wconf 85' lang='lat' dir='ltr'><strong>vobis</strong></span> <span class='ocrx_word' id='word_1_244' title='bbox 1482 3590 1706 3684; x_wconf 82' lang='lat' dir='ltr'><strong>congregabit</strong></span> <span class='ocrx_word' id='word_1_245' title='bbox 1725 3591 1862 3686; x_wconf 86' lang='lat' dir='ltr'><strong>copiam</strong></span> <span class='ocrx_word' id='word_1_246' title='bbox 1883 3613 1950 3684; x_wconf 87' lang='lat' dir='ltr'><strong>ga-</strong></span> 
     </span>
     <span class='ocr_line' id='line_1_26' title="bbox 544 3712 1949 3810; baseline 0.003 -28"><span class='ocrx_word' id='word_1_247' title='bbox 544 3712 675 3785; x_wconf 90' lang='lat' dir='ltr'><strong>learum</strong></span> <span class='ocrx_word' id='word_1_248' title='bbox 687 3735 765 3785; x_wconf 90' lang='lat' dir='ltr'><strong>cum</strong></span> <span class='ocrx_word' id='word_1_249' title='bbox 779 3724 875 3788; x_wconf 87' lang='lat' dir='ltr'><strong>tanta</strong></span> <span class='ocrx_word' id='word_1_250' title='bbox 885 3715 1106 3788; x_wconf 90' lang='lat' dir='ltr'><strong>multitudiue</strong></span> <span class='ocrx_word' id='word_1_251' title='bbox 1119 3715 1308 3810; x_wconf 87' lang='lat' dir='ltr'><strong>piratarum</strong></span> <span class='ocrx_word' id='word_1_252' title='bbox 1327 3722 1362 3787; x_wconf 90' lang='lat' dir='ltr'><strong>et</strong></span> <span class='ocrx_word' id='word_1_253' title='bbox 1374 3713 1614 3786; x_wconf 88' lang='lat' dir='ltr'><strong>habundantia</strong></span> <span class='ocrx_word' id='word_1_254' title='bbox 1629 3723 1837 3786; x_wconf 89' lang='lat' dir='ltr'><strong>armatorum</strong></span> <span class='ocrx_word' id='word_1_255' title='bbox 1854 3713 1949 3808; x_wconf 88' lang='lat' dir='ltr'><strong>quod</strong></span> 
     </span>
     <span class='ocr_line' id='line_1_27' title="bbox 544 3835 1949 3934; baseline 0.003 -28"><span class='ocrx_word' id='word_1_256' title='bbox 544 3835 688 3908; x_wconf 90' lang='lat' dir='ltr'><strong>transire</strong></span> <span class='ocrx_word' id='word_1_257' title='bbox 698 3839 883 3932; x_wconf 86' lang='lat' dir='ltr'><strong>nequibitis</strong></span> <span class='ocrx_word' id='word_1_258' title='bbox 895 3839 980 3933; x_wconf 90' lang='lat' dir='ltr'><strong>quin</strong></span> <span class='ocrx_word' id='word_1_259' title='bbox 993 3839 1030 3910; x_wconf 94' lang='lat' dir='ltr'><strong>in</strong></span> <span class='ocrx_word' id='word_1_260' title='bbox 1049 3848 1248 3934; x_wconf 89' lang='lat' dir='ltr'><strong>preparatas</strong></span> <span class='ocrx_word' id='word_1_261' title='bbox 1263 3837 1408 3911; x_wconf 86' lang='lat' dir='ltr'><strong>insidias</strong></span> <span class='ocrx_word' id='word_1_262' title='bbox 1420 3836 1594 3910; x_wconf 90' lang='lat' dir='ltr'><strong>incidatis.</strong></span> <span class='ocrx_word' id='word_1_263' title='bbox 1611 3837 1754 3922; x_wconf 85' lang='lat' dir='ltr'><strong>Quodsi</strong></span> <span class='ocrx_word' id='word_1_264' title='bbox 1767 3858 1829 3931; x_wconf 91' lang='lat' dir='ltr'><strong>per</strong></span> <span class='ocrx_word' id='word_1_265' title='bbox 1846 3838 1949 3910; x_wconf 67' lang='lat' dir='ltr'><strong>maru</strong></span> 
     </span>
     <span class='ocr_line' id='line_1_28' title="bbox 543 3957 1948 4055; baseline 0.002 -25"><span class='ocrx_word' id='word_1_266' title='bbox 543 3957 761 4033; x_wconf 91' lang='lat' dir='ltr'><strong>latitudinem</strong></span> <span class='ocrx_word' id='word_1_267' title='bbox 774 3961 1024 4055; x_wconf 89' lang='lat' dir='ltr'><strong>aliquantulum</strong></span> <span class='ocrx_word' id='word_1_268' title='bbox 1041 3961 1276 4035; x_wconf 88' lang='lat' dir='ltr'><strong>insidiantium</strong></span> <span class='ocrx_word' id='word_1_269' title='bbox 1297 3961 1412 4034; x_wconf 85' lang='lat' dir='ltr'><strong>vitetis</strong></span> <span class='ocrx_word' id='word_1_270' title='bbox 1427 3981 1587 4044; x_wconf 88' lang='lat' dir='ltr'><strong>eorsum,</strong></span> <span class='ocrx_word' id='word_1_271' title='bbox 1607 3959 1748 4033; x_wconf 88' lang='lat' dir='ltr'><strong>tandem</strong></span> <span class='ocrx_word' id='word_1_272' title='bbox 1769 3971 1884 4034; x_wconf 89' lang='lat' dir='ltr'><strong>tumen</strong></span> <span class='ocrx_word' id='word_1_273' title='bbox 1903 3959 1948 4033; x_wconf 92' lang='lat' dir='ltr'><strong>ad</strong></span> 
     </span>
     <span class='ocr_line' id='line_1_29' title="bbox 544 4083 1947 4180; baseline 0 -26"><span class='ocrx_word' id='word_1_274' title='bbox 544 4091 678 4176; x_wconf 92' lang='lat' dir='ltr'><strong>portum</strong></span> <span class='ocrx_word' id='word_1_275' title='bbox 695 4106 767 4177; x_wconf 91' lang='lat' dir='ltr'><strong>quo</strong></span> <span class='ocrx_word' id='word_1_276' title='bbox 783 4084 921 4158; x_wconf 88' lang='lat' dir='ltr'><strong>tenditis</strong></span> <span class='ocrx_word' id='word_1_277' title='bbox 940 4084 1106 4159; x_wconf 87' lang='lat' dir='ltr'><strong>accedere</strong></span> <span class='ocrx_word' id='word_1_278' title='bbox 1121 4105 1185 4158; x_wconf 88' lang='lat' dir='ltr'><strong>vos</strong></span> <span class='ocrx_word' id='word_1_279' title='bbox 1198 4093 1349 4180; x_wconf 86' lang='lat' dir='ltr'><strong>oportet,</strong></span> <span class='ocrx_word' id='word_1_280' title='bbox 1375 4084 1410 4155; x_wconf 94' lang='lat' dir='ltr'><strong>in</strong></span> <span class='ocrx_word' id='word_1_281' title='bbox 1431 4105 1503 4177; x_wconf 89' lang='lat' dir='ltr'><strong>quo</strong></span> <span class='ocrx_word' id='word_1_282' title='bbox 1522 4093 1575 4156; x_wconf 89' lang='lat' dir='ltr'><strong>est</strong></span> <span class='ocrx_word' id='word_1_283' title='bbox 1598 4083 1708 4177; x_wconf 90' lang='lat' dir='ltr'><strong>ipsius</strong></span> <span class='ocrx_word' id='word_1_284' title='bbox 1725 4091 1876 4178; x_wconf 78' lang='lat' dir='ltr'><strong>potestas</strong></span> <span class='ocrx_word' id='word_1_285' title='bbox 1891 4084 1947 4156; x_wconf 87' lang='lat' dir='ltr'><strong>cui</strong></span> 
     </span>
     <span class='ocr_line' id='line_1_30' title="bbox 543 4207 1949 4304; baseline 0.001 -27"><span class='ocrx_word' id='word_1_286' title='bbox 543 4207 672 4280; x_wconf 90' lang='lat' dir='ltr'><strong>nullius</strong></span> <span class='ocrx_word' id='word_1_287' title='bbox 687 4210 915 4304; x_wconf 86' lang='lat' dir='ltr'><strong>repugnantia</strong></span> <span class='ocrx_word' id='word_1_288' title='bbox 932 4219 1162 4304; x_wconf 87' lang='lat' dir='ltr'><strong>repugnetur,</strong></span> <span class='ocrx_word' id='word_1_289' title='bbox 1180 4210 1265 4282; x_wconf 90' lang='lat' dir='ltr'><strong>etin</strong></span> <span class='ocrx_word' id='word_1_290' title='bbox 1281 4209 1356 4304; x_wconf 89' lang='lat' dir='ltr'><strong>ipso</strong></span> <span class='ocrx_word' id='word_1_291' title='bbox 1373 4215 1473 4302; x_wconf 91' lang='lat' dir='ltr'><strong>portu</strong></span> <span class='ocrx_word' id='word_1_292' title='bbox 1485 4229 1564 4278; x_wconf 92' lang='lat' dir='ltr'><strong>cum</strong></span> <span class='ocrx_word' id='word_1_293' title='bbox 1579 4207 1742 4279; x_wconf 87' lang='lat' dir='ltr'><strong>veneritis</strong></span> <span class='ocrx_word' id='word_1_294' title='bbox 1760 4229 1823 4280; x_wconf 85' lang='lat' dir='ltr'><strong>vos</strong></span> <span class='ocrx_word' id='word_1_295' title='bbox 1839 4207 1949 4302; x_wconf 90' lang='lat' dir='ltr'><strong>capiet</strong></span> 
     </span>
     <span class='ocr_line' id='line_1_31' title="bbox 542 4327 1946 4426; baseline 0 -26"><span class='ocrx_word' id='word_1_296' title='bbox 542 4327 598 4402; x_wconf 89' lang='lat' dir='ltr'><strong>vel</strong></span> <span class='ocrx_word' id='word_1_297' title='bbox 615 4331 779 4422; x_wconf 85' lang='lat' dir='ltr'><strong>subjugat</strong></span> <span class='ocrx_word' id='word_1_298' title='bbox 795 4335 851 4404; x_wconf 91' lang='lat' dir='ltr'><strong>vel</strong></span> <span class='ocrx_word' id='word_1_299' title='bbox 869 4333 906 4404; x_wconf 96' lang='lat' dir='ltr'><strong>iu</strong></span> <span class='ocrx_word' id='word_1_300' title='bbox 922 4341 1011 4406; x_wconf 86' lang='lat' dir='ltr'><strong>terra</strong></span> <span class='ocrx_word' id='word_1_301' title='bbox 1033 4335 1109 4426; x_wconf 87' lang='lat' dir='ltr'><strong>ejus</strong></span> <span class='ocrx_word' id='word_1_302' title='bbox 1125 4355 1211 4406; x_wconf 89' lang='lat' dir='ltr'><strong>aura</strong></span> <span class='ocrx_word' id='word_1_303' title='bbox 1228 4333 1315 4405; x_wconf 82' lang='lat' dir='ltr'><strong>forte</strong></span> <span class='ocrx_word' id='word_1_304' title='bbox 1334 4331 1501 4403; x_wconf 87' lang='lat' dir='ltr'><strong>contraria</strong></span> <span class='ocrx_word' id='word_1_305' title='bbox 1514 4333 1585 4402; x_wconf 71' lang='lat' dir='ltr'><strong>‘vos</strong></span> <span class='ocrx_word' id='word_1_306' title='bbox 1603 4330 1772 4424; x_wconf 90' lang='lat' dir='ltr'><strong>impellat,</strong></span> <span class='ocrx_word' id='word_1_307' title='bbox 1796 4330 1850 4402; x_wconf 85' lang='lat' dir='ltr'><strong>vel</strong></span> <span class='ocrx_word' id='word_1_308' title='bbox 1869 4351 1946 4401; x_wconf 92' lang='lat' dir='ltr'><strong>cum</strong></span> 
     </span>
     <span class='ocr_line' id='line_1_32' title="bbox 541 4451 1944 4546; baseline 0.001 -23"><span class='ocrx_word' id='word_1_309' title='bbox 541 4451 587 4524; x_wconf 91' lang='lat' dir='ltr'><strong>sit</strong></span> <span class='ocrx_word' id='word_1_310' title='bbox 603 4454 659 4523; x_wconf 89' lang='lat' dir='ltr'><strong>vir</strong></span> <span class='ocrx_word' id='word_1_311' title='bbox 671 4455 866 4546; x_wconf 85' lang='lat' dir='ltr'><strong>sagacitatis</strong></span> <span class='ocrx_word' id='word_1_312' title='bbox 882 4465 918 4528; x_wconf 90' lang='lat' dir='ltr'><strong>et</strong></span> <span class='ocrx_word' id='word_1_313' title='bbox 931 4456 1082 4528; x_wconf 80' lang='lat' dir='ltr'><strong>versutio</strong></span> <span class='ocrx_word' id='word_1_314' title='bbox 1098 4455 1320 4544; x_wconf 90' lang='lat' dir='ltr'><strong>imminentis,</strong></span> <span class='ocrx_word' id='word_1_315' title='bbox 1338 4454 1410 4545; x_wconf 91' lang='lat' dir='ltr'><strong>jam</strong></span> <span class='ocrx_word' id='word_1_316' title='bbox 1423 4462 1548 4524; x_wconf 89' lang='lat' dir='ltr'><strong>nautas</strong></span> <span class='ocrx_word' id='word_1_317' title='bbox 1566 4452 1706 4524; x_wconf 80' lang='lat' dir='ltr'><strong>forsitan</strong></span> <span class='ocrx_word' id='word_1_318' title='bbox 1722 4452 1773 4523; x_wconf 89' lang='lat' dir='ltr'><strong>sic</strong></span> <span class='ocrx_word' id='word_1_319' title='bbox 1790 4473 1944 4524; x_wconf 92' lang='lat' dir='ltr'><strong>corrum-</strong></span> 
     </span>
     <span class='ocr_line' id='line_1_33' title="bbox 541 4573 1946 4672; baseline -0.001 -25"><span class='ocrx_word' id='word_1_320' title='bbox 541 4585 600 4669; x_wconf 89' lang='lat' dir='ltr'><strong>pet</strong></span> <span class='ocrx_word' id='word_1_321' title='bbox 617 4577 712 4670; x_wconf 92' lang='lat' dir='ltr'><strong>quod</strong></span> <span class='ocrx_word' id='word_1_322' title='bbox 735 4589 875 4650; x_wconf 87' lang='lat' dir='ltr'><strong>ventum</strong></span> <span class='ocrx_word' id='word_1_323' title='bbox 899 4579 1107 4652; x_wconf 88' lang='lat' dir='ltr'><strong>contrarium</strong></span> <span class='ocrx_word' id='word_1_324' title='bbox 1125 4577 1336 4650; x_wconf 86' lang='lat' dir='ltr'><strong>mendaciter</strong></span> <span class='ocrx_word' id='word_1_325' title='bbox 1362 4575 1613 4672; x_wconf 84' lang='lat' dir='ltr'><strong>perpendentes</strong></span> <span class='ocrx_word' id='word_1_326' title='bbox 1639 4575 1715 4667; x_wconf 83' lang='lat' dir='ltr'><strong>ejus</strong></span> <span class='ocrx_word' id='word_1_327' title='bbox 1734 4573 1870 4646; x_wconf 87' lang='lat' dir='ltr'><strong>insidiis</strong></span> <span class='ocrx_word' id='word_1_328' title='bbox 1883 4595 1946 4645; x_wconf 82' lang='lat' dir='ltr'><strong>vos</strong></span> 
     </span>
     <span class='ocr_line' id='line_1_34' title="bbox 541 4697 1943 4796; baseline -0.002 -25"><span class='ocrx_word' id='word_1_329' title='bbox 541 4709 732 4794; x_wconf 88' lang='lat' dir='ltr'><strong>exponent,</strong></span> <span class='ocrx_word' id='word_1_330' title='bbox 752 4711 792 4773; x_wconf 90' lang='lat' dir='ltr'><strong>ut</strong></span> <span class='ocrx_word' id='word_1_331' title='bbox 806 4702 858 4774; x_wconf 91' lang='lat' dir='ltr'><strong>sio</strong></span> <span class='ocrx_word' id='word_1_332' title='bbox 873 4701 965 4775; x_wconf 89' lang='lat' dir='ltr'><strong>idem</strong></span> <span class='ocrx_word' id='word_1_333' title='bbox 979 4701 1106 4775; x_wconf 89' lang='lat' dir='ltr'><strong>habeat</strong></span> <span class='ocrx_word' id='word_1_334' title='bbox 1119 4700 1216 4796; x_wconf 89' lang='lat' dir='ltr'><strong>quod</strong></span> <span class='ocrx_word' id='word_1_335' title='bbox 1227 4698 1375 4774; x_wconf 88' lang='lat' dir='ltr'><strong>intendit</strong></span> <span class='ocrx_word' id='word_1_336' title='bbox 1388 4709 1424 4773; x_wconf 89' lang='lat' dir='ltr'><strong>et</strong></span> <span class='ocrx_word' id='word_1_337' title='bbox 1438 4699 1540 4772; x_wconf 88' lang='lat' dir='ltr'><strong>vobis</strong></span> <span class='ocrx_word' id='word_1_338' title='bbox 1550 4698 1688 4772; x_wconf 86' lang='lat' dir='ltr'><strong>eveniat</strong></span> <span class='ocrx_word' id='word_1_339' title='bbox 1698 4697 1793 4792; x_wconf 90' lang='lat' dir='ltr'><strong>quod</strong></span> <span class='ocrx_word' id='word_1_340' title='bbox 1805 4697 1943 4769; x_wconf 88' lang='lat' dir='ltr'><strong>timetis.</strong></span> 
     </span>
    </p>
   </div>
   <div class='ocr_carea' id='block_1_3' title="bbox 0 0 2196 6004">
    <p class='ocr_par' dir='ltr' id='par_1_3' title="bbox 0 0 2196 6004">
     <span class='ocr_line' id='line_1_35' title="bbox 0 0 2196 6004; baseline 0 6"><span class='ocrx_word' id='word_1_341' title='bbox 0 0 2196 6004; x_wconf 95' lang='lat' dir='ltr'><strong> </strong></span> 
     </span>
    </p>
   </div>
  </div>
 </body>
</html>
