4358 5996
527 680 608 744 Ὶ1014
1027 689 1239 750 FlllDElllCl
1264 689 1440 749 secono}
1748 691 1831 768 [Ans.
1852 689 1941 752 12⁴0.

527 814 633 885 salem
647 823 681 888 et
697 816 811 890 Sicilie
826 839 903 892 rex.
926 821 988 893 Per
1009 844 1150 918 presens
1168 824 1333 918 scriptum
1352 813 1473 894 notum
1495 821 1571 894 lieri
1585 825 1748 897 volumus
1765 826 1943 897 universis

527 937 623 1032 quod
640 959 704 1011 nos
720 941 901 1016 universos
916 954 950 1016 el
966 945 1122 1041 singulos
1139 947 1185 1020 ad
1198 947 1374 1020 nundinas
1389 945 1486 1041 apud
1498 945 1748 1020 Frankenlurth
1758 949 1944 1021 venientes

527 1061 594 1132 sub
610 1071 725 1136 nostra
739 1072 773 1136 et
789 1064 927 1160 imperii
946 1071 1156 1162 protectione
1173 1071 1358 1164 recipimus
1375 1069 1534 1165 speciali,
1550 1069 1754 1144 mandantes
1772 1072 1943 1166 quatinus

528 1184 644 1256 nullus
660 1186 704 1257 sit
721 1187 782 1280 qui
798 1209 857 1261 eos
872 1189 907 1262 in
926 1193 1042 1266 eundo
1061 1203 1095 1266 et
1116 1193 1294 1267 redeundo
1309 1193 1353 1264 ab
1371 1193 1501 1265 eisdem
1518 1193 1686 1266 nundinis
1703 1195 1889 1268 molestare
1905 1195 1943 1266 iu

528 1307 643 1402 aliquo
666 1311 723 1384 vel
746 1311 916 1406 impedire
942 1325 1128 1409 presumat.
1154 1317 1254 1404 Quod
1280 1316 1342 1410 qui
1370 1318 1636 1412 presumpserit,
1665 1318 1941 1412 indignationem

529 1432 636 1504 nostri
657 1433 818 1506 culminis
837 1457 875 1507 se
893 1439 1025 1510 noverit
1045 1421 1277 1512 incursorum.
1296 1438 1351 1512 Ad
1370 1441 1469 1534 cujus
1490 1441 1539 1512 rei
1556 1441 1773 1533 memoriam,
1796 1463 1943 1538 presens

528 1555 692 1647 scriptum
722 1556 805 1630 inde
831 1557 916 1656 lieri
931 1561 1076 1634 lecimus
1100 1573 1135 1634 et
1159 1563 1272 1656 sigillo
1297 1572 1412 1635 nostre
1438 1565 1623 1656 majestatis
1644 1565 1811 1657 jussimus
1838 1587 1943 1638 oom-

529 1698 670 1748 mumrr.

578 1800 702 1872 Datum
719 1801 756 1872 in
769 1805 887 1878 castris
903 1806 940 1876 iu
954 1805 1137 1880 obsidione
1150 1807 1287 1900 Esculi,
1301 1809 1349 1880 XI
1358 1808 1454 1901 julii,
1472 1809 1549 1880 Xlll
1566 1807 1763 1882 indictione.

742 2099 1165 2112 m-——n-——u--m—-—
1172 2103 1242 2112 --ι---η
1249 2101 1725 2114 ---·-.------ηιι-ι-ι-σ-ιι--κι-

582 2369 810 2476 Friderious,
825 2371 1084 2456 Romanorum
1103 2371 1323 2482 imperator,
1334 2371 1487 2455 cuidam
1500 2373 1660 2482 principi
1676 2373 1828 2455 nuntiat
1840 2398 1941 2454 eom·

529 2502 754 2610 positionem
787 2513 1010 2614 treugarum
1033 2505 1132 2586 iuter
1157 2531 1197 2588 se
1223 2515 1262 2588 et
1287 2531 1482 2588 summum
1509 2505 1727 2614 pontificem
1751 2504 1835 2586 fieri
1861 2530 1938 2586 non

529 2634 719 2744 poluisse,
749 2661 794 2719 eo
818 2637 923 2746 quod
948 2663 1047 2747 papa
1074 2637 1310 2724 bombardos
1336 2637 1496 2721 rebelles
1526 2637 1587 2720 his
1619 2638 1762 2748 treugis
1797 2637 1941 2720 includi
1999 2663 2001 2666 ·

529 2768 703 2852 voluerit.
724 2769 863 2855 Narrat
892 2771 1085 2880 quomodo
1112 2773 1206 2854 dum
1235 2771 1317 2882 ipse
1338 2772 1514 2882 ingressu
1534 2770 1762 2880 Campaniae
1788 2770 1841 2858 ob
1858 2766 1939 2852 Ec-

531 2899 666 2984 clesiae
695 2902 945 2986 reverentiam
980 2903 1227 3013 abstinuerit,
1261 2904 1419 2986 Ferrara
1452 2902 1585 2988 civitas
1613 2929 1637 2986 a
1666 2903 1794 3012 legato
1820 2928 1941 3013 papae

532 3032 646 3118 luerit
663 3033 819 3120 obsessa
835 3045 873 3118 et
888 3045 1019 3146 capta,
1040 3036 1147 3119 nulla
1167 3036 1243 3120 fide
1260 3063 1352 3146 erga
1378 3035 1665 3148 Salingoerram
1685 3046 1853 3144 wram,
1874 3036 1940 3146 qui

532 3165 707 3251 Venetiae
724 3169 896 3276 captivus
915 3170 1053 3252 ductus
1071 3179 1140 3252 est.
1228 3243 1230 3248 ,

614 3381 708 3456 (Edit.
728 3399 775 3460 ap.
791 3381 875 3442 Petri
892 3379 927 3441 de
951 3383 1018 3443 llio.
1034 3381 1142 3462 spec,
1158 3381 1212 3444 llb.
1231 3384 1263 3462 1,
1284 3399 1349 3460 eap.
1369 3381 1508 3464 xxxvl,
1524 3413 1564 3427 -
1583 3380 1737 3442 emman
1755 3377 1871 3459 Attal,
1889 3399 1939 3459 ap.

653 3487 782 3560 osma,
797 3487 866 3547 llcr.
881 3488 959 3547 Boio.
970 3488 1093 3566 Script,
1107 3493 1131 3549 t.
1147 3489 1173 3562 Ι,
1189 3505 1220 3566 p.
1236 3496 1308 3550 oss.
1318 3521 1359 3533 -
1369 3486 1501 3548 emec.
1512 3486 1650 3568 duplet,
1664 3504 1713 3566 ap.
1729 3487 1861 3566 Srnnvs,
1875 3491 1899 3548 t.
1914 3487 1938 3558 1.

652 3609 685 3670 p.
701 3601 772 3654 snt.
786 3620 827 3639 -
840 3592 994 3668 Casurus,
1009 3593 1088 3653 Lect.
1102 3595 1213 3675 antiq,
1226 3595 1296 3656 edit
1309 3595 1420 3672 prima,
1435 3601 1459 3656 t.
1475 3595 1501 3668 l,
1515 3611 1547 3672 p.
1564 3595 1649 3673 251.)

584 3771 794 3864 Friderious,
818 3781 886 3846 eto.
909 3773 1033 3846 Emula
1054 3795 1176 3868 regum
1194 3783 1228 3848 et
1246 3774 1441 3870 principum
1458 3775 1553 3847 orbis
1573 3784 1663 3848 terre
1682 3797 1724 3849 ao
1744 3785 1938 3848 consortum

534 3895 728 3992 impatiens,
743 3895 879 3990 dudum
896 3895 932 3966 in
949 3896 1146 3991 superbiam
1159 3898 1353 3971 seculorum
1362 3897 1546 3970 liberaliter
1560 3897 1711 3971 adducta
1722 3899 1874 3972 Romana
1891 3920 1940 3971 se·

536 4021 611 4112 des,
624 4029 760 4116 propter
774 4021 866 4093 illins
881 4017 1144 4120 [impetum],qui
1157 4023 1318 4118 princeps
1329 4022 1456 4096 dicitur
1467 4045 1544 4097 esse
1553 4025 1782 4114 sacerdotnm,
1794 4027 1939 4098 insnum

536 4145 705 4220 adversus
724 4168 787 4219 uos
802 4155 1066 4242 preconeeptum
1084 4145 1204 4220 odium
1222 4147 1268 4220 ad
1284 4147 1481 4221 universale
1496 4147 1698 4222 scandalum
1721 4149 1772 4222 sic
1789 4151 1936 4239 exarsit,

535 4270 624 4345 adeo
644 4269 792 4344 adverso
814 4270 1041 4344 eeclesiastico
1055 4271 1231 4364 religionis
1248 4271 1391 4364 ordine,
1411 4281 1524 4368 proter
1539 4272 1704 4346 mandata
1730 4273 1833 4367 legis,
1855 4295 1940 4368 quo·

535 4415 614 4466 rom
626 4395 711 4466 lator
727 4401 762 4466 et
778 4395 877 4490 pater
899 4415 974 4467 esse
994 4393 1174 4484 debuerat,
1191 4415 1260 4487 que
1280 4395 1457 4490 pervertit,
1481 4393 1565 4468 dum
1583 4415 1621 4467 se
1638 4395 1821 4468 hostilibus
1838 4396 1939 4468 rebus

537 4517 745 4610 immiscens,
761 4515 889 4590 dubios
907 4513 1075 4588 bellorum
1089 4525 1247 4608 eventus,
1269 4515 1370 4590 redes
1387 4517 1579 4611 bominum,
1594 4517 1791 4592 obsidiones
1803 4519 1939 4592 urbium

537 4650 572 4714 et
588 4640 850 4714 universitatum
862 4649 1022 4736 procurat
1034 4649 1069 4712 el
1079 4638 1238 4733 undique
1249 4639 1402 4735 pericula
1414 4643 1634 4736 populorum,
1648 4663 1809 4737 sponsam
1820 4643 1939 4714 Christi

536 4763 737 4857 Ecclesiam,
757 4772 901 4868 matrem
917 4774 1083 4853 nostram,
1098 4765 1197 4857 cujus
1211 4763 1415 4838 authoritate
1426 4764 1562 4837 libitum
1581 4786 1643 4859 pro
1658 4765 1751 4840 licito
1768 4766 1937 4861 sequitur,
