4384 6004
263 635 360 696 unm.
380 636 442 714 ro]
593 587 594 592 Ν
713 635 908 696 rrrsronnr
934 636 1225 699 nrrnorrarrun.
1589 633 1667 694 roeo

263 771 318 841 tiis
337 771 454 861 galeas
473 769 592 842 decem
615 778 762 841 armatas
783 791 845 863 pru
863 770 1040 865 portandis
1063 771 1199 866 prelatis
1219 779 1252 842 ct
1274 769 1349 840 aliis
1367 766 1413 839 ad
1435 768 1617 840 concilium
1634 778 1668 841 et

262 893 470 967 reducendis
491 893 557 964 boc
583 892 704 984 modu,
725 892 890 966 videlicet
913 895 1008 987 qnod
1024 895 1060 966 in
1079 895 1233 988 qualibet
1259 895 1357 986 galea
1379 900 1478 964 erunt
1504 891 1668 964 nauclerii

261 1026 296 1088 et
318 1017 512 1110 superiores
538 1024 675 1086 centnm
697 1023 775 1086 octo
796 1025 830 1086 et
849 1017 988 1088 subtani
1009 1016 1132 1109 viginti
1154 1036 1219 1091 sex
1240 1023 1274 1088 ct
1296 1014 1558 1108 supersalientcs
1577 1033 1668 1106 qua-

262 1139 439 1231 draginta,
463 1136 669 1232 cumputatis
689 1137 724 1208 in
745 1137 788 1210 iis
804 1139 1113 1233 supersalientibus
1129 1137 1311 1210 naucleriis
1330 1146 1479 1230 quatuor
1493 1145 1527 1208 et
1543 1135 1668 1208 cornito

261 1260 568 1356 unnppsrenurio
584 1279 654 1332 uno
678 1268 712 1332 et
727 1260 910 1333 balistariis
928 1261 1067 1352 decem,
1086 1283 1234 1355 qnorum
1255 1261 1506 1332 balistariorum
1524 1258 1669 1351 quilibet

261 1385 388 1458 babeat
409 1384 497 1457 duas
522 1385 679 1474 balistas,
706 1406 812 1456 nnam
832 1385 1011 1458 decornu
1029 1397 1063 1458 et
1084 1387 1186 1458 aliam
1210 1386 1255 1466 de
1274 1385 1386 1477 ligno,
1406 1392 1440 1455 et
1460 1383 1496 1453 in
1516 1381 1670 1475 qualibet

261 1507 359 1600 galea
377 1505 423 1578 eit
443 1505 566 1578 balista
589 1528 657 1578 una
682 1505 731 1580 de·
749 1518 852 1580 tnmu
875 1517 910 1580 et
930 1487 1136 1581 munitiones
1160 1509 1296 1602 triginta
1313 1510 1401 1580 ferre
1419 1505 1516 1602 (sic);
1533 1514 1567 1576 et
1592 1525 1669 1598 pre·

261 1629 353 1702 dicta
371 1629 536 1702 concedet
552 1639 586 1701 et
598 1630 763 1724 prestabit
780 1652 964 1703 commune
980 1633 1152 1704 Januense
1169 1653 1232 1727 pro
1250 1629 1407 1703 mercede
1422 1651 1484 1701 seu
1501 1629 1609 1722 pretio
1623 1627 1668 1721 (a)

260 1753 458 1848 supradicto
473 1753 647 1826 communi
660 1754 825 1826 laonensi
840 1755 903 1850 pro
919 1754 1056 1828 duobus
1073 1756 1251 1827 mensibus
1266 1763 1301 1826 st
1319 1755 1386 1828 huc
1403 1761 1482 1824 ante
1492 1773 1554 1845 per
1571 1773 1669 1824 men-

261 1898 333 1948 sem
352 1896 457 1971 qnam
470 1878 545 1972 ipse
558 1877 656 1970 galee
670 1887 885 1950 armarentur
903 1905 912 1948 ε
927 1879 993 1952 hoc
1005 1879 1103 1951 salvo
1117 1877 1212 1972 qnod
1227 1878 1257 1950 si
1271 1875 1432 1949 dominns
1447 1875 1580 1967 legatus
1595 1874 1670 1948 vel-

261 2001 309 2072 let
329 2000 522 2073 diminuere
540 1999 586 2072 dc
601 2000 906 2094 supersalientibus
923 2003 979 2073 vel
1001 2001 1158 2075 subtanis
1176 2000 1236 2094 qni
1250 2021 1326 2072 esse
1339 1998 1517 2071 debebunt
1533 1997 1569 2068 in
1587 1996 1670 2090 ipsis

261 2123 370 2217 galeis
386 2122 559 2217 predictis,
576 2122 699 2194 debent
715 2121 863 2194 diminui
882 2123 928 2194 de
941 2124 1016 2217 ipsa
1030 2122 1238 2195 mercedest
1256 2122 1365 2216 pretio
1382 2120 1450 2193 bue
1466 2121 1586 2206 modo,
1603 2119 1670 2190 sci·

260 2247 339 2318 licet
355 2265 418 2340 pro
440 2245 596 2338 quolibet
618 2245 866 2338 supersaliente
890 2246 992 2318 solidi
1016 2247 1143 2318 XXXV
1162 2247 1348 2337 januenses
1374 2253 1409 2315 et
1429 2265 1492 2337 pru
1516 2243 1671 2337 quolibet

260 2369 409 2441 subtano
423 2367 524 2440 solidi
544 2368 651 2440 XVlll
670 2385 919 2463 parmensem,
938 2379 971 2440 et
989 2369 1017 2441 si
1034 2371 1121 2442 forte
1140 2368 1405 2462 supersalientes
1421 2367 1479 2438 vel
1504 2365 1670 2437 subtanos

259 2493 295 2562 in
316 2491 417 2563 dictis
435 2491 542 2585 galeis
556 2491 612 2563 vel
628 2491 744 2584 aliqua
761 2513 880 2564 earnm
902 2493 1006 2564 vellet
1022 2491 1170 2575 addere,
1191 2491 1300 2562 solvat
1314 2500 1348 2561 et
1363 2490 1497 2561 solvere
1514 2497 1670 2560 teneatur

259 2613 351 2686 idem
367 2615 502 2707 legatus
520 2615 609 2685 ultra
625 2613 857 2708 supradictam
880 2611 1075 2684 mercedem
1096 2622 1130 2683 et
1148 2613 1296 2706 pretinm
1318 2611 1447 2684 solidos
1464 2610 1590 2682 XXXV
1607 2630 1670 2704 pro

261 2737 416 2830 quolibet
431 2737 677 2831 supersaliente
694 2733 812 2808 addito
830 2757 892 2830 per
910 2757 1061 2830 mensem
1079 2744 1112 2807 et
1130 2755 1193 2830 pro
1209 2734 1363 2828 quolibet
1383 2735 1531 2805 subtano
1550 2731 1670 2805 addito

259 2859 389 2932 solidos
404 2860 513 2932 XVlll
527 2880 590 2953 per
604 2879 771 2950 mensem,
788 2861 995 2953 computatis
1008 2859 1137 2930 scilicet
1150 2867 1186 2930 et
1199 2857 1329 2958 vianda
1346 2856 1407 2952 (b).
1420 2858 1502 2928 ltem
1515 2853 1670 2950 promisit

260 2992 295 3054 et
311 2983 473 3055 convenit
490 2982 604 3054 dictus
628 2981 783 3054 sindicus
806 3003 870 3077 pro
893 2983 968 3078 ipso
984 2981 1159 3054 communi
1181 2981 1272 3053 dicto
1294 2982 1406 3074 legato
1428 2980 1617 3052 concedere
1635 2985 1670 3050 et
1750 3070 1755 3080 .

259 3115 409 3199 prestare
427 3105 541 3178 eidem
557 3104 697 3178 domino
712 3127 800 3200 pape
815 3105 943 3178 taridas
960 3105 1078 3178 decem
1096 3113 1277 3198 quaerunt
1289 3103 1449 3197 guarnite
1464 3102 1529 3174 boc
1543 3101 1667 3193 modo,

257 3229 340 3322 qnia
354 3229 390 3298 in
405 3229 559 3322 qnalibet
572 3238 673 3300 erunt
688 3228 846 3300 homines
859 3228 983 3320 viginti
999 3227 1154 3322 quinque
1171 3227 1295 3298 muniti
1316 3225 1362 3298 ad
1383 3227 1512 3296 ferrum
1531 3224 1592 3317 qni
1605 3224 1669 3296 ha·

258 3350 393 3423 bebunt
413 3351 597 3423 servitores
614 3349 705 3424 dnos
729 3361 765 3422 et
782 3352 869 3423 inter
884 3351 978 3446 ipsus
1002 3361 1103 3424 erunt
1120 3349 1285 3424 nauclerii
1308 3347 1396 3440 duo,
1418 3351 1509 3423 dicto
1530 3348 1669 3422 domino

257 3495 347 3569 papa
363 3495 423 3546 seu
446 3475 522 3566 ejus
541 3471 672 3545 nuntiis
694 3483 755 3545 ant
775 3473 916 3545 dominc
938 3475 1051 3566 legato
1069 3496 1132 3570 pro
1154 3495 1197 3546 eo
1215 3475 1369 3546 solvente
1385 3472 1478 3547 dictu
1495 3473 1667 3545 communi

258 3617 322 3691 pro
344 3587 515 3668 mercede
529 3617 591 3670 seu
615 3597 719 3676 naulo
740 3597 1015 3690 uniuscujusque
1041 3597 1152 3670 taride
1175 3597 1281 3668 libras
1300 3595 1466 3668 LXXXVI
1491 3617 1553 3691 per
1570 3615 1668 3667 men-

257 3741 345 3810 sem,
359 3719 406 3791 ita
424 3717 520 3812 qnod
536 3718 582 3791 de
597 3718 735 3792 duobus
757 3719 932 3791 mensibus
953 3717 1013 3790 fiat
1031 3719 1144 3813 primo
1167 3721 1293 3792 solutio
1313 3719 1488 3790 communi
1505 3718 1669 3790 lennensi

257 3851 418 3936 anteper
433 3861 586 3914 mensam
600 3863 709 3914 unum
722 3861 828 3936 quam
841 3851 1025 3914 armentur.
1043 3843 1126 3913 ltem
1139 3843 1272 3914 solvere
1284 3841 1388 3913 debet
1398 3841 1559 3914 dominns
1576 3863 1669 3936 papa

260 3973 321 4034 sen
339 3963 416 4054 ejus
433 3962 575 4034 nuntius
589 3983 651 4056 pro
668 3983 711 4034 en
728 3962 821 4035 dicto
835 3963 1010 4036 communi
1023 3985 1085 4058 pro
1102 3963 1297 4057 magisterio
1314 3971 1349 4034 et
1367 3972 1526 4057 apertura
1543 3963 1669 4034 nnius·

260 4083 559 4177 cnjusqnetaride
573 4085 679 4157 libras
696 4086 805 4158 XXVI
822 4087 1010 4178 januenses
1026 4088 1133 4158 semel
1149 4093 1302 4177 tantum,
1319 4086 1417 4167 salvo
1427 4085 1532 4178 .quod
1549 4086 1579 4156 si
1596 4085 1667 4158 do·

258 4207 374 4278 minus
387 4208 521 4301 legatus
534 4229 596 4281 sun
609 4208 721 4280 nuntii
739 4207 872 4281 domini
888 4229 977 4304 pape
992 4210 1097 4282 vellet
1113 4209 1243 4282 addere
1259 4209 1429 4302 vulgarius
1444 4209 1480 4280 in
1493 4209 1594 4282 dictis
1611 4219 1668 4282 ta-

259 4329 342 4401 ridis
354 4331 411 4402 vel
429 4331 547 4425 aliqua
565 4352 697 4422 earum,
717 4331 841 4404 debeat
857 4331 1017 4404 dominns
1034 4333 1168 4426 legatus
1183 4353 1245 4404 sen
1262 4332 1423 4406 dominns
1436 4353 1527 4426 papa
1538 4331 1668 4410 addere

260 4472 323 4545 pro
334 4473 548 4548 unoquoque
563 4453 694 4527 solidos
709 4453 847 4548 triginta
862 4457 1051 4528 lanuenses
1068 4477 1130 4551 per
1147 4477 1316 4545 mensem,
1338 4464 1372 4528 et
1388 4476 1569 4528 commune
1583 4456 1667 4529 dare

301 4619 343 4700 (a)
366 4622 518 4696 Quaedam
531 4621 572 4682 tbt
585 4623 724 4685 rldentnr
738 4627 858 4706 omissa,
873 4625 982 4687 adlluet
995 4627 1123 4704 pretinm
1135 4625 1218 4687 nauli
1231 4628 1461 4705 uniuscujusque
1474 4626 1583 4705 galeae
1711 4675 1715 4687 .

301 4723 338 4804 (l)
357 4725 415 4788 lllc
428 4728 510 4790 locus
525 4745 643 4809 qnoque
656 4731 791 4792 mutilus.
