4468 6010
248 645 344 704 reare.
363 615 426 722 re]
695 646 891 710 srsrourn
915 647 1206 712 urruousrrcn.
1596 645 1653 706 ssu

249 777 528 872 privilegiorum,
552 779 664 872 sigilla
687 781 790 854 etiam
812 783 943 856 sivero
966 793 1002 856 et
1026 784 1178 856 curcutia
1204 782 1290 856 vitio
1312 778 1514 870 videantur3
1538 777 1584 852 de
1607 777 1658 852 eis

248 899 351 972 mam
368 901 595 976 conlationem
618 903 724 977 iacias
741 903 961 999 diligentem,
980 915 1016 978 et
1035 905 1204 1000 quicquid
1227 904 1309 978 inde
1325 903 1500 977 inveneris
1522 901 1590 974 sub
1610 899 1658 972 si·

249 1022 332 1116 gillo
356 1032 418 1096 tuo
433 1023 609 1118 significes
622 1035 736 1100 nostre
753 1027 849 1100 curie
868 1029 1031 1103 seriatim.
1050 1031 1100 1101 llo
1112 1028 1293 1102 subilibus
1309 1047 1395 1100 vero
1411 1047 1480 1121 que
1495 1025 1660 1120 bospitule

251 1145 464 1220 oblationum
481 1149 536 1222 vel
553 1149 767 1245 emptionum
788 1151 888 1225 titulo
911 1151 1128 1248 possidebat,
1147 1174 1216 1246 que
1233 1153 1315 1225 dato
1330 1172 1392 1246 per
1411 1161 1446 1224 te
1464 1149 1610 1222 termino
1627 1159 1663 1222 et

253 1277 424 1342 bunsacto
437 1269 589 1344 vendere
604 1273 838 1368 presumebat,
850 1274 898 1347 ad
912 1285 1063 1347 nostram
1080 1275 1210 1346 curiam
1224 1274 1406 1358 revocasti,
1422 1273 1533 1368 placet
1546 1280 1662 1344 nostre

251 1393 457 1466 excellentie
475 1393 571 1488 quod
593 1395 714 1468 iecisti.
739 1397 823 1470 ltcm
849 1397 942 1471 idem
965 1399 1069 1470 etiam
1091 1395 1339 1492 respondemus
1364 1395 1410 1469 de
1433 1417 1476 1468 eo
1497 1393 1593 1488 quod
1618 1396 1664 1468 da

250 1517 413 1612 bospitali
436 1518 552 1591 Sancti
567 1517 734 1593 Iohannis
749 1531 847 1594 extra
865 1530 998 1616 portam
1015 1523 1139 1592 Sancte
1158 1519 1293 1612 Agathe
1305 1539 1369 1615 per
1382 1528 1489 1591 totum
1510 1539 1663 1590 mensem

251 1639 417 1714 lobruarii
433 1641 592 1736 proximo
607 1642 808 1738 preteritum
830 1653 864 1717 te
882 1645 1051 1717 iacturum
1068 1643 1136 1716 tuis
1152 1643 1278 1716 licteris
1295 1642 1468 1714 intimasti.
1494 1643 1544 1713 De
1561 1642 1665 1735 cupi-

252 1764 335 1836 tnlis
354 1786 376 1836 a
397 1773 514 1838 nostra
532 1765 595 1838 tibi
611 1769 788 1860 majestate
813 1767 1036 1858 transmissis,
1054 1787 1202 1860 quorum
1225 1763 1344 1860 aliqua
1362 1767 1554 1860 perfeceras
1576 1765 1666 1836 sieut

252 1887 379 1960 scribis
405 1897 441 1960 et
472 1890 622 1982 quedam
658 1887 745 1963 dicis
770 1899 805 1963 te
828 1911 897 1963 non
932 1911 1030 1985 posse
1050 1888 1216 1984 perlicere
1240 1889 1316 1962 siue
1351 1889 1492 1961 consilio
1522 1887 1663 1974 secreti,

252 2031 338 2082 ecce
353 2009 468 2083 eidem
489 2021 620 2084 secreto
637 2011 845 2086 mandamus
862 2023 902 2085 ut
918 2013 981 2085 tibi
1003 2013 1039 2084 iu
1055 2011 1123 2108 bys
1137 2033 1200 2106 pro
1221 2011 1372 2084 servitiis
1388 2011 1513 2084 uostris
1533 2010 1669 2082 assistat

254 2134 401 2207 oonsilio
422 2144 457 2206 et
480 2136 609 2208 lavore.
631 2137 682 2207 De
705 2135 845 2210 residuo
869 2136 963 2230 gayti
983 2135 1162 2230 quondam
1178 2135 1319 2206 blattbei
1342 2133 1593 2229 predecessoris
1618 2133 1669 2204 tui

256 2256 355 2352 qnod
374 2255 462 2329 dicis
486 2279 555 2330 uon
579 2279 681 2353 posse
698 2258 851 2353 recolligi
875 2259 951 2332 sino
974 2257 1260 2353 quaternionibus
1283 2257 1394 2351 ipsius
1414 2257 1509 2352 gayti
1523 2258 1587 2344 lll.,
1607 2257 1670 2350 qui

254 2381 396 2453 suntin
421 2381 551 2476 palatio
577 2389 696 2454 nostro
725 2382 793 2454 sub
812 2381 968 2455 custodia
988 2382 1030 2453 G.
1052 2381 1097 2453 de
1123 2381 1246 2452 Amuto
1269 2379 1407 2472 sigillati
1432 2378 1543 2471 sigillo
1567 2379 1598 2450 J.
1626 2377 1671 2450 de

256 2504 384 2576 Amuto
410 2503 586 2578 castellani
616 2503 773 2598 ejusdem
799 2505 933 2602 palatii,
957 2525 1039 2578 ecoe
1062 2504 1247 2576 scribimus
1271 2502 1386 2575 eidem
1411 2501 1452 2573 G.
1480 2501 1525 2574 do
1549 2501 1672 2574 Amato

257 2625 356 2700 fideli
371 2635 488 2702 nostro
507 2635 546 2698 ut
563 2637 749 2720 quaternos
770 2627 864 2722 ipsos
879 2629 942 2700 tibi
962 2628 1065 2702 iaciat
1080 2628 1215 2701 ostendi
1232 2637 1266 2698 et
1287 2627 1316 2698 si
1333 2624 1530 2721 expedierit
1552 2647 1671 2698 exem·

257 2751 362 2846 pluri,
381 2751 515 2824 cantela
532 2749 687 2824 adbibita
702 2750 799 2846 quod
817 2751 965 2825 fideliter
980 2749 1205 2824 ostendentur
1225 2759 1260 2822 et
1277 2750 1528 2844 exemplcntur.
1551 2750 1601 2821 De
1619 2769 1674 2820 re-

257 2874 355 2947 tioue
372 2884 430 2946 tua
449 2873 628 2947 reddenda
642 2873 689 2946 de
703 2875 816 2948 officio
833 2884 893 2947 tuo
908 2883 1040 2948 secreto
1060 2895 1124 2970 pro
1143 2873 1303 2968 preterito
1322 2881 1475 2965 tempore
1497 2880 1532 2942 et
1557 2873 1673 2944 luturo

256 2998 431 3090 presentis
445 2995 661 3086 indictionis,
681 2997 794 3092 placet
814 2998 918 3070 uobis
938 2997 1033 3093 quod
1048 3019 1164 3070 eorum
1180 3017 1223 3069 eo
1239 3016 1362 3090 pones,
1385 3005 1419 3066 et
1439 2992 1554 3066 eidem
1575 3016 1674 3066 mun·

259 3121 387 3192 damus
403 3119 531 3213 quoda
542 3117 728 3214 terocipiat
741 3120 908 3193 rationem
925 3120 970 3194 de
981 3143 1074 3194 anno
1087 3120 1191 3192 etiam
1205 3119 1362 3213 proxime
1373 3117 1534 3212 preterito
1545 3117 1607 3188 xll
1620 3117 1675 3189 in·

260 3243 438 3316 dictionis.
457 3243 887 3340 Depiperiisveroplacet
903 3244 1004 3317 nobis
1020 3253 1059 3316 ut
1074 3241 1257 3337 quidinde
1274 3240 1469 3314 laciendum
1487 3240 1616 3313 videris
1630 3239 1675 3314 de

261 3366 409 3440 oonsilio
424 3367 534 3462 ipsius
553 3367 694 3454 secreti,
721 3368 854 3440 scribas
879 3369 978 3442 uobis
995 3367 1081 3463 quid
1099 3389 1162 3463 pro
1180 3365 1277 3440 curin
1292 3375 1407 3438 nostm
1431 3365 1555 3438 melius
1573 3363 1676 3436 luerit

260 3489 473 3562 laciendum.

311 3613 438 3684 Datum
456 3611 615 3703 viterbii,
633 3613 695 3685 Xll
716 3613 842 3703 martii,
859 3613 935 3684 Xlll
952 3613 1161 3686 indictionis.

332 3741 340 3832 1
361 3733 417 3805 De
436 3735 545 3807 eodem
560 3737 716 3808 madoco
733 3739 866 3832 scripsit
885 3737 970 3808 idern
986 3761 998 3805 .·

311 3858 529 3950 Frededcus,
540 3869 624 3951 etc,
637 3858 1450 3949 ObbertoFallamonacbosecretoPanormi,eto.
1462 3855 1676 3951 Significavit

265 3981 472 4054 excellentie
487 3992 603 4056 nostra
620 3983 774 4056 notarius
794 3983 972 4078 Philippus
990 3991 1116 4078 gaytus
1131 3982 1288 4054 Panormi
1310 3979 1422 4052 fidelis
1444 3991 1560 4053 noster
1580 3981 1676 4074 quod

266 4126 371 4199 super
402 4103 613 4197 quibusdam
639 4107 800 4200 capitulis
823 4105 958 4180 dudum
983 4107 1050 4177 sibi
1078 4115 1240 4178 anostra
1268 4103 1471 4175 celsitudine
1498 4103 1676 4176 destinatis

267 4238 366 4300 tuum
388 4228 433 4299 sit
452 4229 485 4299 ei
505 4229 676 4300 auxilium
702 4242 738 4300 et
757 4229 938 4302 consilium
962 4239 1188 4324 oportunum,
1215 4227 1298 4320 quia
1321 4248 1401 4298 cum
1425 4225 1575 4320 quedam
1598 4247 1676 4320 per·

268 4352 389 4442 egerit,
410 4350 561 4444 quedam
577 4351 758 4424 commode
777 4373 846 4424 nou
866 4362 978 4448 potest
997 4372 1163 4448 peregere
1185 4349 1250 4421 nisi
1267 4359 1326 4422 tuo
1343 4350 1473 4422 auxilio
1487 4349 1673 4422 mediante.

270 4473 384 4560 Quare
409 4472 562 4546 fidelitati
582 4483 642 4547 tue
664 4475 887 4570 precipiendo
913 4475 1120 4548 mandamus
1147 4483 1318 4568 quatenus
1343 4474 1379 4543 iu
1403 4472 1679 4566 quibuscumque

272 4594 416 4687 negotiis
432 4594 479 4667 ud
496 4605 652 4668 nostrum
674 4598 853 4670 servitium
871 4599 1105 4692 spectantibus
1127 4595 1308 4669 consilium
1329 4605 1365 4668 et
1384 4597 1555 4667 auxilium
1581 4606 1679 4666 tuum

273 4717 364 4790 idem
396 4727 521 4812 gaytus
551 4717 691 4791 duxerit
717 4721 980 4814 requirendum,
1009 4731 1046 4792 tu
1079 4721 1110 4792 ei
1141 4719 1285 4793 studeas
1309 4718 1486 4791 exhibere.
1515 4719 1681 4791 Volumus

350 4838 389 4900 V.
411 4855 466 4898 mn
477 4858 499 4902 a.
1467 4850 1523 4901 104
