4384 6004
218 703 323 766 lucrm.
343 703 405 781 lt]
676 702 875 764 HISTORIA
899 701 1192 766 brvuouavtce
1555 699 1633 762 1059

219 837 307 909 bum
337 835 524 910 deditionis
554 834 599 908 ab
630 836 680 908 eis
710 845 827 910 nostra
851 837 1016 910 serenitas
1040 836 1265 933 expectabat,
1295 845 1330 908 et
1356 833 1547 908 necessario
1567 833 1634 908 boc

220 960 395 1034 dixissent
412 969 604 1054 utcunque,
623 959 690 1031 nisi
706 959 801 1053 quod
820 961 974 1055 nequitie
991 959 1197 1056 pontificalis
1214 955 1318 1032 elatio
1336 967 1454 1030 contra
1469 978 1550 1047 nos,
1572 978 1634 1030 ve·

223 1083 304 1156 teris
324 1081 399 1154 odii
420 1081 596 1173 exagiwta
614 1081 763 1154 stimulis
783 1089 818 1155 et
834 1082 953 1154 innata
976 1081 1137 1177 superbie
1160 1082 1275 1154 ventis
1291 1079 1426 1168 inflata,
1452 1081 1524 1153 vite
1543 1101 1635 1173 quo-

222 1204 410 1278 dammodo
441 1204 600 1300 spiritum
631 1205 774 1276 mortuis
802 1205 1013 1292 insufflavit,
1045 1205 1263 1300 processibus
1290 1203 1414 1275 nostris
1445 1211 1636 1296 quantum-

223 1348 364 1422 cunque
387 1327 515 1422 potuit,
539 1327 620 1400 licet
640 1349 763 1422 perum
789 1327 956 1422 potuerit,
978 1349 1016 1400 se
1039 1329 1196 1422 nequiter
1219 1327 1437 1422 opponendo.
1463 1325 1532 1397 Sed
1554 1325 1635 1398 huic

222 1451 327 1524 etiam
345 1451 466 1524 morbo
485 1450 685 1545 nuperrime
702 1450 871 1545 reperisse
887 1449 1100 1524 credidimus
1119 1449 1346 1537 medicinam,
1367 1448 1452 1521 dum
1473 1449 1521 1522 ad
1541 1449 1634 1521 mul-

224 1588 338 1646 torum
360 1595 407 1645 ex
430 1573 593 1646 iratribus
615 1573 688 1646 suis
717 1575 859 1645 multam
887 1574 1104 1663 instantiam,
1134 1573 1279 1646 verbum
1305 1571 1398 1666 pacis
1421 1571 1466 1642 ab
1490 1591 1532 1643 co
1556 1592 1636 1642 cum

225 1697 398 1770 suavitate
422 1694 631 1791 recepimus,
659 1693 719 1795 [et]
745 1707 884 1792 propter
909 1707 1085 1792 treugasa
1110 1699 1288 1788 majestate
1312 1707 1428 1768 nostra
1452 1695 1637 1790 promissas

225 1819 357 1892 eisdem
385 1841 406 1892 a
425 1819 615 1892 vastatione
642 1818 828 1914 Campania
851 1819 1061 1894 divertentes
1080 1818 1146 1914 (l),
1172 1841 1294 1892 versus
1316 1819 1449 1890 ltaliam
1471 1840 1542 1892 non
1566 1829 1637 1892 mm

224 1941 271 2016 ad
295 1943 554 2038 expugnandos
586 1965 693 2037 quem
727 1943 773 2016 ad
801 1942 1019 2040 recipiendos
1044 1945 1090 2018 ad
1120 1945 1264 2039 gratiam
1290 1944 1492 2016 excellentie
1523 1953 1638 2018 nostre

223 2063 371 2137 rebelles
389 2075 482 2139 recto
498 2049 666 2140 diametro
688 2065 880 2138 direximus
902 2087 1042 2158 gressum
1064 2076 1212 2140 nostros.
1229 2066 1299 2139 Sed
1317 2065 1486 2139 adversos
1504 2067 1560 2139 sui
1578 2089 1638 2140 ve·

224 2187 307 2258 neni
329 2189 520 2282 nequitiam
543 2189 694 2262 theriaca
713 2199 830 2261 nostra
848 2210 918 2262 non
940 2190 1067 2279 valuit,
1089 2211 1154 2262 nec
1177 2189 1349 2261 medicina
1375 2191 1532 2284 proiecit,
1551 2191 1637 2282 quin

223 2331 286 2404 per
302 2310 499 2404 digressum
515 2322 670 2384 nostrum
685 2313 870 2386 securitate
889 2325 1041 2408 recepta,
1061 2323 1203 2384 tractate
1219 2313 1312 2407 pacis
1332 2312 1475 2403 oblitae,
1494 2313 1540 2385 ad
1566 2312 1638 2385 dis·

224 2431 379 2506 cordiam
398 2456 437 2506 se
460 2443 681 2525 convertens,
703 2442 819 2507 contra
841 2455 903 2507 uos
926 2437 1042 2528 pejora
1066 2435 1238 2530 prioribus
1254 2434 1449 2526 moliretur;
1470 2435 1506 2506 in
1526 2437 1637 2508 rebel·

217 2541 354 2630 lionem
372 2567 523 2630 nostram
541 2558 808 2630 Faventinorum
828 2558 1037 2651 nequitiam,
1056 2558 1117 2652 qui
1134 2559 1178 2630 de
1199 2557 1369 2652 captando
1387 2560 1505 2630 lavore
1524 2567 1638 2632 nostro

227 2680 410 2753 nobiscum
424 2683 496 2774 Jam
516 2689 661 2754 tractare
673 2689 850 2774 ceperant,
866 2701 929 2774 par
947 2681 1088 2773 angelos
1109 2701 1190 2752 suos
1207 2680 1331 2768 malos,
1350 2681 1471 2752 iratres
1490 2681 1639 2752 Minores

225 2813 261 2876 et
277 2803 512 2876 Predicatores
529 2804 670 2895 scilicet,
687 2804 954 2898 quibuscunque
969 2801 1131 2898 presidiis
1147 2803 1258 2898 potuit
1273 2801 1503 2893 confovendo,
1522 2811 1556 2875 et
1571 2786 1638 2874 Vc·
1714 2791 1719 2800 ’

225 2937 326 3000 notos
339 2927 385 3000 ad
399 2925 665 3002 destructionem
679 2928 847 3000 maritime
860 2927 957 3021 regui
974 2927 1082 3000 nostri
1097 2927 1280 2999 venenosis
1293 2925 1459 2998 armando
1470 2925 1634 3018 consiliis,

224 3060 266 3120 ut
286 3072 348 3122 nos
372 3051 418 3122 ab
438 3051 576 3125 instanti
600 3051 746 3125 victoria
766 3059 956 3124 revocaret.
979 3051 1048 3122 Nos
1074 3061 1187 3122 autem
1209 3050 1255 3122 ad
1278 3050 1550 3145 expugnandam
1569 3051 1638 3122 Fa-

173 3229 180 3244 .
224 3173 344 3245 ventio
358 3173 548 3266 civitatem,
571 3184 736 3268 tanquam
755 3173 806 3247 ad
830 3172 1092 3246 dissolvendum
1117 3173 1221 3245 totius
1243 3171 1460 3266 obligationis
1484 3171 1634 3260 nodum,

225 3303 261 3368 et
278 3296 422 3369 unicum
438 3297 653 3370 obstaculum
674 3297 925 3370 removendum
944 3319 1005 3392 per
1022 3295 1118 3392 quod
1144 3297 1246 3368 totius
1267 3297 1410 3368 victorie
1430 3305 1545 3368 nostre
1563 3307 1638 3370 rota

226 3418 438 3490 convertitur
466 3430 501 3491 et
531 3419 695 3495 velocitas
725 3419 937 3515 prepeditur,
970 3419 1215 3491 instantissime
1248 3419 1400 3492 vidimus
1428 3428 1463 3491 et
1492 3418 1639 3494 finaliter

227 3539 477 3630 insistendum
497 3563 567 3636 qua
585 3543 721 3615 laventa
744 3543 908 3633 Domino,
932 3564 1011 3614 cum
1036 3564 1074 3614 sa
1097 3542 1196 3614 verni
1213 3543 1377 3637 temporis
1400 3544 1638 3638 opportunitas

228 3662 377 3754 dederit,
398 3663 668 3738 indubitabiliter
687 3675 905 3762 expugnata,
927 3687 1007 3736 cum
1024 3664 1069 3736 de
1090 3665 1233 3737 obtentu
1249 3665 1401 3737 Bononio
1418 3665 1638 3761 postmodum

228 3787 426 3858 nullatenus
450 3787 645 3877 dubitetur,
673 3788 723 3860 sic
749 3787 795 3860 ad
820 3787 1064 3860 exterminium
1093 3797 1287 3858 nostrorum
1312 3789 1495 3876 rebellium
1525 3791 1639 3862 conti·

229 3911 344 3983 nuatis
373 3911 573 3984 excellentia
605 3923 722 3984 nostre
747 3913 897 4000 viribus,
933 3913 1028 3985 velut
1055 3923 1235 4007 propterea
1264 3911 1402 3984 residuo
1425 3915 1578 3985 Ducatus
1605 3923 1640 3986 et

230 4031 381 4105 blacchia
410 4033 535 4106 nostris
564 4035 672 4106 titulis
696 4035 902 4126 accedente,
926 4035 983 4106 via
1011 4035 1137 4107 nostris
1160 4035 1374 4128 processibus
1402 4036 1574 4131 aperietur
1601 4047 1640 4109 ut

229 4154 448 4250 postmodum
470 4157 637 4252 presentis
661 4179 785 4251 guerre
805 4158 947 4231 victoria
965 4159 1157 4230 necessario
1175 4159 1347 4252 presentia
1366 4180 1509 4253 persone
1525 4171 1640 4234 nostre

231 4300 299 4351 non
317 4288 434 4374 egeat,
453 4288 487 4352 et
503 4279 706 4354 effusionem
734 4290 906 4354 tantorum
930 4303 1073 4376 operum
1093 4290 1127 4353 et
1149 4281 1284 4353 labores
1302 4290 1352 4354 tot
1371 4281 1550 4354 bominum
1569 4305 1639 4356 non

231 4403 394 4498 requirat.
421 4401 477 4475 Ad
497 4403 724 4478 obtinendum
753 4404 858 4500 igitur
888 4405 934 4478 dc
961 4414 1030 4477 tam
1055 4404 1269 4477 memorabili
1297 4427 1416 4501 pugna
1440 4405 1639 4501 triumphali

231 4523 459 4619 triumphum,
479 4547 548 4620 que
559 4503 633 4618 jam
648 4525 695 4600 ad
713 4548 896 4621 vesperum
918 4525 1121 4620 declinavit,
1140 4527 1333 4600 devotionis
1352 4537 1464 4600 vestre
1484 4529 1640 4604 subsidia

268 4799 302 4874 (t)
321 4799 362 4858 Cl.
379 4816 475 4874 supra,
490 4817 518 4876 p.
533 4806 602 4863 ⁴002
615 4808 643 4861 et
655 4807 735 4863 tort.
