4468 6010
591 693 652 756 792
1095 697 1308 760 rntnnttlct
1334 698 1507 759 sncnrtnt
1819 698 1899 782 [Anu.
1913 700 2004 766 12⁴0.

590 829 802 926 subscriptos
821 829 907 903 alios
929 830 1133 906 laloonerios
1154 841 1189 906 et
1210 831 1329 906 fideles
1346 841 1481 906 nostros
1503 853 1589 906 oum*
1600 833 1793 908 falconibus
1816 836 1942 910 nostris
1966 841 2002 910 in

589 975 735 1048 regnum
753 955 927 1028 miotimus
946 965 1155 1048 moraturos,
1175 955 1331 1030 fidelitati
1359 967 1419 1030 tue
1439 957 1664 1052 precipiendo
1689 957 1895 1032 mandamus
1910 981 2003 1055 qua-

591 1089 691 1152 tenus
707 1077 821 1152 eidem
839 1078 1025 1152 Corradiuo
1041 1101 1104 1174 pro
1121 1101 1174 1170 se,
1188 1080 1327 1154 duobus
1342 1080 1499 1154 scuteriis
1515 1089 1550 1154 et
1565 1082 1675 1154 trihus
1690 1082 1804 1177 equis,
1822 1079 2002 1157 Guillelmo

590 1203 684 1276 fretu
698 1223 763 1276 suo
776 1225 839 1299 pro
854 1224 909 1296 so,
924 1225 995 1276 uuo
1011 1204 1161 1277 scutario
1173 1213 1208 1278 et
1224 1204 1364 1278 dnobus
1376 1205 1489 1301 equis,
1506 1205 1635 1278 lIeuoio
1649 1205 1695 1280 do
1709 1207 1856 1280 Nuceria
1872 1229 1935 1303 pro
1948 1229 1999 1297 se,

577 1329 701 1401 tribus
713 1328 813 1424 equis
823 1338 858 1401 et
868 1327 1007 1401 duobus
1018 1328 1187 1418 scuteriis,
1200 1329 1329 1402 Cannio
1341 1329 1437 1402 fratri
1451 1330 1528 1423 ejus
1539 1351 1601 1426 pro
1612 1351 1664 1420 se,
1679 1329 1817 1404 duobus
1830 1331 2001 1424 scuteriis,

588 1462 624 1526 et
638 1454 749 1527 tultus
765 1454 879 1548 equis,
895 1453 1041 1528 ilenrico
1053 1451 1098 1527 de
1110 1453 1259 1526 Nuceria
1277 1475 1339 1548 pro
1355 1475 1406 1544 se,
1426 1475 1497 1528 uuo
1512 1453 1661 1528 scutario
1678 1463 1714 1528 et
1733 1453 1871 1528 duobus
1888 1455 2001 1550 equis,

588 1578 782 1652 llichilooto
798 1577 844 1651 de
860 1577 1059 1651 Mareecallo
1071 1598 1135 1673 pro
1157 1599 1195 1652 se
1212 1587 1247 1651 et
1258 1599 1356 1672 equo
1373 1599 1461 1670 uuo,
1477 1577 1628 1652 lordono
1647 1578 1817 1652 Saraoeuo
1837 1599 1900 1674 pro
1914 1601 1953 1652 se
1969 1589 2004 1653 et

588 1723 681 1798 equo
693 1723 795 1776 unoa
813 1701 971 1775 kalendis
988 1701 1137 1796 proximi
1152 1702 1282 1775 mensis
1291 1702 1403 1775 martii
1418 1703 1498 1774 Xlll
1511 1701 1710 1776 indictionis
1721 1723 1893 1796 expensas
1899 1704 2003 1796 juxta

587 1828 731 1900 assisam
752 1827 848 1899 curie
872 1827 908 1898 iu
928 1847 1037 1918 regno
1060 1825 1212 1900 inantea
1230 1825 1407 1899 donecibi
1426 1827 1572 1917 inerint,
1592 1847 1657 1898 uec
1677 1847 1747 1900 non
1761 1825 1950 1902 Corradiuo
1967 1838 2002 1900 et

588 1952 770 2026 Gnillelmo
782 1950 945 2046 predictis
958 1973 1021 2046 pro
1033 1950 1196 2046 expensis
1207 1951 1334 2022 mensis
1347 1950 1509 2023 februarii
1523 1949 1691 2046 presentis
1701 1951 1822 2024 nucius
1832 1951 1891 2024 Vll
1902 1949 1943 2046 ¹l,
1954 1947 1999 2026 ad

587 2075 726 2172 pondus
741 2075 837 2148 curie
849 2073 979 2148 debeas
993 2073 1171 2148 exhibere.
1189 2075 1254 2147 Pro
1270 2073 1462 2147 falconibus
1479 2081 1594 2148 entem
1614 2074 1805 2147 secundm
1820 2074 1914 2169 qnod
1931 2097 2000 2148 au-

588 2201 763 2294 gebuntur
787 2209 822 2272 et
844 2199 1041 2271 minuentur
1057 2197 1092 2269 iu
1115 2219 1274 2288 numero,
1304 2197 1497 2270 necessaria
1522 2197 1654 2270 tribuas
1676 2197 1723 2271 ud
1743 2198 1998 2293 requisitionem

587 2324 764 2398 Corrndiui
777 2324 851 2416 jum
865 2320 948 2396 dicti
963 2330 999 2394 et
1016 2321 1062 2394 de
1075 2321 1237 2394 omnibus
1252 2343 1322 2416 que
1342 2319 1482 2394 dederis
1502 2321 1547 2392 ab
1565 2342 1607 2394 eo
1625 2323 1771 2417 recipies
1791 2321 1969 2418 apodixns.

636 2449 760 2521 Datum
774 2447 938 2534 viterbii,
959 2446 1078 2518 ultimo
1096 2445 1277 2534 lobi-uarii,
1294 2446 1372 2517 Xlll
1391 2444 1599 2518 indictionis.

636 2573 686 2645 De
705 2573 873 2667 insperanti
888 2570 1044 2642 monduto
1064 2572 1196 2664 scripsit
1214 2571 1396 2662 Iioqpcricr
1416 2569 1456 2640 de
1475 2569 1755 2641 Petruatnrnnilo:

636 2697 851 2788 Fredorious,
866 2705 951 2786 etc,
967 2693 1169 2767 Alexandro
1186 2692 1256 2766 filio
1273 2693 1428 2784 Haurioi,
1444 2701 1511 2765 eto.
1529 2693 1697 2766 Fidelitati
1717 2705 1776 2766 tuo
1795 2692 2000 2768 mandamus

587 2833 760 2920 quatenus
778 2821 979 2916 magistrum
997 2819 1209 2892 Gualterinm
1222 2818 1405 2912 Anglioum
1421 2828 1456 2888 et
1470 2817 1690 2890 Guillelmum
1707 2815 1815 2890 lilium
1834 2819 1911 2909 ejus
1930 2819 2000 2890 lal-

588 2947 743 3022 oonerios
753 2955 788 3019 et
806 2943 925 3018 fideles
938 2953 1071 3017 nostros
1088 2942 1133 3016 de
1148 2944 1295 3038 pecunia
1310 2941 1405 3014 curie
1419 2949 1534 3014 nostre
1549 2963 1618 3036 qne
1636 2951 1688 3014 est
1707 2963 1769 3036 per
1785 2964 1908 3013 mantra
1923 2952 1999 3013 tuas

588 3073 654 3148 hac
668 3073 745 3144 vice
759 3078 892 3144 tautum
910 3068 1009 3140 iudui
1028 3069 1133 3140 iacias
1149 3067 1390 3140 condecenter.

637 3197 761 3268 Datum
779 3191 941 3284 viterbii,
961 3193 1083 3264 ultimo
1101 3191 1281 3282 februarii,
1297 3189 1375 3262 XIII
1391 3187 1602 3262 indictionis.

638 3319 773 3390 Similes
789 3315 927 3411 scripsit
942 3311 1002 3412 [ad
1020 3311 1196 3412 eumdem]
1211 3314 1256 3387 do
1272 3313 1394 3387 eodem
1412 3312 1575 3385 mandato
1594 3333 1655 3409 pro
1675 3311 1868 3386 Conredino
1894 3313 2001 3386 laieo-

590 3444 697 3516 nenio.

795 3643 1087 3656 m...-
1093 3639 1793 3652 a-u--n——u-—n——u—-a--u—-u-ffl—-m

641 3899 863 3985 Mandatum
889 3899 940 3982 ad
970 3883 1160 4007 Angelum
1196 3895 1392 3979 Frisarum
1427 3895 1475 3976 de
1509 3889 1696 3974 solutione
1722 3885 1904 3996 pecuniae
1928 3909 1998 3994 pro

588 4033 746 4118 scutella
763 4031 926 4138 onichii,
945 4032 994 4113 de
1019 4027 1275 4139 assignatione
1303 4025 1485 4135 peonmae
1507 4023 1709 4106 ammirato
1736 4046 1805 4128 pro
1826 4016 1997 4101 emendis

587 4165 836 4272 victualibus,
860 4167 909 4248 de
926 4163 1088 4246 navibus
1107 4161 1298 4244 frumento
1320 4159 1525 4244 onerandis
1552 4168 1590 4240 et
1615 4180 1746 4240 versus
1776 4149 1998 4235 Barbariom

589 4301 784 4384 mittendis
798 4301 900 4382 unde
917 4297 1068 4381 luorum
1086 4295 1214 4378 curiae
1231 4303 1501 4403 consequatur.

670 4499 800 4582 (licoat.
812 4498 917 4578 inm.
929 4492 1049 4557 Itan.
1061 4495 1102 4574 11,
1118 4493 1171 4555 Iol.
1186 4503 1223 4554 ‘tr
1236 4499 1330 4566 recto3
1346 4493 1378 4554 lu
1390 4492 1462 4554 adit.
1480 4491 1617 4564 Carmo„
1632 4504 1663 4566 p.
1679 4484 1763 4564 tto.)

635 4681 682 4750 De
706 4675 862 4749 modcto
885 4672 1057 4768 imperiali
1076 4673 1162 4764 [octo
1175 4692 1238 4765 per
1254 4667 1403 4762 jndicem
1426 4669 1563 4740 Petrum
1582 4663 1622 4738 dc
1657 4662 1755 4735 Vinea
1779 4660 1912 4754 roiprs't
1934 4655 1995 4728 Io·

588 4800 881 4876 ostnordroni:
