4564 6038
554 692 634 756 119⁴
1075 683 1257 750 conflant
1282 687 1438 762 obeant
1773 688 1856 768 [llas.
1873 687 1965 750 leto.

631 821 763 904 (Edlder.
778 817 1008 894 sumamma,
1017 817 1094 880 liare
1107 818 1267 903 Schriften,
1279 828 1304 884 t.
1315 821 1370 891 lv,
1385 837 1417 900 p.
1433 827 1554 882 atte—
1566 819 1759 894 Βιιιοιιιιιι,
1774 815 1965 882 llrbaadcad.

660 927 721 1008 filr
735 923 781 987 dic
796 921 895 988 dcccli.
914 921 963 986 dar
975 921 1140 1000 Nlcdmlr„
1153 944 1211 990 au.
1226 927 1323 1002 band,
1338 944 1370 1006 p.
1389 934 1458 1002 m,
1474 933 1509 987 n·
1522 933 1594 1005 all,
1613 941 1652 988 ex
1670 927 1778 1005 ongtn.
1795 928 1828 986 ln
1845 926 1963 988 erebia.

669 1035 752 1096 cluit.
768 1028 886 1110 colon.)

598 1218 776 1293 Conradus
790 1217 864 1290 divi
874 1218 1012 1310 angusti
1030 1217 1245 1313 imperatoris
1264 1218 1428 1293 Friderici
1444 1216 1554 1310 lilius,
1578 1217 1641 1290 Dei
1658 1217 1770 1312 gratia
1788 1217 1964 1292 Romano·

549 1364 628 1416 rum
641 1343 676 1414 in
690 1361 807 1432 ωςοιιι
821 1341 952 1413 electus
959 1361 1095 1435 semper
1106 1350 1276 1436 augustus
1285 1349 1320 1415 et
1327 1341 1428 1416 beree
1440 1341 1539 1436 regni
1552 1339 1754 1425 Jerusalem,
1765 1339 1962 1432 jndicibus,

550 1465 701 1540 scabinis
729 1471 764 1538 et
799 1461 971 1536 universis
998 1461 1133 1536 civibus
1165 1463 1425 1538 Coloniensibus
1455 1461 1618 1536 fidelibus
1651 1459 1786 1558 imperii
1816 1461 1965 1555 matiam

549 1611 648 1663 snam
665 1595 700 1661 et
715 1607 818 1662 omne
837 1587 981 1660 bonum.
1002 1587 1219 1683 decipientes
1240 1587 1452 1682 benignitate
1471 1587 1571 1661 solita
1594 1586 1723 1660 litteras
1739 1606 1830 1682 quas
1846 1593 1966 1659 nosne

551 1712 693 1786 culmini
708 1709 920 1798 destinastis,
936 1709 983 1783 ad
993 1730 1114 1784 earum
1131 1719 1285 1784 tenorem
1299 1733 1370 1806 qno
1381 1710 1469 1785 fides
1478 1723 1514 1784 et
1526 1708 1666 1785 devotio
1677 1717 1793 1783 vestra
1803 1717 1966 1782 constant

549 1835 679 1929 quibus
695 1833 874 1909 dominum
888 1842 923 1905 et
936 1841 1067 1928 patrem
1085 1843 1253 1926 nostrum,
1269 1853 1335 1907 nos
1351 1841 1385 1908 et
1399 1833 1583 1929 imperium
1595 1831 1858 1928 amplectimini,
1875 1851 1965 1926 paro

549 1957 655 2032 corde
668 1967 781 2052 grates
795 1957 897 2030 vobis
912 1955 1092 2030 relerimus
1103 1957 1228 2031 uberae
1242 1966 1277 2030 et
1291 1964 1450 2030 attentas.
1464 1955 1507 2029 llt
1523 1975 1605 2029 ecce
1616 1965 1656 2028 nt
1674 1955 1846 2050 possimne
1858 1953 1966 2027 vicia-

548 2081 756 2156 sitndinaria
773 2081 976 2176 repensione
1001 2078 1085 2153 fidei
1107 2081 1252 2176 implere
1273 2101 1343 2175 qne
1363 2101 1385 2152 a
1407 2079 1508 2152 nobis
1525 2078 1640 2174 petitis
1657 2087 1692 2152 et
1713 2077 1879 2174 speratis,
1900 2099 1966 2173 per

548 2205 714 2300 speciales
730 2206 859 2278 litteras
875 2213 1008 2278 nostras
1026 2202 1262 2277 defensionem
1281 2212 1432 2276 vestram
1449 2201 1631 2276 comitibus
1647 2203 1816 2298 Seynensi
1832 2211 1867 2275 et
1884 2201 1965 2273 Gel-

548 2329 641 2402 rensi
667 2327 861 2421 dequibus
883 2325 1047 2400 fiduciam
1070 2327 1222 2421 gerimus
1243 2326 1445 2422 specialem,
1468 2325 1636 2398 duximus
1655 2323 1962 2414 committendam

547 2452 668 2546 sicque
685 2450 857 2524 universis
870 2449 1034 2546 periculis
1048 2471 1118 2544 que
1131 2471 1195 2545 pro
1207 2449 1415 2523 emulatione
1426 2471 1514 2544 pure
1527 2447 1722 2522 devotionis
1732 2456 1848 2522 vestre
1860 2447 1965 2522 vobis

548 2573 730 2648 imminere
743 2583 897 2669 possent,
914 2583 1052 2646 scutum
1067 2581 1183 2645 nostre
1198 2573 1307 2668 gratie
1325 2571 1545 2668 opponimus,
1565 2571 1662 2666 qnod
1682 2581 1800 2646 tenore
1817 2593 1963 2668 presen-

548 2697 635 2769 tium
652 2695 699 2770 de
712 2694 930 2792 plenitudine
945 2695 1052 2770 nostri
1065 2695 1200 2770 consilii
1216 2693 1421 2770 confitemur
1438 2695 1534 2790 quod
1550 2705 1669 2768 contra
1687 2694 1882 2789 omnesqui
1898 2717 1964 2769 vos

549 2823 661 2896 conati
681 2822 809 2895 tuerint
828 2821 1010 2894 molestare
1025 2841 1088 2917 pro
1111 2841 1154 2894 eo
1173 2821 1256 2916 qnia
1273 2819 1415 2895 domino
1436 2829 1470 2894 et
1484 2821 1574 2916 patri
1593 2829 1710 2894 nostro
1726 2821 1963 2894 Romanorum

547 2945 748 3042 imperatori
766 2954 800 3018 et
818 2943 919 3018 nobis
936 2943 982 3018 ad
997 2944 1165 3018 honorem
1180 2944 1314 3040 imperii
1331 2951 1449 3018 cenna
1469 2943 1658 3040 quemlibet
1675 2941 1867 3036 anheletis,
1884 2943 1963 3016 sive

547 3089 694 3166 persone
703 3069 773 3141 sint
782 3067 1012 3141 ecclesiastice
1025 3069 1081 3141 vel
1094 3066 1284 3160 mundane,
1300 3065 1391 3142 bona
1406 3067 1477 3142 flde
1491 3069 1681 3143 astabimus
1694 3089 1834 3142 necros
1848 3065 1963 3141 dimit·

547 3201 661 3266 temam
675 3201 813 3287 propter
829 3213 949 3264 casum
967 3191 1121 3284 aliquem
1142 3199 1374 3286 emergentem
1390 3211 1455 3265 nec
1472 3191 1576 3266 etiam
1597 3191 1876 3286 compositionem
1892 3189 1961 3264 ali-

546 3337 653 3411 quam
671 3315 772 3388 vobis
785 3315 951 3388 faciemus
966 3315 1129 3401 exclusis,
1146 3335 1323 3410 perquam
1335 3315 1437 3388 vobis
1449 3326 1555 3410 queat
1566 3314 1960 3389 detrimentnmhonoris

545 3439 604 3512 vel
622 3459 736 3511 rerum
755 3437 977 3534 dispendium
997 3437 1191 3532 pervenire.
1209 3435 1402 3530 Adjicimus
1419 3458 1560 3532 qnoque
1571 3437 1697 3511 vestris
1712 3437 1843 3510 meritis
1856 3437 1958 3512 talem

545 3561 691 3656 gratiam
713 3560 810 3654 quod
828 3558 934 3634 fidem
957 3570 992 3634 et
1009 3561 1192 3655 puritatem
1210 3569 1361 3635 vestram
1384 3560 1745 3634 recommendabimus
1764 3559 1906 3635 domino
1923 3569 1959 3634 et

545 3685 635 3780 patri
652 3692 768 3756 nostro
786 3692 821 3756 et
837 3683 1056 3778 precabimur
1076 3681 1153 3779 (ric)
1170 3681 1267 3778 quod
1285 3691 1443 3779 patentes
1462 3703 1544 3756 snas
1560 3682 1689 3758 litteras
1707 3682 1891 3770 babebitis,
1909 3684 1959 3756 ita

546 3805 642 3901 qnod
659 3805 838 3880 occasione
855 3806 951 3878 nulla
968 3825 1033 3880 vos
1050 3803 1200 3896 deseret,
1219 3803 1284 3879 sed
1300 3805 1401 3880 vobis
1418 3803 1529 3880 aderit
1543 3814 1711 3904 perpetua
1725 3806 1835 3900 gratia
1850 3815 1886 3880 et
1901 3807 1959 3880 la-

545 3949 643 4004 vore.
663 3929 831 4014 Quocirca
847 3927 1108 4002 universitatem
1123 3937 1274 4002 vestram
1299 3928 1485 4002 affectuose
1504 3929 1712 4026 requirimus
1727 3937 1762 4002 et
1777 3950 1957 4004 monemus

545 4060 718 4148 qnatenus
729 4053 833 4146 juxta
848 4051 1053 4147 promissam
1069 4052 1169 4124 nobis
1188 4051 1293 4125 iidem
1311 4073 1390 4124 eum
1411 4052 1567 4146 genitore
1588 4061 1705 4128 nostro
1719 4052 1902 4126 nobiscnm
1922 4061 1959 4127 et

545 4175 690 4273 imperio
708 4189 778 4248 tam
791 4173 1002 4249 confidenter
1017 4177 1151 4250 terrore
1166 4177 1301 4251 sincem
1312 4177 1489 4250 ambulare
1504 4177 1643 4268 careda,
1656 4183 1696 4249 ut
1713 4177 1864 4252 inimicis
1875 4197 1958 4252 noe·

545 4301 608 4372 tris
621 4319 690 4372 non
708 4297 810 4372 detur
830 4299 927 4370 locus
950 4299 987 4370 in
1003 4297 1106 4372 vobis
1123 4321 1186 4396 per
1209 4321 1314 4396 ᾳιιοιιι
1338 4301 1400 4373 nlli
1420 4301 1614 4376 emulorum
1631 4310 1824 4376 vestrarum
1842 4311 1958 4398 pomet

545 4421 661 4516 aliqua
677 4419 828 4516 suspicio
844 4421 1006 4494 suboriri.
1191 4507 1195 4514 ,

592 4545 716 4617 Datum
731 4543 826 4640 apud
842 4545 995 4634 Ulmam‚
1017 4546 1163 4640 septimo
1173 4545 1272 4639 julii,
1291 4545 1368 4618 Xlll
1384 4545 1584 4618 indictione.
