4358 5996
527 595 588 658 998
1023 593 1236 658 ttlttttttttlct
1258 595 1430 658 scccttot
1746 595 1826 676 [nm.
1843 597 1931 665 124⁰.

526 729 614 824 pati,
627 727 718 800 bano
734 727 848 800 minos
862 727 1011 823 propriis
1026 731 1163 823 assequi
1181 752 1363 826 possumus
1376 729 1520 820 meritis,
1531 737 1729 804 sauctorum
1747 741 1781 804 at
1795 733 1932 824 religio·

527 872 643 924 sorum
666 871 733 946 ope
755 860 788 923 et
810 851 1112 924 intercessionibus
1129 852 1290 926 ducimus
1307 852 1478 946 adjuvari.
1503 853 1693 950 Eapmpter
1716 865 1836 928 uotum
1857 876 1932 928 esse

529 975 693 1047 volumus
720 973 781 1045 toti
807 973 951 1068 imperio
974 983 1009 1046 ct
1034 975 1198 1070 precipue
1223 974 1357 1049 dilectis
1382 974 1461 1046 liliis
1485 976 1611 1048 nostris
1638 985 1673 1048 ot
1696 977 1790 1050 omui
1819 987 1933 1052 nosbo

527 1098 718 1193 posteritati
732 1099 946 1172 venerabiles
964 1101 1083 1171 iratres
1102 1108 1234 1173 nostros
1248 1099 1293 1173 de
1305 1102 1430 1172 sancto
1439 1099 1625 1172 Oudalrico
1638 1099 1932 1196 apuddugustam

529 1221 633 1294 corde
651 1221 800 1316 perlecto
820 1231 854 1294 ct
872 1221 989 1294 anima
1008 1222 1146 1295 volente
1167 1243 1231 1297 nos
1253 1223 1289 1294 iu
1311 1243 1374 1296 suc
1393 1222 1613 1294 fraternitatis
1631 1223 1824 1318 suscepisse
1845 1245 1934 1297 cou-

528 1344 687 1436 sortinm3
709 1345 756 1416 ita
771 1343 931 1416 videlicet
948 1353 987 1416 ut
1003 1345 1103 1418 uobis
1119 1344 1185 1417 bac
1200 1345 1282 1440 vita·
1293 1342 1567 1437 decedentibus..
1580 1345 1713 1440 utipm
1728 1367 1768 1420 se
1784 1347 1933 1419 invicem

527 1467 585 1539 vel
603 1488 665 1564 pro
683 1467 807 1539 abbate
830 1489 894 1540 suo
912 1466 1076 1540 defuncto
1093 1469 1234 1562 vigiliis,
1254 1453 1393 1562 jejuniis
1411 1449 1448 1541 ¹et
1467 1469 1679 1540 orationibus
1700 1469 1810 1541 solent
1832 1469 1933 1542 desu-

528 1588 629 1680 dare,
654 1611 724 1662 nou
746 1589 862 1660 minus
883 1610 945 1683 pro
967 1588 1207 1684 redemptione
1226 1590 1341 1663 anime
1360 1601 1478 1662 nostre
1502 1591 1633 1663 eisdem
1654 1603 1688 1663 et
1710 1591 1786 1663 aliis
1807 1591 1934 1664 divinis

529 1711 803 1784 exhibitionibus
826 1711 1006 1784 intendant
1030 1712 1199 1786 laborare.
1223 1712 1324 1798 Quod
1352 1713 1486 1808 pietatis
1514 1713 1665 1786 officium
1692 1712 1933 1807 magnipendi-

528 1856 619 1926 mus,
635 1844 670 1906 et
682 1835 789 1928 quieti
804 1855 923 1906 eorum
938 1855 1045 1928 quam
1059 1836 1096 1906 in
1109 1837 1180 1907 Deo
1194 1835 1322 1908 habeut
1337 1835 1542 1909 omnimodis
1554 1837 1753 1931 suffragari,
1769 1845 1804 1909 ct
1818 1846 1934 1910 contra

527 1978 766 2051 perversorum
784 1957 1018 2030 infestationes
1034 1958 1085 2030 cis
1103 1959 1298 2052 prospicere
1311 1959 1347 2030 iu
1367 1961 1520 2031 iuturum
1540 1959 1771 2032 decrevimus.
1789 1960 1935 2033 Proinde

528 2081 691 2153 universa
706 2080 875 2153 bonesen
892 2081 1122 2174 possessiones
1135 2081 1315 2175 largitione
1331 2081 1493 2154 divorum
1514 2083 1758 2176 imperatorum
1779 2103 1842 2154 seu
1861 2081 1935 2177 cpi-

528 2221 710 2296 scoporum
726 2201 801 2272 sive
819 2200 990 2273 oblatione
1008 2199 1161 2275 fidelium
1178 2204 1228 2276 cis
1245 2203 1381 2293 collata,
1398 2204 1452 2276 vel
1468 2225 1538 2296 quc
1556 2203 1592 2274 in
1607 2211 1782 2298 posterum
1792 2205 1886 2294 juste
1901 2213 1936 2275 et

526 2323 679 2417 legitime
701 2331 840 2396 auctore
861 2323 932 2396 Deo
958 2333 1118 2418 poterunt
1141 2323 1306 2419 adipisci,
1325 2325 1491 2420 imperiali
1510 2326 1692 2397 clementia
1712 2323 1845 2397 eisdem
1867 2325 1936 2397 ba·

525 2445 636 2518 tribus
652 2453 687 2518 et
710 2445 760 2518 eis
777 2445 987 2518 successuris
1007 2444 1261 2520 confirmamus.
1286 2445 1362 2532 Qua
1379 2445 1503 2542 partim
1520 2447 1593 2520 suis
1611 2447 1809 2520 nominibus
1825 2446 1935 2518 duxi·

527 2589 606 2642 mus
624 2568 863 2663 exprimenda.
880 2568 1078 2645 Stabilimus
1091 2570 1209 2664 itaque
1218 2569 1335 2642 abbati
1347 2569 1398 2666 (a)
1412 2577 1447 2641 et
1458 2570 1620 2645 tratribus
1630 2571 1704 2644 suis
1717 2568 1936 2644 advocatiam

526 2691 563 2762 in
589 2693 753 2765 Husteten
766 2691 829 2788 (b),
850 2692 990 2764 Pontem
1012 2692 1084 2764 Lici
1106 2693 1143 2764 in
1166 2713 1271 2767 arena
1294 2693 1363 2765 Lici
1391 2694 1483 2765 cultu
1503 2701 1538 2766 ct
1554 2693 1701 2783 inculta,
1719 2691 1872 2765 decimas
1888 2713 1936 2765 ex

527 2813 664 2910 oppidis
686 2815 722 2886 in
745 2816 874 2888 Straza.
897 2815 982 2886 Item
1006 2813 1095 2888 duos
1117 2836 1255 2888 mansos
1275 2813 1311 2886 in
1332 2816 1512 2909 Moriugen
1533 2823 1568 2888 et
1587 2815 1617 2886 si
1637 2837 1709 2908 qua
1736 2813 1866 2887 babent
1887 2837 1936 2888 ex

527 2936 713 3010 donatione
734 2937 874 3010 illustris
897 2937 1059 3010 avunculi
1080 2937 1186 3010 nostri
1208 2937 1389 3011 Wellonis.
1411 2937 1499 3010 ltorn
1521 2957 1741 3032 quecumque
1758 2937 1851 3009 bona
1869 2937 1935 3008 mi·

526 3059 716 3133 nisteriales
734 3058 856 3155 prelati
873 3060 1036 3132 avunculi
1055 3061 1160 3133 nostri
1173 3059 1341 3134 Wellonis
1355 3069 1389 3134 at
1403 3059 1651 3155 consanguinei
1666 3057 1771 3132 nostri
1783 3051 1935 3132 Raurici

527 3181 704 3278 quondam
733 3181 832 3254 ducis
854 3182 1093 3256 Bawariorum
1124 3203 1170 3256 ex
1193 3203 1313 3256 corum
1340 3183 1534 3258 coniventia
1554 3183 1606 3256 cis
1631 3183 1866 3270 contuleruut,
1901 3191 1936 3254 et

527 3305 626 3400 quod
650 3305 850 3380 Adilbertus
874 3307 910 3378 in
934 3305 1179 3380 Phalcuhoueu
1200 3319 1236 3378 et
1257 3307 1440 3399 Gerungus
1464 3307 1500 3378 in
1519 3306 1672 3380 Ol'uusen
1692 3315 1727 3378 et
1747 3304 1871 3378 Berbta
1890 3302 1936 3376 de

528 3427 723 3522 Schiriugiu
743 3429 779 3500 in
798 3427 995 3502 Oberudort
1011 3437 1046 3502 ct
1068 3429 1251 3504 Heinricus
1272 3429 1318 3502 de
1335 3431 1470 3502 Buorou
1492 3429 1529 3500 in
1548 3427 1832 3522 Tagcbresboveu
1851 3425 1936 3520 ipsis

529 3547 745 3622 tradiderunt
771 3546 843 3646 (t),
870 3557 905 3622 et
935 3549 1017 3622 item
1046 3549 1205 3645 predium
1235 3551 1272 3622 in
1301 3549 1522 3625 Winidisvclt
1548 3550 1644 3644 quod
1672 3547 1861 3624 Gcrdrudis
1890 3547 1936 3620 de

529 3671 721 3745 Triusbaim
739 3672 789 3746 eis
808 3694 870 3770 per
887 3695 1029 3746 manum
1049 3683 1201 3747 nostram
1220 3684 1255 3748 et
1275 3675 1329 3748 sui
1350 3673 1510 3748 advocati
1534 3674 1686 3746 Heinrici
1703 3673 1754 3746 eis
1772 3669 1932 3758 contulit,

529 3805 564 3872 ct
580 3817 800 3892 quecumque
816 3795 997 3870 tricenaria
1014 3797 1258 3892 prescriptione
1272 3797 1389 3892 quiete
1404 3795 1632 3892 possederunt
1649 3795 1706 3868 vel
1724 3795 1760 3866 in
1781 3795 1935 3866 futurum

530 3919 694 4014 consequi
718 3921 810 4012 justo
838 3925 1017 4014 poterunt,
1038 3920 1236 4010 magestatis
1267 3927 1383 3993 nostre
1405 3918 1608 3994 auctoritate
1632 3915 1875 3992 confirmamus
1900 3922 1935 3986 ct

530 4040 822 4116 confirmationem
843 4041 954 4136 ipsam
975 4050 1084 4114 ratam
1108 4051 1142 4114 et
1161 4041 1397 4116 inconvulsam
1413 4042 1578 4137 deinceps
1601 4060 1801 4136 permanere
1818 4037 1934 4110 docm-

572 4215 615 4297 (v)
636 4218 752 4280 Scilicet
760 4213 941 4298 Maacpoldo.
1036 4257 1041 4270 .

573 4321 615 4404 (b)
635 4324 828 4389 Hcvartrttcn
839 4339 930 4402 propa
942 4323 1118 4401 Augustam.

568 4583 605 4656 (l)
623 4584 710 4657 Super
729 4584 772 4642 bis
793 4584 984 4644 traditionibus
999 4589 1028 4640 et
1043 4583 1164 4641 looomm
1181 4583 1347 4655 nominibus,
1360 4583 1396 4642 cl.
1411 4583 1476 4658 quid
1489 4587 1611 4642 summes
1624 4581 1858 4641 Honomeotororn
1871 4577 1933 4634 lici·

531 4696 634 4754 οοιιιιιι,
649 4681 700 4740 sub
713 4681 809 4740 litteris
822 4698 846 4753 c,
860 4679 888 4754 d,
901 4697 923 4752 c,
936 4680 958 4754 t,
973 4697 1000 4754 p,
1015 4680 1044 4752 t,
1060 4682 1082 4750 i,
1094 4681 1291 4740 annotaverint.
