4564 6038
537 677 614 738 1150
1036 679 1246 744 rnrnnnrcr
1272 681 1448 743 sncuunr
1751 677 1830 756 [sn.
1848 678 1940 738 retr.

533 831 710 905 carusper
719 813 935 886 Tartarorum
950 814 1094 886 nuncios
1106 824 1140 887 ot
1147 817 1276 890 litteras
1284 817 1472 912 requisitos
1483 821 1523 885 nt
1535 813 1567 884 si
1575 833 1674 886 snam
1682 812 1789 886 vitam
1801 820 1944 906 cuperet

534 942 569 1006 et
584 955 738 1018 suorum,
755 955 817 1030 per
829 956 926 1009 suam
945 945 980 1006 et
997 937 1095 1030 regni
1110 939 1165 1010 sui
1179 939 1390 1014 deditionem
1407 959 1526 1012 eorum
1539 937 1683 1028 gratiam
1699 935 1843 1008 tostinus
1855 956 1944 1030 pre-

532 1056 678 1147 veniret,
693 1077 758 1128 nso
771 1056 822 1128 sic
835 1058 1031 1150 perterritus
1043 1068 1103 1132 ant
1124 1059 1269 1134 edoctus
1287 1061 1360 1133 suis
1377 1060 1433 1132 vel
1449 1058 1526 1132 aliis
1542 1059 1685 1154 prestitit
1696 1056 1943 1130 documentum

533 1186 572 1250 ut
589 1179 664 1274 ipse
681 1189 716 1252 et
731 1179 786 1251 sni
804 1201 842 1252 se
859 1181 1030 1252 maturius
1046 1181 1093 1254 ad
1108 1203 1229 1256 eorum
1241 1181 1387 1277 protecti
1397 1180 1675 1276 premunirentur
1685 1180 1855 1251 incursus.
1872 1175 1944 1250 Sed

532 1301 683 1374 bostium
706 1311 956 1398 contemptores
973 1303 1052 1377 elati
1067 1305 1123 1378 vel
1149 1306 1257 1378 nescii
1275 1305 1360 1377 dum
1379 1303 1520 1376 inimico
1534 1303 1706 1376 vicinante
1721 1321 1845 1393 segnes
1862 1301 1945 1374 don

531 1424 690 1498 mitarent
705 1425 772 1498 loci
795 1425 913 1498 nativo
935 1428 1127 1500 munimine
1145 1429 1378 1518 confidentes,
1404 1427 1470 1523 ipsi
1487 1447 1583 1500 more
1603 1425 1752 1498 turbinis
1776 1424 1943 1498 intrantes

531 1568 592 1620 eos
613 1547 771 1642 undique
795 1548 1055 1622 circumdabant
1077 1553 1263 1646 repentini.
1284 1551 1330 1624 Αι
1352 1550 1506 1644 [longari
1528 1560 1608 1623 ants
1633 1557 1853 1644 expectatum
1868 1548 1944 1620 cir-

532 1669 685 1744 cumdati
703 1680 738 1743 et
754 1672 908 1766 oppressi
925 1674 1021 1745 velut
1037 1674 1196 1769 imparati
1212 1675 1297 1770 ipsis
1313 1674 1465 1768 objicere
1483 1682 1594 1746 castra
1615 1672 1883 1760 contenderunt,
1905 1681 1943 1744 et

530 1815 612 1868 cnm
630 1793 796 1868 distarent
807 1797 962 1890 quinque
975 1807 1108 1870 tantum
1125 1799 1327 1872 milliaribus
1345 1799 1426 1871 hinc
1441 1797 1615 1872 exercitus
1625 1799 1843 1871 Tartarornm
1858 1791 1943 1867 inde

531 1919 790 2011 Hungarorum,
810 1919 984 1992 irruerunt
1001 1923 1126 2018 raptim
1149 1923 1184 1995 in
1201 1945 1327 1997 aurore
1344 1923 1547 2018 crepusculo
1571 1923 1788 1994 Tartarorum
1810 1939 1942 2013 pream-

530 2041 623 2132 bnli,
641 2051 676 2113 et
692 2042 808 2114 subito
821 2043 942 2115 castris
959 2046 1203 2138 Hongarorum
1218 2046 1459 2136 circumdatis,
1477 2044 1663 2118 interiectis
1678 2043 1790 2138 primo
1805 2040 1943 2136 prelatis

531 2173 566 2236 et
579 2165 768 2256 majoribus
786 2168 831 2239 de
842 2188 949 2260 regno
961 2169 1022 2261 qui
1038 2190 1077 2241 ss
1089 2170 1285 2261 objecerant
1300 2169 1402 2258 cesis,
1417 2167 1587 2240 infinitam
1600 2169 1841 2260 Hungarornm
1855 2163 1944 2236 mul-

530 2287 711 2360 titudinem
728 2309 812 2382 gens
830 2289 968 2362 inimica
985 2291 1181 2385 trucidavit,
1201 2301 1349 2386 stragem
1369 2293 1498 2364 faciens
1511 2290 1703 2364 inauditam
1719 2287 1776 2360 cui
1796 2307 1843 2360 ex
1857 2287 1945 2360 anti·

530 2411 689 2506 quissimi
710 2413 809 2506 lapsu
830 2414 995 2508 temporis
1019 2415 1054 2486 in
1076 2437 1146 2490 nno
1162 2417 1243 2489 belli
1265 2415 1427 2489 condictu
1443 2415 1507 2489 vix
1523 2413 1683 2488 recolitur
1700 2410 1805 2484 fuisse
1822 2410 1945 2483 consi-

532 2535 631 2606 milis.
650 2535 705 2606 En
730 2535 812 2628 luga
838 2535 943 2630 igitur
963 2559 1028 2610 rex
1047 2540 1109 2610 uix
1134 2540 1272 2635 elapsus
1296 2549 1349 2612 est
1374 2559 1466 2634 equo
1486 2545 1605 2633 raptus
1622 2535 1850 2608 velocissimo.
1873 2533 1944 2618 Qui

531 2679 607 2730 raro
629 2659 772 2730 satellite
797 2659 942 2754 stipatus
960 2663 1146 2752 associato,
1170 2663 1216 2736 ad
1241 2663 1425 2735 iratemam
1455 2660 1607 2756 Hyllirici
1629 2656 1728 2748 regni
1755 2667 1882 2728 sortem
1904 2663 1945 2726 ut

530 2781 649 2853 saltem
675 2781 804 2855 ibidem
827 2792 1063 2878 protegeretur
1089 2785 1257 2880 fugitivus
1283 2785 1449 2858 avolavit.
1469 2783 1624 2856 Victores
1644 2779 1750 2874 igitur
1772 2777 1894 2850 castris
1908 2783 1945 2848 et

530 2904 648 2999 spoliis
660 2905 830 2978 victorum
845 2907 1047 2980 insederunt
1061 2909 1269 3000 exultantes,
1285 2911 1497 3002 jamjamque
1510 2907 1677 2998 majorem
1693 2911 1728 2976 et
1740 2899 1945 2975 nobiliorem

531 3029 706 3121 ilungarie
723 3041 852 3124 partem
868 3029 959 3104 ultra
976 3031 1174 3104 Danubium
1193 3033 1338 3104 fluvium
1359 3041 1395 3104 ct
1410 3031 1539 3104 incolas
1552 3031 1628 3124 ejus
1647 3027 1738 3101 terro
1754 3033 1789 3098 et
1805 3023 1945 3097 llamma

530 3151 680 3225 feraliter
699 3161 872 3227 vastantes
893 3165 1007 3228 cetera
1022 3155 1236 3230 contundere
1254 3155 1430 3228 minantur
1449 3153 1659 3250 procaciter,
1681 3157 1785 3245 prout
1800 3169 1864 3244 per
1882 3167 1944 3219 ve-

530 3276 718 3350 nerabilem
734 3277 934 3350 Vatiensem
951 3279 1150 3374 episcopum
1166 3279 1250 3352 dicti
1261 3277 1437 3372 Hungarie
1449 3276 1544 3370 regis
1561 3275 1713 3366 legatum
1729 3271 1775 3345 ad
1791 3278 1944 3344 nostram

531 3399 661 3470 curiam
678 3408 714 3471 et
736 3412 855 3494 postea
881 3400 927 3472 ad
945 3403 1133 3475 Romanam
1152 3401 1339 3476 didicimus
1354 3401 1576 3474 destinatum.
1595 3398 1659 3469 llic
1673 3416 1735 3492 per
1752 3415 1816 3466 nos
1835 3392 1946 3488 primo

532 3521 714 3592 transitum
728 3522 854 3595 faciens
865 3521 920 3596 bis
932 3525 1166 3598 testimonium
1181 3524 1357 3622 perhibuit
1373 3545 1442 3618 que
1454 3522 1555 3614 vidit,
1570 3528 1606 3592 et
1621 3515 1855 3592 testimoninm
1868 3517 1944 3607 ejus

531 3643 635 3716 nimis
650 3665 772 3717 verum
788 3655 851 3718 est.
880 3647 1022 3720 Necnon
1041 3649 1157 3722 etheo
1178 3669 1241 3742 per
1258 3648 1386 3721 litteras
1404 3645 1519 3720 dilecti
1536 3643 1598 3715 lilii
1612 3640 1719 3715 nostri
1738 3637 1887 3712 Conradi
1908 3638 1942 3708 in

531 3788 648 3864 regem
667 3770 901 3842 Romanorum
918 3770 1017 3844 electi
1034 3791 1170 3866 semper
1184 3767 1322 3865 augusti
1342 3779 1377 3842 et
1390 3769 1488 3864 regni
1505 3763 1793 3841 Hierusolimitani
1807 3759 1945 3833 heredis

532 3891 697 3986 regisque
723 3893 905 3983 Bohemie,
923 3893 1061 3968 Austrie
1078 3904 1113 3968 et
1136 3894 1281 3968 Bavarie
1301 3893 1451 3982 ducum,
1478 3892 1564 3988 ipsis
1585 3907 1727 3985 quoque
1744 3883 1944 3957 nuntiorum

532 4014 649 4088 verbis
662 4016 723 4110 qui
742 4015 786 4088 ds
803 4017 982 4090 vicinitate
1000 4015 1150 4090 hostium
1169 4016 1407 4112 experimento
1422 4025 1505 4088 sunt
1518 4012 1646 4104 edocti,
1665 4010 1800 4107 plenius
1817 4003 1944 4079 certifi-

533 4159 670 4230 camur,
689 4159 753 4212 nec
768 4139 835 4212 hec
848 4141 923 4212 sine
942 4161 1070 4234 magna
1085 4141 1191 4213 animi
1205 4141 1460 4236 perturbatione
1478 4137 1654 4235 potuimus
1666 4133 1840 4208 didicisse.
1855 4131 1946 4202 Sane

533 4263 623 4334 sicot
643 4261 794 4335 innotuit
822 4271 857 4336 et
878 4263 1081 4358 preambnla
1108 4265 1199 4338 fama
1229 4273 1403 4359 gestorum
1424 4263 1631 4358 proclamat,
1661 4253 1946 4331 indeterminatus

533 4384 706 4458 exercitus
728 4372 847 4459 eorum
868 4385 906 4456 in
931 4393 998 4458 tras
1023 4395 1140 4481 partes
1163 4387 1317 4461 infelices
1342 4409 1389 4460 ex
1416 4385 1554 4462 indulto
1576 4379 1712 4456 Domini
1738 4375 1946 4452 damnandis

389 4521 398 4536 ·
534 4508 686 4582 consiliis
704 4506 754 4605 (a)
772 4507 907 4582 divisus
922 4511 1099 4604 prooessit.
1120 4511 1207 4584 Num
1219 4532 1290 4584 una
1303 4531 1364 4606 par
1376 4511 1561 4582 Pructanos
1574 4503 1773 4580 transmissa
1787 4509 1823 4575 et
1835 4501 1946 4594 ingre·

576 4771 618 4852 (a)
639 4773 676 4834 1n
689 4774 830 4850 impresso
845 4771 1028 4837 damnandas
1038 4771 1184 4843 munito,
1206 4771 1288 4837 mate.
