4374 6010
237 695 418 778 lmrcr.18.]
685 690 882 755 HISTORIA
906 690 1202 757 nleuomarics.

289 1160 515 1246 Mandatum
537 1162 588 1245 ad
609 1159 888 1270 Alexandrum,
916 1159 1039 1244 filium
1060 1159 1231 1268 Hanrici,
1252 1169 1297 1242 ut
1318 1159 1521 1243 ammirato
1542 1160 1651 1271 regni
1713 1164 1821 1274 ,wa

238 1291 358 1376 iubis
376 1319 477 1404 quaa
498 1293 548 1378 ad
565 1293 734 1378 officium
750 1291 833 1403 ejus
848 1291 1038 1402 pertinent
1057 1291 1284 1401 respondeat
1300 1301 1338 1374 et
1354 1291 1539 1378 intendat.

323 1493 456 1577 (aaut.
469 1495 572 1578 isuper.
584 1493 704 1557 heder.
717 1495 758 1572 11,
772 1495 825 1558 iol.
841 1503 879 1556 stt
893 1509 994 1568 verso3
1008 1495 1042 1556 in
1054 1491 1123 1554 edit.
1140 1493 1275 1572 carran,
1288 1509 1321 1570 p.
1338 1495 1421 1569 891.)

297 1670 345 1741 lla
360 1671 532 1764 imperial
545 1669 703 1744 mundato
718 1673 812 1763 sacto
823 1691 887 1764 par
898 1667 1069 1764 mopiatror
1083 1666 1283 1740 Riccordum
1299 1678 1330 1739 et
1345 1667 1512 1742 Teddcum
1524 1669 1655 1764 scripsit

243 1792 470 1864 marentius:

300 1914 521 2006 fredericus,
547 1922 631 2004 etc,
657 1912 860 1988 Alexandm
881 1912 952 1986 tilio
970 1913 1122 1986 ilenrici.
1147 1915 1199 1988 De
1225 1911 1409 2008 prudentia
1433 1921 1468 1986 at
1493 1911 1658 1988 fidelitate

244 2038 392 2111 Nicolini
405 2038 551 2133 Spinula
567 2037 656 2110 civis
668 2036 780 2110 laune
795 2035 908 2110 fidelis
925 2035 1034 2109 nostri
1052 2035 1154 2132 plene
1171 2034 1305 2124 confisi,
1319 2055 1401 2108 aum
1419 2036 1465 2108 ob
1478 2047 1658 2133 expertam

244 2161 454 2236 industriam
481 2170 518 2234 et
546 2181 611 2234 sue
640 2157 724 2233 iidei
753 2160 914 2244 maritum
940 2158 1038 2254 regni
1064 2159 1179 2231 Sicilie
1208 2159 1391 2232 statuimus
1424 2161 1655 2234 ammiratum.

244 2283 453 2360 blandamus
473 2284 537 2356 tibi
561 2292 736 2380 quatenus
758 2283 967 2378 respondeas
990 2291 1026 2358 et
1052 2281 1212 2356 intendas
1233 2283 1347 2356 eidam
1372 2282 1418 2356 de
1442 2283 1660 2378 assignandis

246 2409 315 2480 sibi
333 2409 497 2500 navibus,
518 2407 626 2502 galeis
640 2415 676 2480 at
692 2405 849 2480 vassallis
870 2406 992 2480 ceteris
1013 2406 1110 2478 curia
1127 2413 1242 2478 nostra
1263 2427 1334 2500 qua
1357 2405 1466 2479 babes
1482 2429 1562 2481 cum
1585 2429 1661 2481 om·

247 2532 354 2606 uibus
369 2531 595 2628 apparatibus
612 2527 837 2618 eorumdem,
863 2527 910 2602 ad
927 2528 1110 2602 utilitatem
1133 2538 1250 2602 nostre
1273 2529 1368 2602 curie
1388 2529 1659 2626 procurandam,

247 2676 313 2730 nec
331 2675 402 2729 uon
419 2663 455 2730 et
472 2655 519 2730 da
542 2651 710 2728 sedendis
725 2652 894 2742 navibus,
912 2652 1020 2746 galeis
1042 2660 1078 2724 et
1097 2653 1255 2726 vasselis
1277 2653 1355 2726 aliis
1378 2655 1596 2749 opportunis,
1618 2655 1664 2728 da

248 2779 426 2854 armandis
442 2779 494 2852 eis
506 2799 588 2852 cum
609 2775 765 2872 expedit,
787 2775 832 2848 da
848 2774 1005 2848 emendis
1019 2773 1113 2848 absis
1126 2785 1161 2849 et
1173 2775 1294 2850 ceteris
1308 2777 1511 2851 necessariis
1526 2800 1664 2852 eornm·

251 2902 343 2994 dem,
359 2901 406 2977 de
418 2900 617 2976 incidendis
632 2898 879 2996 lignaminibus
895 2898 933 2970 iu
949 2899 1033 2972 locis
1052 2898 1154 2972 licitis
1167 2907 1202 2972 at
1217 2898 1414 2974 deferendis
1428 2900 1475 2974 ad
1492 2923 1600 2992 mare,
1617 2903 1664 2976 de

249 3025 434 3117 iaciendis,
455 3023 649 3100 reficiendis
665 3033 701 3097 et
719 3021 955 3098 custodiendis
977 3022 1172 3096 tarsinabus
1190 3043 1251 3118 par
1265 3021 1543 3116 jurisdictionem
1567 3033 1664 3098 tuam

250 3162 352 3247 prout
369 3149 508 3223 utilitati
528 3157 645 3222 nostre
663 3147 761 3222 curia
781 3145 913 3219 videris
937 3146 1062 3220 melius
1083 3146 1268 3243 expedire,
1289 3145 1335 3221 de
1356 3147 1506 3221 navibus
1528 3157 1564 3221 et
1583 3170 1665 3222 vas·

253 3277 344 3348 saliis
372 3275 450 3348 aliis
477 3273 575 3347 curie
601 3281 718 3346 nostre
747 3270 933 3345 onerandis
959 3271 1169 3345 victualibus
1193 3283 1228 3346 at
1253 3272 1331 3345 aliis
1361 3272 1593 3346 mercimoniis
1620 3273 1665 3348 dc

253 3401 357 3473 rebus
374 3397 472 3472 cuna
491 3407 625 3489 nostra,
649 3396 686 3468 iu
709 3417 858 3492 quarum
883 3394 1021 3468 deiectu
1047 3395 1093 3468 ds
1109 3396 1258 3490 pecunia
1276 3395 1379 3469 officii
1406 3397 1467 3469 tibi
1493 3397 1665 3471 commissi

254 3532 441 3620 oportunus
455 3540 589 3594 marcas
604 3540 700 3592 emas
715 3530 751 3592 et
764 3519 921 3614 assignas
937 3518 1071 3610 eidem,
1089 3539 1131 3591 ac
1144 3519 1190 3593 de
1207 3517 1418 3614 assignanda
1433 3519 1581 3616 pecunia
1595 3541 1666 3594 na-

255 3647 401 3722 cassaria
419 3665 484 3743 pro
498 3641 681 3741 predictis,
705 3643 809 3736 juxta
835 3641 932 3738 quod
955 3663 1019 3739 pra
1042 3643 1194 3716 servitiis
1212 3651 1248 3717 et
1270 3643 1416 3717 utilitate
1440 3644 1536 3718 curie
1551 3653 1666 3718 nostre

255 3771 346 3846 idem
360 3792 384 3844 a
401 3780 437 3842 te
449 3766 592 3843 duxerit
605 3765 868 3861 requirendum.

303 3893 428 3964 Datum
442 3889 566 3985 logia,
587 3887 663 3964 Vlll
678 3887 817 3982 aprelis,
833 3887 911 3960 Xlll
926 3885 1137 3962 indictionis.

304 4013 439 4088 Similes
453 4011 591 4110 scripsit
612 4009 706 4085 idam
724 4009 891 4084 Riccardo
908 4007 954 4084 de
971 4010 1111 4084 Polcaro
1126 4031 1190 4106 pru
1207 4009 1344 4086 eodem.

311 4481 531 4567 Mandatum
554 4480 606 4564 ad
627 4479 908 4587 Alexandrum,
928 4477 1050 4561 filium
1077 4477 1248 4586 Henrici,
1271 4479 1319 4562 de
1341 4479 1563 4589 reparandis
1592 4479 1669 4563 do-
1739 4501 1835 4557 rouu.

262 4614 385 4700 mbas
401 4613 516 4697 castri
530 4612 719 4698 Polioorii.

341 4791 468 4874 (soor.
482 4793 584 4873 inpar.
602 4789 720 4856 fradra
735 4792 780 4870 11,
794 4789 847 4854 iot.
864 4797 902 4853 ss
917 4806 1017 4866 raram
1033 4791 1066 4852 in
1079 4787 1151 4852 adit.
1166 4788 1303 4866 carcaa„
1318 4806 1349 4869 p.
1364 4789 1448 4871 aaa.)

340 4897 378 4960 V.
399 4907 490 4956 rma
1453 4905 1510 4958 11²

1730 4557 1831 4611 anau·

1832 4583 1840 4601 ·
