4524 6012
524 718 586 782 esa
1026 713 1238 774 nnrnnarcr
1263 711 1435 774 saeuum
1744 707 1822 792 [mr.
1843 707 1929 770 rano.

520 851 812 942 ¹considerationis
841 849 984 944 speculo
1010 848 1244 942 speculamur,
1285 849 1320 919 in
1355 848 1485 940 quibus
1517 844 1626 918 credit
1653 852 1770 917 nostra
1795 845 1931 917 sereni-

525 991 578 1053 tas
601 997 760 1049 serenam
791 971 895 1046 tidem
923 981 960 1043 et
984 970 1202 1044 devotionem
1228 971 1380 1043 debitam
1405 968 1566 1060 oongmis
1588 967 1801 1062 temporibus
1833 968 1929 1040 inve·

525 1102 622 1187 nire,
659 1096 807 1170 occurrit
835 1095 936 1166 nobis
968 1093 1161 1187 specialiter
1188 1093 1454 1166 viterbiensium
1486 1091 1626 1180 civitas,
1661 1097 1824 1163 consuete
1850 1109 1930 1161 con·

525 1223 648 1296 stantie
678 1226 917 1314 representans
947 1215 1105 1306 monilia,
1134 1225 1169 1287 et
1197 1215 1424 1288 indeficientis
1454 1213 1647 1287 devotionis
1676 1212 1929 1286 circumamicta

525 1344 661 1432 tuleris,
681 1351 715 1414 et
739 1342 879 1435 insuper
897 1349 994 1433 grata
1011 1338 1094 1412 satis
1113 1337 1274 1432 imperio,
1291 1335 1404 1434 [dum]
1422 1337 1604 1409 fructuosis
1622 1343 1657 1407 et
1682 1334 1812 1407 floridis
1828 1335 1930 1407 obse·

523 1467 636 1561 quelis
652 1465 867 1558 obsequitur,
886 1470 921 1534 et
941 1460 1021 1533 fidei
1044 1483 1108 1532 sue
1128 1462 1316 1534 constantia
1337 1463 1427 1532 siout
1443 1461 1679 1555 probabilibus
1703 1458 1925 1552 argumentis,

524 1591 570 1662 ita
588 1585 856 1661 evidentissimis
868 1585 1004 1658 indiciis
1018 1584 1282 1657 demonstratur.
1299 1585 1438 1655 Metitur
1451 1583 1553 1657 etiam
1572 1583 1664 1656 aoies
1677 1582 1801 1654 mentis
1815 1590 1928 1655 nostre

523 1732 646 1783 musas
664 1711 765 1799 alias,
784 1728 846 1802 per
860 1729 946 1800 quas
965 1706 1010 1779 de
1025 1707 1125 1780 vobis
1142 1729 1211 1779 non
1237 1707 1380 1800 indigne
1399 1707 1583 1800 specialem
1601 1705 1843 1778 confidentiam
1870 1726 1928 1777 re-

522 1843 709 1930 portamus.
736 1833 823 1904 Nam
842 1851 921 1901 cum
943 1828 1080 1902 dudum
1096 1852 1117 1902 a
1133 1830 1258 1902 vicinis
1286 1831 1408 1902 vestris
1423 1851 1548 1922 graves
1570 1828 1765 1925 reciperetis
1786 1828 1927 1920 injurias

523 1966 557 2029 et
574 1975 766 2050 pressuras,
786 1951 1039 2024 contradicente
1061 1962 1144 2023 tuno
1163 1973 1252 2046 papa
1274 1953 1463 2025 serenitatis
1485 1961 1599 2024 nostre
1619 1952 1813 2046 proposito,
1831 1950 1926 2045 qnod

523 2076 569 2151 ad
586 2097 789 2149 succursum
800 2083 953 2147 vestrum
970 2074 1136 2169 promptis
1147 2073 1329 2147 desideriis
1342 2074 1555 2166 intendebat,
1570 2095 1633 2148 nos
1646 2073 1837 2165 adjutorem
1848 2069 1924 2166 (stc)

520 2210 635 2274 venue
649 2197 744 2290 fidei,
763 2219 869 2292 quam
882 2197 1048 2270 illibatam
1062 2219 1198 2292 semper
1211 2197 1373 2270 servastis
1386 2197 1542 2292 imperio,
1562 2197 1707 2288 dignum
1723 2206 1756 2268 et
1771 2196 1926 2268 debitum

519 2333 714 2419 respectum
732 2322 910 2411 habentes,
931 2321 967 2392 in
992 2321 1162 2392 auxilium
1190 2329 1343 2414 vestrum
1364 2319 1507 2394 Cesaree
1527 2319 1678 2414 potentie
1694 2320 1786 2391 vires
1808 2341 1926 2390 arma·-

519 2447 649 2536 vimus,
673 2454 708 2518 et
725 2444 874 2515 nobilem
890 2442 1045 2514 militiam
1063 2441 1242 2515 Germania
1257 2443 1356 2514 bellis
1373 2452 1551 2537 expertam
1565 2442 1611 2514 ad
1626 2443 1803 2515 tuitionem
1821 2442 1926 2514 vestri

519 2569 685 2643 dommus
704 2564 956 2639 destinandam.
982 2565 1059 2637 Alia
1075 2565 1178 2638 etiam
1191 2565 1287 2656 viee,
1310 2565 1374 2638 iste
1388 2565 1449 2659 qui
1469 2564 1595 2637 dicitur
1611 2585 1720 2659 papa,
1738 2563 1925 2636 defensoris

519 2691 625 2764 vestri
648 2711 773 2762 nomen
795 2687 952 2760 Troicum
973 2689 1175 2782 assumpsit3
1194 2671 1262 2761 ¹sed
1280 2709 1356 2780 nos,
1371 2688 1432 2783 qni
1450 2687 1487 2758 in
1506 2688 1630 2760 vestris
1644 2687 1831 2760 lesionibus
1845 2696 1926 2759 tan-

519 2815 686 2907 gebamur
706 2821 740 2884 et
764 2811 976 2904 angebamur
997 2811 1218 2903 intrinsecus,
1243 2811 1452 2885 detensionis
1467 2833 1556 2884 onus
1577 2821 1734 2908 prompta
1753 2810 1837 2883 satis
1858 2830 1922 2882 vo·

519 2939 650 3010 luntate
677 2936 913 3030 suscepimus,
940 2955 1008 3006 non
1037 2935 1145 3029 ipsius
1171 2935 1287 3008 verbis
1313 2934 1464 3026 inducti,
1491 2933 1555 3007 sed
1582 2935 1696 3029 potius
1722 2933 1925 3006 considera—

518 3061 612 3133 tione
637 3068 751 3132 vestre
776 3056 859 3131 fidei
882 3057 1102 3151 imperialiter
1126 3059 1286 3148 excitati,
1314 3059 1376 3131 ubi
1400 3059 1537 3155 proprie
1564 3079 1711 3152 persone
1737 3057 1924 3131 sudoribus

518 3204 590 3255 non
608 3182 839 3276 pepercimus,
863 3178 926 3252 sed
949 3181 1016 3250 sub
1040 3181 1170 3252 estibus
1198 3181 1298 3270 solis,
1323 3181 1390 3253 sub
1412 3180 1515 3254 tediis
1539 3181 1711 3276 pulueris,
1740 3179 1807 3252 sub
1825 3179 1924 3274 galea

518 3303 754 3376 laboravimus
776 3311 811 3373 et
835 3300 939 3373 lorica
960 3301 996 3370 in
1022 3311 1191 3392 angust03
1218 3325 1298 3374 cum
1322 3303 1425 3376 etiam
1452 3303 1576 3398 privati
1600 3323 1682 3374 suos
1703 3303 1838 3375 labores
1860 3324 1923 3376 an·

519 3435 676 3520 gustant,
695 3445 759 3520 pro
780 3423 880 3496 vobis
904 3423 1083 3496 laborabat
1104 3405 1303 3516 Angustus,
1329 3447 1393 3498 neo
1414 3425 1603 3498 laborantis
1623 3435 1746 3498 votum
1765 3426 1856 3498 aeris
1875 3426 1925 3496 in·

518 3549 699 3643 temperies
721 3547 934 3639 retardabat,
961 3547 1025 3621 sed
1051 3549 1237 3622 inducebat
1264 3549 1366 3620 nobis
1394 3549 1492 3622 labor
1517 3549 1699 3636 solatium,
1733 3571 1795 3644 per
1819 3569 1923 3642 quem

517 3670 618 3766 quies
642 3679 757 3742 vestra
776 3679 811 3742 et
833 3679 1026 3742 nostrorum
1047 3669 1200 3744 fidelium
1220 3671 1416 3766 parabatur.
1437 3673 1533 3746 Tunc
1555 3673 1666 3746 eraria
1689 3681 1804 3745 nostra
1821 3681 1923 3767 pate-

517 3797 607 3868 lacta
628 3803 710 3864 sunt
729 3793 925 3887 sumptibus
946 3794 983 3866 in
1001 3805 1114 3868 vestre
1135 3795 1357 3868 commodum
1384 3795 1595 3870 detonsionis
1620 3796 1749 3868 effusis.
1769 3797 1813 3867 Et
1839 3796 1922 3890 qaia

517 3918 553 3988 in
575 3917 625 3988 eis
645 3925 760 3988 vestra
786 3916 993 4010 querebatur
1017 3917 1162 4007 utilitas,
1182 3941 1279 4013 spem
1304 3919 1404 3992 nobis
1429 3919 1588 3992 adfectati
1619 3917 1790 3992 commodi
1816 3917 1922 3992 redo·

516 4039 620 4113 lebat.
636 4039 697 4110 llle
713 4059 808 4130 vero,
825 4039 886 4132 qui
904 4041 1007 4112 inane
1022 4061 1147 4114 nomen
1164 4051 1395 4136 assumpserat
1410 4042 1630 4134 detensionis,
1646 4053 1762 4138 pastor
1774 4041 1919 4132 hostilis,

514 4163 680 4260 pascebat
704 4184 768 4236 vos
796 4163 931 4255 verbis,
954 4174 989 4236 et
1014 4186 1220 4258 pascuorum
1247 4166 1427 4238 commoda
1451 4165 1690 4253 subtrahebat,
1724 4187 1787 4238 uec
1812 4165 1922 4237 voluit

515 4286 615 4359 vobis
632 4288 668 4357 in
683 4287 884 4380 quantitatis
901 4285 1035 4360 modice
1054 4289 1199 4383 pecunie
1216 4298 1348 4362 tantum
1368 4298 1488 4361 mutuo
1510 4290 1709 4393 subvenire,
1733 4296 1921 4383 expectans

514 4419 554 4484 ut
575 4431 737 4482 canorum
765 4432 829 4483 sno
845 4410 1038 4506 parandum
1059 4411 1192 4502 edulio,
1214 4411 1358 4485 dextera
1374 4414 1418 4485 de
1434 4414 1590 4486 cavernis
1607 4412 1769 4485 educeret
1792 4411 1917 4484 aliena.

514 4533 633 4628 igitur,
656 4532 739 4605 dum
757 4532 823 4605 heo
840 4535 956 4605 omnia
975 4534 1011 4604 in
1030 4545 1143 4606 nostre
1164 4535 1262 4608 lance
1278 4535 1560 4608 considerationis
1574 4533 1816 4630 appendimus,
1835 4531 1919 4604 nibil

515 4657 559 4731 de
582 4655 684 4730 vobis
713 4656 923 4729 conscientie
947 4657 1106 4729 culminis
1131 4659 1238 4730 nostri
1267 4659 1474 4731 contrarium
1501 4659 1652 4753 suspicio
1683 4655 1823 4748 suadet,
1851 4655 1921 4726 imo

515 4779 612 4852 firma
635 4779 761 4852 fiducia
786 4779 965 4876 pollicetur
990 4781 1085 4874 quod
1112 4780 1277 4854 honorem
1301 4791 1452 4854 nostrum
1476 4793 1510 4855 et
1534 4781 1686 4877 imperii,
1713 4777 1920 4852 continuatis
