4374 6010
250 652 353 714 hun.
370 649 435 728 la]
703 646 901 708 metuam
926 645 1226 708 utbtottautctt.
1431 703 1435 714 ,
1610 650 1670 712 857

251 792 428 880 optantaa
444 781 546 854 nobis
560 779 699 854 licentia
718 779 888 874 eligendi,
907 780 1060 874 quedam
1086 780 1254 852 moniales
1279 780 1389 875 ipsius
1409 782 1603 854 monasterii
1624 784 1671 856 ad

251 907 456 980 electionem
477 903 671 976 faciendam
687 903 917 1000 processerint
941 913 976 976 et
998 903 1065 975 alie
1084 903 1355 976 contradixerint
1374 903 1425 976 eis
1443 912 1478 976 et
1499 905 1672 977 noluerint

250 1029 318 1126 ipsi
334 1027 495 1102 electioni
512 1027 690 1118 interesse,
709 1049 773 1123 pro
785 1049 828 1100 eo
842 1025 938 1122 quod
954 1027 990 1098 in
1005 1027 1234 1120 prejudicium
1249 1026 1427 1120 dignitatis
1445 1037 1560 1099 nostre
1573 1026 1671 1100 vide·

250 1152 356 1225 batur
377 1149 496 1222 illicite
514 1157 775 1246 attemptatum,
799 1159 834 1221 et
851 1149 898 1222 ad
921 1169 987 1220 nos
1007 1147 1153 1242 proinde
1178 1149 1449 1243 appellaverint,
1471 1159 1509 1220 tu
1532 1159 1671 1244 propter

250 1275 320 1348 boc
346 1295 408 1347 eas
432 1272 804 1346 excommunicationis
831 1272 974 1344 uinculo
1003 1270 1189 1344 innodasti.
1221 1271 1305 1342 Cum
1335 1271 1440 1364 igitur
1467 1271 1670 1366 dignitatem

250 1409 406 1472 nostram
431 1418 536 1492 qnam
559 1395 595 1467 in
613 1396 748 1470 cunctis
776 1395 933 1470 ecclesiis
957 1395 1055 1488 regni
1080 1394 1186 1466 nostri
1207 1379 1376 1466 babemus
1398 1415 1502 1489 super
1524 1396 1671 1468 electio·-

250 1521 356 1594 nibus
373 1518 562 1610 iaciendis,
584 1518 752 1591 illibatam
778 1519 928 1592 uelimus
954 1517 1000 1590 ab
1015 1517 1178 1590 omnibus
1200 1517 1392 1606 obseruari,
1409 1527 1444 1588 et
1464 1520 1676 1594 mandemus¹

250 1643 438 1718 conventui
454 1641 652 1714 monasterii
671 1641 861 1737 supradicti
875 1639 971 1736 qnod
986 1661 1107 1712 omnes
1123 1639 1263 1712 insimul
1284 1649 1490 1734 congregate
1511 1644 1669 1716 nomina-

250 1767 380 1840 tionem
395 1766 533 1839 tacitam
552 1766 664 1838 faoare
680 1765 831 1838 debeant
850 1763 895 1836 de
913 1784 1060 1858 persona
1076 1761 1191 1852 fideli,
1213 1762 1258 1835 de
1276 1783 1403 1856 genere
1422 1763 1575 1838 fidelium
1593 1777 1669 1840 orta

250 1897 285 1961 et
300 1910 371 1984 qua
386 1888 433 1962 ad
455 1889 567 1984 ipsius
586 1888 784 1962 monasterii
811 1887 963 1981 regimen
989 1885 1163 1958 sufficiens
1181 1886 1225 1956 sit
1240 1898 1276 1958 et
1291 1884 1418 1978 digua,
1436 1886 1590 1962 fidelitati
1612 1900 1669 1964 tue

250 2013 459 2086 mandamus
474 2021 660 2106 qnatenus,
679 2012 709 2084 si
727 2021 779 2084 est
797 2011 858 2099 ita,
876 2009 1043 2082 moniales
1059 2008 1230 2103 predictas
1241 2009 1285 2080 ab
1299 2009 1373 2104 ipsa
1388 2015 1670 2087 excommunica-

250 2134 344 2208 tione
361 2135 543 2208 absolvere
559 2135 687 2208 debeas
705 2144 744 2206 ut
763 2133 877 2207 eidem
896 2131 1122 2205 nominationi
1141 2131 1298 2205 faciende
1313 2131 1419 2209 libere
1437 2137 1569 2230 possint
1589 2159 1667 2209 eum

249 2258 326 2330 aliis
342 2258 529 2351 interesse3
547 2258 695 2331 sciturus
712 2255 809 2352 quod
826 2256 855 2328 si
871 2277 1013 2351 presens
1031 2254 1230 2326 mandatum
1249 2266 1486 2330 nostrumnon
1503 2260 1579 2334 sine
1590 2283 1669 2356 pre·

244 2381 380 2474 judicio
393 2382 483 2476 juris
498 2391 533 2456 et
549 2380 728 2474 dignitatis
749 2388 866 2454 nostre
879 2378 1051 2468 differres,
1068 2378 1106 2451 id
1122 2398 1189 2450 non
1206 2379 1342 2451 deceret
1354 2383 1566 2476 majestatem
1588 2407 1667 2457 nos·

247 2515 335 2578 uam
350 2503 582 2600 equanimiter
598 2506 755 2577 tolerare.

295 2629 423 2700 Datum
441 2626 538 2724 apud
555 2627 799 2714 lutrodncum,
818 2623 941 2697 Xllllll
957 2625 1089 2717 martii,
1111 2625 1189 2697 Xlll
1208 2624 1418 2698 indictionis.

295 2752 470 2848 Scriptum
490 2761 543 2825 est
563 2751 750 2826 conventui
775 2749 976 2823 monialium
999 2750 1155 2842 ejusdem
1176 2751 1374 2823 monasterii
1394 2751 1509 2824 Sancti
1530 2755 1667 2848 Georgii

247 2875 283 2946 in
300 2885 467 2948 consueta
481 2877 589 2949 torma
604 2874 650 2948 de
669 2873 904 2948 nominatione
918 2874 1022 2946 tacita
1042 2873 1078 2944 in
1091 2873 1212 2946 eadem
1227 2874 1370 2946 ecclesia
1383 2871 1556 2948 facienda.

295 2997 469 3092 Scriptum
486 3008 540 3070 est
557 2997 696 3072 Andrae
714 2997 760 3070 de
773 2997 885 3070 Cicala
901 2997 1082 3092 capitaneo
1103 3007 1142 3068 ut
1165 2997 1338 3069 abbatisse
1354 2999 1469 3070 Sancti
1492 2999 1668 3074 Michaelis

247 3117 293 3192 de
318 3119 460 3193 Salerno
486 3141 557 3214 que
577 3142 683 3216 super
708 3119 887 3216 premissis
916 3119 1082 3214 imperiali
1104 3120 1199 3192 curie
1227 3120 1432 3194 nunciandis
1458 3121 1504 3194 ad
1535 3124 1667 3196 curiam

245 3243 431 3333 laboravit,
445 3243 474 3315 si
491 3244 680 3316 constiterit
691 3244 759 3316 sibi
774 3265 851 3316 eam
870 3244 984 3316 nullas
1003 3244 1150 3338 proinde
1169 3243 1331 3316 babuisse
1345 3265 1529 3340 expensas,
1544 3269 1668 3320 secun·

247 3367 334 3442 dum
358 3367 538 3439 facultates
557 3367 713 3460 ejusdam
739 3367 939 3440 monasterii
965 3368 1080 3440 Sancti
1102 3367 1239 3462 Georgii
1264 3377 1298 3440 et
1321 3369 1450 3461 negotii
1468 3371 1667 3464 qualitatem

248 3490 500 3565 restitutionem
516 3513 751 3587 expansarum
768 3489 840 3564 lieri
853 3491 957 3564 saciat
971 3500 1233 3586 competentem.

302 3893 527 3980 Mandatum
562 3899 611 3980 ad
642 3906 829 3981 secretum
866 3897 1045 3982 Panormi
1072 3925 1142 4010 pro
1178 3899 1315 3982 dandis
1348 3904 1522 4011 expansis
1550 3905 1877 4026 Nico-³3312⁸1⁸355522m

247 4023 349 4110 lucto
375 4028 424 4111 de
453 4028 643 4114 Panormo
666 4029 873 4114 falconario
902 4041 940 4114 et
972 4031 1194 4116 exhibendis
1230 4035 1452 4118 necessariis
1477 4063 1548 4146 pro
1584 4039 1667 4120 sal·
1720 4023 1748 4064 ²⁰
1762 4023 1848 4068 Μ

247 4158 422 4243 oonibus.

327 4333 459 4420 (Ruunt.
473 4339 577 4420 impar.
592 4338 712 4402 stede.
728 4341 770 4420 11,
782 4340 833 4404 iol.
853 4349 892 4402 tto
904 4349 999 4416 recto,
1014 4342 1068 4404 ubl
1083 4343 1156 4405 nlhtl
1175 4347 1302 4422 amplius
1324 4354 1479 4410 exaratum
1500 4350 1620 4430 legitum
1634 4355 1668 4414 ln

365 4445 439 4508 edtt.
456 4447 592 4524 (arcam,
606 4465 636 4526 p.
654 4445 738 4527 ssa.)

296 4589 345 4663 De
357 4597 515 4669 mandato
533 4595 701 4693 imperiali
720 4601 811 4692 sacto
829 4622 894 4693 per
910 4599 1107 4692 mopistrum
1127 4600 1324 4694 supparium
1343 4604 1384 4674 de
1402 4607 1668 4681 Petrasturminc

248 4719 377 4814 scripsit
388 4722 555 4796 lebannes
568 4723 700 4796 idronti
713 4746 728 4794 .·
