4374 6010
506 556 567 620 8¹18
1009 555 1221 618 rnlnssnlcl
1240 555 1415 618 SECUNDl
1729 557 1809 640 [Am.
1828 558 1916 622 12⁴⁰.

507 713 588 765 eum
611 712 719 786 super
744 712 848 787 opere
873 691 974 764 castri
999 691 1109 788 ipsius
1131 691 1314 766 efficaciter
1335 692 1485 765 velimus
1509 690 1661 784 intendi,
1690 691 1917 768 secedamus

507 815 633 888 nostris
648 815 776 888 lictoris
798 815 834 887 in
853 814 1025 889 mandatis
1043 816 1158 889 eidem
1174 825 1305 890 secreto
1320 825 1360 889 ut
1375 815 1543 888 somorios
1561 823 1596 888 et
1610 817 1740 910 pericla
1757 816 1865 892 boum
1881 818 1917 890 in

507 957 549 1010 ea
566 938 756 1032 quontitate
773 946 901 1012 statuat
918 939 956 1010 in
981 960 1051 1033 qua
1069 939 1217 1012 laborari
1233 947 1398 1012 statutum
1412 947 1464 1012 est
1479 961 1542 1035 per
1559 947 1711 1014 nostram
1729 943 1863 1016 curium
1879 943 1915 1014 in

507 1061 644 1155 eodem,
666 1065 762 1158 quod
777 1063 893 1136 nullus
911 1063 1052 1135 omniuo
1066 1063 1222 1136 delectus
1235 1085 1340 1159 super
1362 1063 1486 1138 eodem
1505 1085 1610 1160 opere
1630 1066 1867 1140 mmmictatur
1882 1077 1917 1142 et

506 1195 712 1281 apparatum
730 1185 776 1258 de
800 1185 894 1258 calce
909 1183 983 1258 deri
999 1185 1104 1258 iaciat
1119 1195 1154 1258 et
1171 1184 1217 1260 de
1234 1187 1356 1260 ueteris
1369 1188 1560 1283 oportunis.
1575 1189 1627 1262 Tu
1645 1190 1778 1264 veroin
1791 1191 1916 1265 εοάειιι

506 1327 610 1402 opere
627 1330 746 1382 curam
769 1307 900 1382 habeas
926 1307 1146 1401 diligentem,
1168 1309 1258 1382 sieut
1281 1309 1327 1384 de
1351 1310 1520 1386 industria
1536 1319 1597 1386 tua
1622 1311 1847 1406 confidimus,
1869 1315 1917 1390 ita

506 1430 603 1524 quod
618 1453 681 1528 per
698 1431 855 1505 effectum
876 1439 937 1504 tua
953 1431 1132 1525 diligentia
1152 1431 1189 1504 in
1210 1442 1398 1528 conspectu
1419 1434 1526 1508 nostri
1548 1427 1717 1508 culminis
1733 1456 1918 1510 commen-

507 1553 620 1628 detur.
643 1556 730 1641 Quia
747 1577 831 1630 vero
848 1554 899 1652 (o)
917 1565 1066 1630 castrum
1087 1563 1245 1628 nostrum
1262 1557 1420 1631 Messana
1435 1559 1589 1632 senatori
1612 1557 1658 1630 de
1673 1556 1798 1630 Archis
1819 1555 1915 1631 fideli

507 1689 623 1751 nostro
651 1701 730 1752 cum
754 1680 915 1755 omuibus
938 1680 1042 1754 rebus
1067 1680 1197 1774 quein
1223 1701 1265 1754 eo
1288 1681 1428 1752 luerunt
1450 1681 1554 1772 juxta
1578 1679 1783 1756 mundatum
1807 1682 1916 1754 nocui

507 1803 668 1876 culminis
680 1804 874 1897 assignasti,
890 1811 925 1876 et
940 1802 1023 1876 inde
1038 1813 1119 1875 suut
1130 1803 1286 1876 conlecta
1302 1801 1368 1876 tria
1383 1803 1609 1876 instrumenta
1622 1804 1762 1900 publica
1774 1804 1914 1898 similia,

506 1936 600 2000 tuam
618 1927 831 2022 diligentiam
852 1927 1104 2024 approbemus,
1127 1927 1319 2022 exquibus
1335 1928 1472 2024 scriptis
1486 1950 1597 2002 unum
1616 1928 1663 2004 ad
1679 1929 1811 2004 curiam
1830 1951 1916 2003 nos-

505 2059 593 2124 tram
610 2041 672 2146 per
689 2060 723 2123 te
738 2051 899 2124 volumus
915 2050 1091 2124 destinari.

554 2177 677 2248 Datum
696 2174 855 2268 Lnoede,
874 2175 918 2248 lll
934 2174 1075 2272 aprelis,
1093 2176 1171 2250 Xlll
1190 2174 1401 2252 indictionis.

552 2424 660 2492 item:

552 2545 768 2634 Fredericus
792 2552 876 2634 etc,
896 2553 1027 2632 secreto
1044 2541 1221 2634 Messene,
1241 2551 1308 2616 ete.
1327 2538 1551 2634 significante
1569 2540 1610 2613 G.
1631 2539 1677 2614 de
1692 2527 1916 2619 Pedevillauo

503 2667 599 2742 fideli
621 2677 741 2742 nostro
762 2677 878 2741 nostra
900 2667 1065 2740 serenitas
1088 2665 1258 2740 intellexit
1281 2663 1378 2761 quod
1398 2666 1436 2738 iu
1457 2685 1561 2760 opere
1582 2665 1667 2738 novi
1685 2668 1785 2739 uestri
1807 2671 1916 2742 nostri

502 2794 659 2868 Messene
680 2814 750 2866 non
770 2792 946 2866 laboratur
966 2791 1032 2864 nisi
1060 2812 1141 2864 cum
1158 2791 1217 2864 XL
1235 2789 1395 2872 sumeriis
1415 2797 1450 2864 et
1471 2809 1544 2864 uno
1565 2789 1697 2884 periclo
1722 2789 1828 2863 boum
1852 2813 1916 2886 per

504 2940 584 2991 eum
600 2940 705 3013 quem
728 2939 833 3013 super
856 2917 966 3012 ipsius
981 2915 1084 2988 castri
1104 2936 1210 3011 opere
1228 2913 1398 3006 statuisti,
1417 2921 1453 2988 et
1472 2913 1590 2986 nullus
1602 2921 1787 3009 apparatus
1802 2916 1848 2988 sit
1869 2915 1917 2990 de

504 3043 597 3115 calce
616 3052 651 3114 et
666 3041 716 3114 sic
733 3041 770 3113 in
785 3040 910 3144 'eodem
929 3061 1033 3135 opere
1050 3039 1192 3112 remisse
1212 3036 1423 3134 proceditur,
1442 3057 1523 3110 oum
1548 3057 1612 3110 nos
1632 3037 1916 3111 mundaverimus

504 3175 543 3238 ut
567 3187 647 3238 cum
665 3165 690 3237 C
707 3163 865 3236 sumeriis
888 3173 923 3236 st
939 3163 1005 3236 XX
1022 3163 1160 3259 periclis
1181 3163 1218 3234 in
1242 3162 1363 3236 eodem
1391 3181 1496 3258 opere
1521 3161 1652 3234 intente
1672 3171 1708 3236 et
1731 3163 1917 3236 efficaciter

503 3288 690 3362 laboretur.
721 3288 807 3360 Cum
835 3288 941 3382 igitur
968 3288 1053 3361 velit
1078 3287 1243 3360 serenitas
1270 3295 1388 3360 nostra
1412 3283 1510 3380 quod
1538 3305 1629 3381 opus
1654 3294 1807 3360 nocuum
1832 3309 1915 3358 cum

504 3412 600 3487 omui
617 3409 734 3486 studio
754 3421 789 3484 et
804 3409 985 3505 diligentia
1003 3420 1276 3504 consummetur,
1298 3391 1457 3484 fidelitati
1483 3417 1542 3484 tuo
1563 3409 1788 3506 precipiendo
1813 3431 1915 3484 man·

505 3537 630 3612 damus
647 3545 819 3631 quatenus
835 3557 916 3608 oum
937 3544 986 3608 tot
1004 3535 1166 3609 sumeriis
1179 3544 1215 3608 et
1231 3534 1369 3632 periclis
1391 3534 1498 3608 boum
1512 3533 1642 3608 ibidem
1662 3541 1794 3608 statuas¹
1811 3531 1918 3606 labo·

504 3662 572 3736 rari
590 3682 671 3733 cum
686 3667 770 3754 quot
785 3660 932 3734 laborari
946 3667 1111 3732 statutum
1125 3668 1178 3732 est
1194 3679 1258 3756 per
1278 3667 1430 3732 nostram
1447 3659 1579 3732 curiam
1595 3659 1633 3730 in
1650 3655 1773 3732 eodem
1795 3677 1913 3752 opere,

505 3784 603 3880 quod
624 3785 718 3857 nulla
740 3785 776 3856 in
799 3805 902 3880 opere
928 3784 1164 3857 commictetur
1186 3783 1398 3878 negligentia
1422 3783 1479 3858 vel
1510 3783 1683 3875 delectum
1708 3793 1916 3877 apparatum

505 3909 607 3982 etiam
625 3907 729 3982 calcis
744 3906 819 3981 fieri
836 3908 941 3981 lacius
956 3916 1050 3982 lanto
1065 3908 1162 4004 operi
1178 3919 1436 4003 congruentem,
1455 3908 1502 3982 itu
1519 3916 1558 3980 nt
1574 3927 1663 4002 opus
1682 3905 1797 4002 ipsum
1813 3907 1917 4000 juxta

505 4031 705 4108 mandatum
735 4040 770 4106 et
801 4032 1023 4105 intentionem
1056 4033 1216 4106 culminis
1244 4033 1352 4106 nostri
1387 4031 1462 4108 lieri
1492 4031 1602 4130 possit
1632 4031 1787 4106 celeriter
1813 4040 1847 4106 et
1876 4039 1915 4104 tu

503 4157 649 4252 proinde
660 4164 777 4230 nostro
793 4157 992 4251 conspectui
1010 4155 1194 4231 laudabilis
1211 4157 1430 4254 presenteris.

551 4281 676 4354 Datum
695 4275 746 4377 [ct
763 4277 894 4378 scprc].

543 4495 586 4578 (a)
607 4495 653 4558 lbl
667 4495 786 4558 additur
794 4511 861 4576 per,
876 4496 956 4574 quod
969 4512 1089 4559 sermm
1102 4495 1213 4559 turbat.
