4374 6010
221 729 321 792 Inrcs.
339 725 400 812 la]
667 723 866 791 HISTORIA
891 727 1186 792 strictitatem
1574 723 1632 788 891

269 861 490 952 medendus,
512 870 596 956 ete,
623 859 826 940 Alexandro
849 861 922 939 titio
943 866 1100 960 Homici,
1123 875 1192 940 eto.
1214 863 1387 940 intellexit
1403 871 1520 937 nostra
1541 883 1636 936 sere·

221 987 313 1062 nitus
325 986 422 1084 quod
436 985 507 1060 filia
526 985 674 1060 Alberici
694 987 834 1063 rebellis
849 989 963 1064 ‘nostri
977 1011 1041 1086 pro
1057 1011 1177 1064 mense
1192 988 1306 1064 martii
1325 986 1484 1084 proxImo
1503 993 1634 1082 pretor·

220 1111 271 1185 ito
285 1133 358 1186 non
380 1111 510 1206 recepit
534 1129 706 1206 expensus
722 1120 757 1185 et
772 1113 876 1186 etiam
892 1113 1026 1209 indiget
1043 1114 1266 1188 indumentis.
1292 1111 1408 1198 Quare
1426 1109 1634 1182 mandamus

211 1245 398 1330 quatenus
416 1235 447 1308 si
465 1243 517 1308 est
537 1234 603 1327 ita,
625 1233 718 1308 dicte
735 1233 807 1309 filie
825 1233 976 1310 diberioi
993 1259 1057 1334 pro
1075 1259 1114 1310 se
1132 1257 1303 1336 expensas
1317 1255 1381 1330 pro
1399 1231 1492 1307 dicto
1515 1253 1634 1306 mense

220 1359 336 1432 martii
355 1367 391 1432 et
418 1367 489 1432 tam
509 1379 572 1454 pro
605 1379 646 1432 ea
669 1379 775 1454 quam
804 1379 867 1454 pro
892 1361 1047 1456 personis
1076 1383 1164 1456 quas
1197 1359 1346 1435 Iacobus
1369 1356 1494 1454 Capioe
1520 1354 1633 1430 fidelis

220 1489 338 1556 noster
354 1482 392 1554 in
409 1483 486 1576 ejus
508 1481 667 1556 custodia
687 1482 823 1574 statuit,
847 1481 893 1556 de
912 1492 1025 1558 cetero
1050 1505 1221 1580 expensos
1242 1483 1358 1557 solitas
1375 1490 1410 1555 et
1426 1489 1569 1556 statutas
1587 1479 1634 1554 ad

220 1605 481 1701 requisitionem
505 1604 589 1680 dicti
610 1606 727 1680 iacobi
750 1605 881 1680 debeas
909 1608 1076 1682 exhibere
1101 1608 1147 1682 ad
1166 1607 1325 1702 generale
1350 1603 1487 1704 pondus
1509 1603 1630 1696 regni5

220 1729 331 1826 ipsam
354 1751 497 1825 quoquo
513 1728 743 1804 condecenter
760 1731 888 1806 induas
905 1731 953 1806 ad
974 1732 1233 1829 requisitionem
1252 1732 1374 1828 ipsius.

267 1855 396 1928 Datum
413 1853 532 1948 Fogie,
549 1853 612 1928 XII
633 1853 772 1951 aprelis,
795 1855 875 1928 XIII
893 1855 1102 1930 indictionis.

268 2440 495 2528 Mandatum
514 2441 562 2525 ad
587 2440 837 2551 justitiarium
867 2440 1100 2554 Capitinatue
1121 2443 1170 2526 de
1196 2442 1327 2528 bardis
1353 2442 1534 2528 faciendis
1563 2473 1634 2556 pro
1723 2471 1742 2557 ο,
1790 2492 1799 2516 ·

219 2573 392 2662 romeriis
410 2585 448 2656 et
463 2573 620 2658 camelis
637 2574 777 2659 curiae.

298 2775 429 2857 (aaut.
443 2731 547 2857 sape.
561 2771 679 2837 rrae.
693 2775 733 2846 rr,
748 2775 802 2838 ror.
816 2783 855 2839 or
869 2791 973 2852 verm
985 2777 1018 2838 n
1030 2775 1103 2840 sua
1118 2775 1255 2855 cnon„
1270 2791 1301 2856 p.
1319 2776 1401 2856 ros.)

264 2948 347 3034 Item
363 2945 404 3020 de
421 2947 531 3020 codem
545 2945 730 3020 mndoto:

264 3071 485 3164 diedericus,
505 3078 590 3160 eto,
608 3069 776 3145 Riocardo
795 3069 841 3144 do
863 3070 1112 3146 Montoiusoulo
1129 3070 1314 3166 justitiario
1333 3073 1540 3170 Capitinate,
1559 3087 1626 3152 etc.

217 3196 422 3273 IIaudamus
434 3204 470 3268 et
490 3191 701 3292 precipimus
723 3192 880 3269 fidelitati
906 3204 965 3269 tue
984 3203 1156 3292 quatenus
1172 3195 1289 3268 statim
1308 3195 1394 3270 visis
1417 3197 1484 3294 hys
1502 3199 1629 3276 lictoris

216 3342 279 3418 pro
301 3319 457 3394 somariis
487 3341 621 3394 camere
640 3327 756 3394 nostre
778 3318 945 3394 ducentas
974 3318 1100 3394 bardas
1124 3328 1159 3392 et
1182 3341 1246 3416 pro
1275 3321 1415 3396 camelis
1442 3322 1564 3398 decem
1595 3335 1630 3399 et

217 3453 293 3523 octo
317 3443 446 3519 bardas
469 3443 568 3542 apud
587 3444 766 3518 Luceriam
782 3441 857 3518 fieri
876 3443 984 3519 facias
1004 3443 1053 3518 ad
1072 3444 1331 3542 requisitionem
1356 3445 1521 3520 Iohannis
1541 3448 1629 3523 Mori

217 3566 263 3642 de
281 3589 417 3644 camera
436 3577 574 3660 nosne,
596 3575 633 3643 et
653 3588 713 3662 ens
732 3567 802 3641 sibi
823 3567 929 3642 iacias
949 3568 1118 3664 assignari
1138 3589 1201 3666 pro
1219 3568 1369 3645 servitiis
1393 3579 1509 3646 nostro
1534 3575 1629 3648 curie

219 3691 447 3787 exequendis.
695 3767 697 3772 ,

262 3817 389 3889 Datum
403 3813 527 3910 Fugio,
546 3814 609 3888 XII
628 3815 771 3912 aprods,
793 3812 1095 3890 minorationis.

117 4371 119 4374 ·
267 4319 490 4408 Mandatum
512 4323 562 4406 ad
586 4321 814 4410 Riocardum
830 4325 880 4408 de
896 4325 1057 4411 Puloaro
1079 4325 1128 4411 do
1145 4334 1311 4437 quatuor
1336 4326 1494 4436 paribus
1525 4331 1628 4448 sori·
1682 4325 1808 4437 „faida

218 4475 372 4538 reorum
394 4453 655 4540 adnumerum
676 4457 924 4543 destinandis.

296 4639 422 4725 (morat.
433 4641 672 4730 imperando.
686 4645 734 4724 11,·
745 4646 798 4709 toi.
812 4655 850 4709 et
863 4663 967 4724 verso3
983 4648 1015 4710 in
1026 4647 1098 4711 edit
1111 4645 1248 4727 Curcum,
1260 4664 1292 4727 p.
1307 4648 1389 4728 tot.)
1459 4722 1463 4729 ¹

265 4798 666 4902 recommendant:
761 4859 763 4862 -
