4374 6010
557 647 619 712 elo
1057 640 1273 704 intuuntur
1301 645 1478 708 sucoso!
1521 647 1525 655 '
1787 647 1867 732 [dn.
1885 650 1966 716 124⁰.

605 777 739 852 Eodem
754 773 813 850 dio
825 773 871 848 de
882 770 1007 846 eodem
1023 771 1187 846 mandato
1206 776 1344 872 scripsit
1362 779 1457 854 idem
1477 780 1606 854 simiiss
1624 781 1763 855 lictores
1777 803 1842 878 per
1858 787 1968 860 omnis

556 905 598 976 R.
617 902 663 976 de
680 899 894 993 Montenigro
908 898 1092 989 institiario
1109 898 1212 972 Terre
1225 901 1367 974 storis
1385 913 1423 978 et
1436 904 1618 978 comitatus
1638 905 1775 980 Molisii.

606 1028 717 1098 Tenon
733 1032 849 1096 nutem
871 1020 1147 1095 denunciationis
1164 1022 1242 1095 totis
1254 1034 1333 1096 est:

606 1147 797 1222 Denunciet
814 1143 984 1240 imperiali
1000 1145 1204 1218 excelientis
1216 1146 1432 1220 Senebeldns
1451 1147 1496 1222 do
1512 1149 1715 1242 Fossococe,
1735 1149 1848 1226 fidelis
1862 1163 1896 1226 et
1909 1153 1966 1228 de·

558 1281 660 1344 votus
687 1277 822 1359 noster,
846 1267 942 1362 qnod
967 1267 1103 1342 dudum
1128 1265 1179 1364 (o)
1204 1277 1357 1366 tempore
1381 1271 1516 1368 populis
1543 1272 1720 1346 discordie
1745 1285 1839 1350 moto
1856 1285 1968 1352 contre

557 1395 738 1469 dominum
751 1393 1004 1488 imperatorem,
1016 1390 1159 1485 quidem
1170 1391 1256 1468 baro
1267 1391 1313 1466 dc
1326 1395 1483 1490 pertibus
1491 1394 1969 1490 mpraoiotisnominssmst

558 1516 626 1590 dus
644 1515 689 1590 de
711 1514 803 1588 Colis
827 1515 906 1586 Atto
928 1511 1083 1586 reddidit
1105 1535 1144 1586 se
1160 1523 1195 1588 et
1214 1516 1347 1608 juravit
1365 1518 1483 1614 pepuli
1501 1518 1670 1592 exercitui
1686 1529 1721 1592 et
1740 1521 1806 1592 init
1821 1521 1970 1620 proditor

558 1639 689 1714 domini
710 1637 926 1734 imperatoris
940 1646 974 1708 et
991 1636 1158 1710 hostiliter
1173 1648 1364 1713 contretom
1381 1651 1416 1713 et
1434 1640 1591 1716 homines
1606 1640 1726 1716 fidelos
1745 1642 1881 1718 domini
1898 1646 1966 1718 im-

558 1762 725 1861 peratoris
742 1761 808 1832 snit
821 1759 1043 1856 depredatus.
1059 1761 1174 1846 Quone
1187 1762 1296 1856 petit,
1314 1771 1382 1838 cte.
1435 1803 1439 1812 ·

379 2297 504 2438 ἔξω
610 2299 788 2386 Mandote
807 2300 857 2382 ed
877 2299 1127 2410 justitiarium
1150 2302 1287 2385 Tomoe
1312 2301 1472 2386 Laboris
1493 2313 1537 2385 ut
1559 2304 1742 2387 ducentos
1770 2305 1971 2388 servientes

557 2458 628 2541 pro
646 2431 768 2516 tribus
786 2433 982 2517 mensibus
1005 2435 1187 2518 solidatos
1206 2434 1389 2520 Ricoerdo
1407 2437 1455 2518 do
1476 2435 1637 2519 Pulcero
1656 2436 1846 2548 assignet,
1869 2447 1908 2520 ot
1924 2437 1974 2519 ed

557 2564 784 2647 Riceerdum
812 2545 863 2646 de
879 2565 1040 2646 Pulcero
1062 2577 1106 2647 nt
1134 2567 1288 2648 cosdem
1316 2567 1366 2648 ed
1393 2577 1521 2674 pentes
1539 2567 1758 2652 Lunesenes
1784 2593 1855 2678 pro
1882 2595 1976 2654 ous-

558 2697 662 2781 todie
679 2705 892 2780 metrorum
909 2696 1154 2778 transmittet.

639 2896 766 2979 (iiepest.
778 2895 881 2976 imper.
896 2892 1015 2956 Γηὼν.
1031 2895 1072 2974 11,
1084 2895 1137 2957 iot.
1152 2904 1208 2956 tot
1222 2902 1317 2971 κοῖος
1332 2897 1364 2957 ln
1377 2895 1449 2958 edit.
1465 2895 1602 2970 Curcum,
1616 2911 1647 2974 p.
1665 2895 1750 2977 tot.)

607 3068 662 3140 Dc
671 3069 842 3163 imperiali
853 3069 1010 3140 manum
1023 3071 1112 3160 [octo
1122 3091 1186 3162 per
1200 3069 1398 3162 mopistrum
1413 3071 1550 3142 Petrum
1562 3071 1602 3142 dc
1616 3071 1719 3142 Vinea
1735 3073 1869 3165 scripsit
1880 3075 1922 3144 A.
1938 3073 1977 3146 do

560 3193 702 3286 Copton:
1183 3257 1194 3274 ,
1642 3213 1644 3218 ·

607 3315 829 3405 Fredcricus,
852 3323 937 3399 etc,
956 3317 997 3387 li.
1018 3313 1063 3388 ds
1079 3313 1294 3407 Montenigro
1313 3313 1499 3407 justitiario
1522 3313 1625 3386 Teme
1645 3314 1787 3388 [eboris
1804 3325 1839 3389 et
1860 3317 1979 3390 comi-

559 3447 651 3510 tatus
668 3437 812 3526 Molisii,
837 3445 903 3509 eto.
920 3437 1090 3510 Fidciiteti
1107 3445 1167 3509 too
1187 3435 1396 3532 precipimus
1416 3445 1451 3508 et
1473 3432 1680 3510 mandemus
1697 3447 1871 3531 quatenns
1887 3439 1979 3511 sient

560 3561 719 3656 peratiae
736 3571 868 3633 nostres
882 3561 1018 3632 lictores
1034 3559 1097 3630 tibi
1113 3558 1275 3632 dedimus
1291 3560 1327 3630 in
1343 3557 1530 3648 mundetis,
1546 3559 1714 3633 ducentos
1729 3563 1914 3636 servientes
1931 3563 1979 3636 de

556 3683 779 3776 justitiariatn
806 3693 865 3754 tuo
887 3680 1038 3754 soliderc
1063 3679 1191 3753 debens
1215 3701 1278 3776 pro
1306 3678 1417 3751 trihus
1441 3679 1618 3752 mensibus
1641 3680 1687 3756 de
1711 3683 1859 3778 p'eounin
1881 3683 1979 3757 curio

560 3819 676 3881 nostre
689 3827 759 3901 que
774 3814 826 3879 est
841 3827 905 3902 per
917 3827 1041 3879 monus
1056 3815 1147 3894 tues,
1163 3803 1280 3878 dendo
1293 3803 1484 3898 unicnique
1501 3824 1565 3900 por
1580 3825 1735 3878 mensem
1749 3815 1889 3880 tarenos
1901 3809 1980 3881 ouri

560 3931 680 4005 decem
694 3931 741 4004 od
751 3931 911 4025 generate
926 3929 1061 4025 pondus
1073 3931 1184 4022 regni,
1200 3938 1235 4002 ct
1251 3929 1345 4024 ipsos
1357 3949 1438 4001 cnm
1453 3948 1590 4001 summa
1601 3929 1980 4004 festinentieiiicoerdo

560 4055 607 4128 dc
622 4055 765 4127 Pulcero
790 4053 884 4127 fideii
904 4063 1022 4126 nostro
1044 4053 1150 4126 iacias
1173 4052 1360 4146 assignari,
1383 4073 1446 4146 por
1463 4051 1579 4146 ipsum
1596 4050 1644 4124 ed
1664 4060 1780 4146 partes
1803 4053 1979 4128 Lnnosnni

559 4199 623 4274 pro
636 4175 793 4251 custodie
807 4185 998 4250 castrorum
1012 4177 1166 4272 ipsarum
1178 4176 1329 4272 partium
1344 4175 1644 4267 transmictendos,
1658 4175 1705 4248 ite
1717 4175 1814 4270 qnod
1826 4177 1865 4248 in
1880 4198 1980 4252 moro

561 4303 694 4375 nullum
710 4301 819 4397 possit
837 4301 1028 4394 periculum
1046 4301 1199 4373 evenire.

608 4427 734 4499 Datum
747 4423 873 4516 Fogio,
891 4425 1001 4498 XXIV
1015 4425 1161 4519 aprelis,
1179 4423 1258 4496 x111
1273 4421 1486 4497 indictionis.

569 4708 573 4716 .
603 4612 649 4714 (⁰),
666 4613 704 4673 ln
716 4615 858 4690 impresso
870 4607 951 4674 dom.
