4468 6010
282 681 375 742 lanum.
396 679 455 762 13]
721 679 919 742 dissonis
945 681 1235 744 dissonantes.
1627 673 1687 734 '¹65

326 817 411 886 item
423 815 556 908 smpait
568 813 656 886 idern
671 841 683 886 .·

327 937 541 1028 Fredericns,
551 935 963 1032 atc.,li.deliontenigro
968 939 1153 1032 justitiario
1163 935 1426 1028 Terrslaboris,
1438 945 1504 1008 etc.
1516 933 1688 1006 intellexit
1797 1001 1802 1012 ,

283 1061 444 1134 serenitas
475 1067 591 1132 nostra
614 1059 710 1154 quod
737 1061 920 1156 episcopus
947 1063 1132 1154 Gajetanus
1160 1061 1285 1134 habeat
1310 1059 1460 1154 quedam
1486 1057 1614 1152 scripta
1640 1077 1688 1128 ex

283 1183 406 1276 quibos
424 1183 455 1254 si
470 1182 676 1256 haberemus
689 1183 782 1278 ipsa,
801 1204 967 1276 magnum
986 1183 1082 1256 curie
1099 1193 1215 1255 nostre
1232 1181 1453 1254 commodum
1468 1179 1638 1264 eveniret,
1655 1186 1689 1248 et

284 1328 360 1378 cum
385 1304 478 1378 idem
497 1305 581 1377 velit
599 1327 640 1378 ea
660 1305 760 1378 nobis
777 1305 868 1378 sicut
891 1304 1088 1379 audirimus
1112 1305 1294 1394 exhibere,
1320 1303 1474 1376 fidelitati
1497 1311 1557 1374 tue
1577 1300 1689 1396 preci·

243 1481 246 1486 ,
284 1425 409 1523 piendo
425 1426 631 1501 mandamus
650 1439 822 1521 maternus
842 1427 921 1501 data
939 1429 1006 1500 sibi
1022 1428 1204 1500 securitate
1224 1425 1386 1499 veniendi
1400 1423 1453 1496 'ad
1468 1433 1518 1513 to,
1538 1421 1689 1516 loquaris

285 1573 360 1623 cum
371 1572 415 1624 eo
431 1552 519 1622 inter
531 1550 678 1623 confinia
699 1551 796 1645 regni
810 1561 845 1624 et
862 1551 1066 1624 territorium
1081 1553 1284 1641 Terracone3
1304 1549 1351 1621 ita
1366 1547 1462 1642 qnod
1478 1546 1552 1640 ipse
1567 1543 1614 1618 ad
1628 1544 1690 1617 ali-

285 1697 384 1770 pam
398 1685 520 1746 terram
536 1675 633 1768 regni
648 1674 714 1746 hac
731 1673 914 1746 occasione
931 1683 1081 1768 nequeat
1099 1672 1296 1768 pervenire,
1313 1681 1348 1744 et
1363 1689 1511 1764 querens
1526 1669 1572 1740 ab
1590 1689 1631 1742 eo
1645 1667 1690 1741 de

286 1797 416 1892 scriptis
436 1797 601 1890 predictis
621 1796 768 1868 inducas
783 1797 897 1892 ipsum
919 1806 1019 1868 cauto
1040 1795 1135 1890 quod
1151 1796 1210 1866 illa
1227 1795 1290 1866 tibi
1306 1795 1476 1886 assignat3
1497 1792 1626 1886 quibus
1645 1791 1690 1864 ab

287 1943 325 1994 eo
338 1922 486 2015 receptis
500 1942 542 1992 ea
558 1921 625 1993 sub
641 1921 754 2014 sigillo
768 1930 828 1993 tuo
842 1919 984 1992 studeas
1001 1919 1047 1991 ad
1065 1928 1216 1990 nostram
1233 1917 1437 2012 presentiam
1453 1914 1638 1989 destinare.

329 2045 454 2116 Datum
472 2043 630 2132 viterbii,
648 2043 729 2116 XXI
746 2043 923 2130 februarii,
942 2043 1019 2114 Xlll
1032 2041 1243 2114 indictionis.

505 2349 679 2361 mu·—

266 2604 270 2612 ’
337 2614 498 2697 Litterae
516 2615 755 2722 responsales
778 2616 828 2697 ad
841 2613 1090 2724 justitiarium
1109 2613 1246 2696 Tomoe
1263 2611 1420 2696 Laboris
1445 2613 1494 2695 de
1520 2587 1689 2723 inquisi-

291 2744 452 2828 tionibus
469 2745 579 2828 iactis
598 2757 731 2829 conus
749 2756 943 2854 suspectos
960 2747 1000 2826 in
1021 2746 1202 2864 comitatu
1219 2745 1354 2828 Molisii
1371 2755 1408 2827 et
1425 2744 1624 2852 Fundano,
1644 2745 1692 2826 de

288 2877 419 2958 castris
439 2877 591 2960 Insulae
607 2887 645 2960 et
661 2877 851 2983 Pastinaa,
871 2878 919 2960 de
938 2877 1139 2960 sortellitiis
1161 2887 1422 2984 suspectorum
1451 2875 1691 2958 existentium

287 3008 383 3090 circa
399 3007 495 3092 fines
513 3010 622 3118 regni
644 3009 845 3118 diligenter
862 3009 1133 3092 custodiendis.

365 3208 494 3290 (uapor.
509 3211 612 3290 impar.
628 3209 747 3272 maer.
759 3212 798 3289 11,
811 3212 862 3273 iol.
879 3221 915 3273 'ta
930 3227 1031 3285 verso3
1044 3213 1076 3274 ln
1091 3211 1162 3272 edit.
1178 3207 1315 3288 Caram„
1327 3225 1357 3286 p.
1375 3207 1460 3288 tto.)

332 3377 416 3450 item
435 3381 568 3474 scripsit
582 3379 695 3452 idem.-

333 3500 552 3594 Fredericns,
578 3514 661 3590 eto,
687 3505 729 3576 lt.
756 3503 802 3576 de
819 3504 1047 3598 Montenigro‚
1073 3514 1140 3577 etc.
1164 3505 1316 3598 Benigne
1339 3504 1531 3598 recepimus
1556 3503 1691 3577 lictaras

288 3645 373 3717 quas
397 3633 456 3698 tna
477 3627 577 3698 nobis
602 3625 750 3700 fidelitas
778 3629 964 3702 destinavit
981 3639 1016 3700 et
1039 3649 1158 3701 aarum
1182 3637 1335 3700 tenorem
1356 3627 1587 3700 intelleximus
1604 3627 1690 3700 dili-

287 3755 420 3838 genter,
435 3748 588 3820 studium
603 3759 638 3821 et
652 3749 917 3823 sollicitudinem
932 3761 1026 3822 tunm
1044 3773 1149 3846 qnam
1164 3750 1200 3822 in
1216 3747 1432 3844 exequendis
1445 3751 1594 3824 servitiis
1608 3771 1689 3824 nos-

288 3868 346 3940 tris
365 3869 428 3940 tibi
446 3871 636 3944 commissis
648 3881 684 3944 et
699 3873 736 3943 in
755 3874 889 3946 cunctis
907 3875 982 3946 aliis
1000 3895 1070 3968 que
1086 3883 1241 3946 nostrum
1266 3873 1485 3946 commodum
1504 3875 1691 3969 respiciunt

288 4003 321 4065 et
341 3993 507 4066 honorem
528 3995 736 4070 incessanter
754 4007 788 4068 te
808 4019 924 4092 gerere
938 3999 1099 4070 novimus
1115 4007 1149 4070 et
1173 3997 1317 4086 habere,
1342 3998 1574 4070 favorabiliter
1595 4021 1689 4072 oom-

289 4114 502 4188 mendantes.
521 4117 634 4190 Placet
652 4120 792 4214 insuper
808 4122 908 4192 nobis
922 4143 1102 4216 processus
1119 4131 1201 4194 tuus
1216 4121 1355 4192 habitus
1369 4121 1471 4212 juxta
1489 4121 1689 4194 mandatum

289 4248 440 4310 nostrum
466 4249 583 4312 contra
600 4241 676 4314 illos
696 4264 784 4336 quos
807 4244 983 4336 inquisitio
1007 4266 1068 4338 per
1089 4253 1123 4316 te
1147 4245 1233 4317 iacta
1259 4244 1294 4314 in
1320 4245 1483 4316 comitatu
1507 4244 1633 4318 Molisii
1657 4253 1692 4316 et

289 4359 445 4433 Fundani
467 4361 513 4434 de
536 4363 676 4436 crimine
699 4363 908 4438 infidelitatis
933 4375 1085 4439 accusat.
1103 4369 1215 4461 Super
1231 4366 1296 4460 hys
1321 4375 1435 4438 autem
1461 4387 1531 4459 que
1555 4364 1692 4460 signifi-

290 4481 373 4552 casti
389 4483 489 4555 ncbis
511 4483 556 4556 de
577 4485 740 4579 magistro
755 4487 797 4558 N.
817 4487 861 4558 da
877 4487 1023 4578 Fundis,
1041 4487 1081 4558 li.
1103 4484 1153 4580 (a)
1175 4487 1277 4558 fratre
1294 4487 1370 4577 ejus
1390 4496 1425 4558 et
1447 4486 1523 4558 aliis
1543 4487 1604 4580 qui
1623 4509 1691 4559 su-

291 4604 396 4698 specti
415 4605 594 4698 dicuntur,
611 4629 690 4680 cum
714 4629 761 4681 cx
779 4619 897 4682 tenore
920 4611 1113 4682 licterarum
1132 4619 1268 4682 tuarum
1293 4611 1395 4705 pleno
1416 4611 1597 4705 probatum
1623 4631 1690 4684 non

331 4767 374 4848 (a)
395 4769 735 4850 inmmgtnclttccrrdo.

368 4873 407 4932 V.
429 4887 485 4932 aar·
497 4890 518 4946 .²·
1494 4889 1530 4942 aa
