4384 6004
217 653 316 712 tunm
335 649 398 728 lt]
501 687 508 701 ·
667 646 864 707 HISTORIA
888 645 1183 710 ulvtontt'rtco.
1548 646 1622 709 1081

217 787 255 858 ln
271 785 401 880 quibus
420 783 557 856 casibus
579 784 694 856 forsan
718 793 808 856 esset
830 781 988 854 festinate
1013 783 1131 854 mortis
1153 781 1360 877 supplicium
1385 780 1500 852 minus
1519 803 1627 876 grave

215 931 322 1004 quam
341 909 377 980 in
398 929 523 980 manns
544 906 697 980 incidere
716 917 788 979 tam
808 905 985 994 crudeles,
1010 907 1091 1000 quia
1114 905 1287 1000 quomodo
1308 904 1407 977 vobis
1428 913 1543 998 parcet
1563 907 1626 1001 qrri

215 1042 338 1106 tenens
354 1031 504 1104 minores
517 1038 553 1102 et
568 1029 676 1102 filium
690 1030 868 1124 proprium
886 1030 1033 1102 carceris
1051 1029 1208 1102 custodia
1226 1029 1454 1125 mancipatos,
1473 1029 1625 1124 ipsorum
1686 1048 1689 1054 ·

215 1156 427 1248 dedignatur
447 1155 644 1227 miserando
662 1153 897 1228 misericordia
918 1154 1083 1226 misereri.
1110 1153 1262 1238 Qualiter
1284 1175 1390 1248 supra
1416 1175 1479 1226 vos
1501 1155 1627 1248 pietate

215 1281 411 1354 movebitur
428 1279 489 1372 qui
507 1300 612 1373 super
632 1279 809 1373 captivum
831 1277 940 1349 filium
962 1277 1114 1371 paternis
1136 1276 1430 1370 compassionibus
1451 1299 1520 1350 non
1542 1299 1624 1352 mo-

213 1409 339 1477 retur?
353 1403 457 1489 Quod
478 1404 507 1474 si
527 1403 668 1476 forsitan
690 1401 867 1496 inopinato
888 1421 970 1472 casu
989 1401 1046 1474 vel
1060 1400 1264 1496 impossibili
1281 1401 1422 1472 Romam
1441 1400 1621 1491 veniretis,

215 1537 266 1601 tot
283 1525 442 1600 miranda
462 1527 614 1622 pericula
630 1524 830 1599 mirabiliter
849 1524 1053 1614 evadentes,
1071 1527 1178 1597 Rome
1194 1546 1315 1596 secure
1340 1525 1487 1616 qualiter
1509 1527 1621 1615 eritis,

214 1673 295 1724 cum
313 1673 376 1747 pro
392 1651 540 1724 diversis
556 1651 764 1724 adversariis
780 1650 943 1723 omnibus
959 1650 1096 1722 civibus
1121 1651 1158 1720 in
1184 1648 1321 1722 diversa
1345 1647 1492 1720 diversis
1513 1651 1557 1722 sit
1575 1650 1623 1722 ibi

215 1775 394 1847 conflictus
410 1775 596 1847 continuus
614 1775 703 1846 inter
723 1775 818 1847 cives
834 1782 868 1846 et
885 1773 1010 1846 divisio
1029 1773 1118 1846 inter
1135 1773 1275 1846 fratres?
1295 1771 1396 1856 Quod
1414 1773 1444 1844 si
1460 1773 1624 1846 securius
1672 1831 1673 1836 ,

215 1898 315 1970 vobis
331 1919 409 1970 esse
428 1899 593 1993 potuerit,
614 1898 787 1992 generalis
810 1889 922 1969 tamen
943 1897 1081 1968 afflictio
1106 1917 1175 1968 non
1196 1895 1333 1979 latebit,
1356 1895 1438 1990 quia
1454 1917 1533 1968 cum
1557 1896 1623 1968 sub

215 2024 314 2096 estivi
328 2023 450 2096 caloris
464 2023 618 2096 dominio
634 2045 698 2095 vos
717 2042 836 2095 servos
852 2030 1005 2116 oporteat
1021 2021 1070 2092 ibi
1083 2042 1172 2109 esse,
1192 2020 1243 2092 sic
1258 2020 1384 2093 dicitur
1394 2020 1443 2092 ibi
1461 2042 1624 2115 perseve-

216 2168 296 2219 rans
311 2157 346 2220 et
362 2147 585 2220 intolerabilis
603 2147 727 2219 caloris
745 2146 912 2235 ebullitio,
932 2167 1103 2238 aquarum
1116 2145 1337 2239 putrefactio,
1356 2144 1511 2216 ciborum
1525 2166 1622 2238 gros·

214 2269 324 2356 sities,
344 2291 403 2341 aer
415 2270 615 2364 palpabilis,
638 2290 835 2340 muscarum
854 2268 1093 2340 habundantia
1110 2276 1145 2339 et
1165 2267 1264 2360 copia
1279 2267 1518 2360 scorpionum,
1538 2289 1624 2361 gens

214 2393 416 2482 immunda,
443 2414 529 2487 gens
551 2393 834 2483 abhominabilis,
860 2414 946 2484 gens
967 2391 1135 2486 pessima,
1162 2413 1247 2484 gens
1272 2391 1414 2479 furoris,
1444 2390 1550 2486 fitque
1574 2392 1622 2464 ibi

214 2515 338 2588 civitas
350 2517 439 2588 infra
451 2526 556 2589 totam
570 2517 880 2590 circumferentiam
895 2536 1082 2589 cavernosa
1099 2535 1316 2606 caverncque
1333 2515 1431 2609 plene
1443 2515 1623 2609 reptilibus

215 2640 400 2712 venenosis
422 2641 610 2734 exquibus
633 2642 750 2711 fumus
770 2641 917 2712 infectus
938 2647 973 2710 et
996 2637 1150 2711 inficiens
1168 2647 1354 2731 evaporat,
1370 2637 1419 2708 sic
1435 2659 1557 2710 omnes
1574 2640 1623 2711 ibi

216 2769 298 2868 tunc
313 2773 487 2835 morantes
501 2764 708 2856 generaliter
725 2763 918 2834 moriuntur
931 2761 1027 2855 quod
1040 2763 1086 2835 de
1103 2761 1254 2832 millibus
1265 2761 1386 2833 decem
1398 2759 1460 2832 vix
1473 2761 1622 2834 evadere

215 2897 373 2980 possunt.
390 2887 447 2958 Sic
459 2909 541 2980 ergo
557 2909 646 2980 quos
659 2886 853 2981 indignatio
868 2886 974 2960 maris
991 2885 1194 2975 evomuerit,
1205 2905 1317 2956 vorax
1330 2885 1438 2956 Roma
1450 2904 1623 2958 venenosa

214 2985 585 3104 vomgrncuevoraurc
600 3020 637 3082 ec
650 3011 856 3105 quiScittan
868 3009 1020 3084 evasisse
1032 2994 1369 3098 omnicotendus
1383 3006 1419 3078 tn
1431 3006 1618 3079 carrucam.

215 3134 344 3205 Verum
360 3135 390 3206 si
406 3135 572 3208 miraculo
588 3136 644 3206 vel
659 3137 794 3207 fortuna
813 3143 864 3206 tot
879 3155 1055 3228 pressuras
1071 3133 1257 3222 evaserint,
1276 3131 1356 3225 quis
1371 3132 1422 3204 eis
1441 3131 1486 3204 de
1500 3153 1622 3205 securo

215 3257 326 3330 reditu
356 3259 569 3353 providebit,
595 3261 677 3352 quia
700 3281 778 3330 cnm
804 3259 891 3330 hosti
915 3257 1091 3330 insidianti
1115 3263 1292 3350 magnates
1316 3254 1411 3326 urbis
1435 3256 1621 3350 plurimum

214 3381 410 3454 voluntarie
427 3383 609 3470 famulent,
632 3404 701 3456 non
724 3393 776 3454 est
790 3403 968 3476 regressus
983 3381 1108 3474 aliquis
1129 3380 1197 3453 nisi
1210 3380 1311 3471 velit,
1331 3379 1387 3452 vel
1401 3379 1431 3450 si
1447 3401 1628 3472 regressus

216 3505 301 3577 forte
318 3525 388 3579 non
405 3505 578 3599 potuerint
590 3506 774 3600 impedire,
796 3507 916 3579 saltem
936 3504 1049 3579 eidem
1067 3504 1272 3598 patefacient
1295 3512 1409 3576 motus
1431 3513 1565 3576 vestros
1585 3512 1624 3576 ut

214 3629 329 3700 statim
348 3649 428 3700 cnm
451 3629 596 3723 ingressi
611 3651 706 3702 mare
723 3630 877 3720 fueritis,
896 3649 961 3702 vos
976 3636 1165 3724 expectans
1177 3648 1300 3700 manus
1317 3626 1482 3721 suscipiat
1500 3635 1534 3700 et
1549 3635 1624 3698 tor·

214 3761 318 3845 queat
333 3751 482 3843 inimici,
500 3753 694 3824 vel'saltem
710 3753 747 3825 in
766 3752 1003 3847 prenominata
1019 3750 1173 3846 pericula
1188 3749 1360 3823 incidetis.
1378 3751 1504 3844 Sicque
1519 3751 1623 3824 maris

214 3875 381 3967 gulositas
404 3875 608 3948 insatiabilis
634 3877 669 3948 in
691 3898 756 3950 vos
781 3898 870 3972 quos
891 3877 1039 3967 vomuit,
1067 3875 1230 3970 tanquam
1252 3875 1347 3946 canis
1369 3873 1416 3946 ad
1436 3875 1619 3966 vomitum,

215 4006 418 4089 revertetur,
437 3999 521 4092 quia
541 4019 636 4072 mare
657 4001 869 4096 tempestatis
891 4009 926 4073 ct
945 3998 1038 4073 venti
1060 4019 1124 4094 pro
1140 3998 1242 4071 vobis
1263 3998 1436 4070 naturales
1453 3999 1622 4093 potentias

214 4140 284 4193 non
300 4122 444 4194 amittet.
471 4123 546 4196 Non
564 4124 645 4197 estis
659 4124 708 4197 dii
728 4127 785 4198 vel
802 4125 911 4196 sancti
929 4132 969 4196 ut
992 4125 1028 4196 iu
1049 4130 1214 4218 potestate
1228 4131 1342 4194 vestra
1364 4143 1427 4194 sue
1447 4120 1622 4193 resideant

214 4251 410 4338 potestates.
425 4247 529 4320 Porro
541 4247 570 4319 si
587 4247 687 4320 vobis
699 4247 745 4319 de
757 4247 864 4319 ductu
878 4255 913 4320 et
923 4245 1070 4320 reductu
1083 4244 1248 4318 securitas
1259 4243 1487 4339 permittatur,
1504 4243 1622 4316 videte

213 4389 283 4461 que
295 4367 341 4440 de
353 4369 427 4442 vita
442 4370 568 4443 tuenda
586 4385 620 4442 et
633 4379 742 4443 morte
755 4371 912 4444 cavenda
927 4371 1041 4443 cautio
1053 4370 1127 4443 dari
1141 4369 1261 4465 possit.
1278 4368 1401 4440 Contra
1412 4387 1515 4461 quem
1529 4367 1620 4439 enim

215 4489 261 4563 de
274 4499 384 4563 morte
401 4500 637 4586 postmortem
656 4492 702 4566 de
719 4492 838 4566 mortis
855 4493 1130 4586 possessionibus
1146 4490 1316 4564 habebitis
1336 4490 1521 4579 actionem,
1541 4511 1621 4561 curn

216 4633 336 4686 omnes
351 4623 459 4687 morte
473 4616 591 4708 quoad
603 4625 757 4689 mortuos
772 4625 915 4711 percant
928 4617 1098 4705 actiones,
1117 4615 1294 4710 pactiones
1309 4613 1470 4686 tollantur
1491 4620 1525 4684 et
1539 4632 1622 4706 pro-

217 4736 396 4810 missiones
420 4738 574 4832 quelibet
597 4739 732 4812 viribus
756 4749 967 4832 vacuentur,
996 4761 1061 4814 nec
1087 4737 1242 4812 canonici
1258 4736 1346 4830 juris
1370 4733 1541 4809 beneficio
1564 4735 1621 4806 vel
