4564 6038
1103 706 1288 771 CONRADI
1312 709 1464 783 cudunt

791 1017 1096 1030 D—*n-——n—

414 1327 516 1420 md...
630 1315 848 1424 Comedus,
869 1319 908 1401 in
927 1319 1190 1404 Romanorum
1215 1348 1345 1433 regem
1368 1323 1530 1431 electus,
1553 1325 1602 1406 od
1625 1325 1846 1433 petitionem
1863 1325 1991 1410 Eiete-

575 1449 693 1531 tensis
724 1451 909 1560 episcopi,
938 1454 1161 1537 sententiam
1189 1455 1406 1564 principum
1434 1457 1475 1538 in
1506 1457 1719 1566 praesentia
1749 1483 1819 1541 sun
1846 1458 1987 1565 letam,

573 1579 743 1688 publicet
768 1613 777 1662 :
799 1586 905 1693 quod
927 1585 1058 1706 nullus
1082 1589 1432 1672 excommunicatus
1462 1615 1486 1672 e
1512 1590 1670 1674 dominc
1695 1615 1785 1698 suo,
1807 1591 1858 1674 de
1880 1591 1989 1700 cujus

574 1737 692 1797 manu
711 1715 866 1799 feodum
888 1718 1057 1828 occipere
1074 1718 1206 1827 debet,
1227 1719 1453 1805 infeodetur.

656 1955 750 2034 (Edit.
766 1961 798 2016 in
812 1959 939 2019 Menum.
956 1961 1050 2039 Boin,
1064 1967 1089 2022 t.
1104 1960 1202 2034 XXX,
1217 1977 1286 2039 pers
1300 1961 1325 2035 1,
1341 1979 1372 2039 p.
1387 1970 1456 2037 ²67,
1472 1971 1506 2023 n⁰
1520 1971 1590 2038 758,
1604 1979 1644 2022 ex
1656 1963 1795 2042 originali
1810 1963 1890 2024 unde
1901 1964 1990 2042 dgd-

694 2065 757 2124 lum
779 2064 926 2140 appendet
945 2081 985 2126 ex
1010 2073 1163 2144 segmento
1181 2066 1422 2148 membranaceo,
1437 2098 1478 2114 -
1495 2075 1526 2129 et
1549 2084 1598 2146 ep.
1619 2068 1887 2143 enumerantem.
1910 2069 1987 2130 nee.

697 2167 805 2246 dem,
820 2175 844 2229 t.
861 2169 915 2248 IV,
929 2187 961 2248 p.
978 2169 1062 2250 ent.)

623 2381 801 2456 Conrados
817 2381 892 2458 divi
913 2385 1052 2479 augusti
1068 2385 1284 2482 imperatoris
1299 2347 1460 2460 Friderici
1484 2384 1594 2478 filius,
1619 2386 1681 2460 Dei
1697 2386 1807 2479 gratia
1824 2385 1990 2460 Romano

463 2527 464 2530 ’
573 2529 651 2578 rom
676 2507 712 2578 in
734 2507 1000 2602 regemelectus
1022 2529 1159 2606 semper
1179 2517 1350 2602 augustus
1372 2507 1527 2583 etheree
1543 2509 1643 2605 regni
1660 2510 1986 2606 lerosolymiterum.

572 2631 702 2703 'fenore
721 2631 931 2725 presentium
949 2639 1070 2705 notum
1085 2653 1162 2706 esse
1178 2633 1343 2707 volumus
1361 2633 1530 2708 universis
1547 2633 1643 2728 qnod
1663 2632 1710 2707 ed
1729 2634 1990 2729 requisitionem

574 2752 691 2828 dilecti
709 2753 887 2827 familiaris
910 2755 1017 2828 nostri
1035 2755 1249 2830 honorabilis
1265 2757 1431 2853 principis
1452 2756 1587 2852 imperii
1602 2757 1800 2830 Eisteteneie
1821 2757 1987 2853 episcopi,

572 2877 812 2952 assistentibus
830 2877 930 2952 nobis
952 2879 1166 2976 principibus
1186 2889 1221 2954 et
1240 2880 1318 2954 eliis
1334 2879 1509 2954 nobilibus
1530 2902 1636 2976 qum
1659 2881 1835 2976 pluribus,
1857 2881 1935 2956 telis
1953 2881 1991 2953 in

572 3001 744 3097 presentia
761 3011 877 3075 nostra
891 3003 961 3076 late
980 3003 1046 3074 fuit
1062 3004 1234 3076 sententia
1249 3011 1283 3078 et
1294 3005 1339 3076 ab
1353 3003 1516 3078 omnibns
1532 3003 1723 3100 approbata
1738 3029 1747 3074 ι
1764 3004 1859 3100 qnod
1874 3005 1990 3078 nullus

574 3125 895 3198 excommunicatus
916 3134 1083 3220 tanquam
1102 3127 1309 3200 comunione
1331 3127 1487 3200 fidelium
1505 3129 1661 3224 privatus
1680 3109 1784 3202 feodo
1801 3149 1865 3202 suo
1885 3150 1906 3201 e
1924 3127 1991 3201 do·

572 3248 668 3320 mino
682 3268 746 3320 sno
766 3248 811 3320 de
825 3249 925 3340 cujus
939 3271 1044 3321 mono
1058 3249 1096 3322 id
1117 3250 1274 3346 occipere
1287 3249 1410 3340 debet,
1430 3251 1650 3345 aliquetenus
1661 3249 1786 3326 debent
1802 3249 1987 3342 infeodari,

572 3391 654 3444 cnm
673 3371 749 3444 tolie
763 3370 809 3443 ad
824 3381 921 3443 actus
941 3371 1111 3464 legitimos
1122 3373 1319 3446 nullatenus
1332 3373 1378 3445 sit
1393 3371 1630 3447 admittendos
1646 3373 1713 3470 (t).
1729 3373 1831 3447 Unde
1843 3373 1891 3447 ed
1907 3396 1990 3469 sup·

573 3493 793 3590 plicationem
816 3493 962 3588 predicti
980 3495 1130 3590 episcopi
1146 3495 1295 3570 eandem
1313 3498 1516 3570 sententiam
1540 3499 1710 3571 conscribi
1727 3498 1872 3572 fecimus
1887 3507 1921 3571 et
1938 3499 1991 3570 si·

574 3619 655 3714 gillo
666 3620 761 3714 regio
776 3619 944 3694 roborari.

622 3741 745 3840 Actum
764 3744 857 3840 apud
875 3746 1093 3839 Hegenowe,
1115 3766 1234 3820 mense
1247 3745 1665 3836 decembris,'undccime
1678 3747 1888 3822 indictionis.
2020 3808 2026 3820 .

610 4103 647 4176 (t)
665 4101 706 4161 Cf.
723 4117 817 4177 supra,
833 4109 854 4161 t.
868 4103 914 4174 IV,
932 4119 959 4177 p.
976 4103 1038 4174 631,
1053 4103 1161 4162 Henrici
1172 4105 1278 4180 septimi
1292 4105 1423 4178 chartam,
1443 4106 1497 4164 dat.
1519 4105 1593 4179 epod
1608 4106 1797 4178 Frenkenfurt,
1813 4107 1992 4165 terminarit

576 4195 657 4254 titt.

1202 4395 1363 4408 ”u—
