4564 6038
335 1207 544 1315 chricus,
579 1210 878 1294 Constantiensis
908 1210 1130 1321 episcopus,
1163 1219 1303 1294 statuta
1335 1209 1385 1292 ab
1417 1209 1699 1317 archiepiscopo
1791 1213 1808 1297 ἱ

282 1338 504 1450 Magantino
530 1341 571 1423 in
590 1343 750 1426 concilio
769 1341 990 1427 Erlordensi
1016 1343 1117 1427 edita
1143 1369 1257 1452 super
1281 1367 1433 1425 crucem
1450 1349 1582 1424 contra
1600 1341 1699 1422 Tar-

282 1479 387 1554 taros
400 1472 449 1556 ab
462 1475 643 1559 omnihus
657 1476 944 1584 assumendam,
956 1502 1023 1585 per
1039 1485 1160 1559 totam
1179 1501 1288 1559 suam
1304 1473 1505 1558 dioecesim
1520 1472 1700 1581 promul-

284 1605 367 1715 gari
387 1607 558 1690 mandat.

977 1875 1006 1946 l.

366 2049 469 2122 (soto.
496 2048 629 2121 Barnun,
653 2050 713 2112 Der
737 2047 1010 2131 Goeclicllttsrtuud
1036 2047 1233 2139 metamorp.
1256 2047 1304 2110 der
1329 2047 1489 2112 humela.
1515 2050 1625 2110 cercina
1647 2047 1700 2110 der

404 2152 576 2234 liras-Orto
595 2153 776 2233 (lllndedeln
795 2145 890 2234 toll,
905 2155 959 2236 δ’),
974 2163 999 2218 t.
1022 2158 1048 2230 1,
1068 2165 1262 2234 p.t51·ttt;
1287 2173 1326 2216 ex
1349 2157 1495 2234 orlglndl,
1516 2163 1601 2234 prout
1620 2173 1698 2218 assc-

406 2263 491 2332 rltur,
508 2259 658 2337 quondum
671 2264 702 2320 ln
716 2262 836 2322 archivo
851 2262 976 2322 fratrum
991 2264 1157 2338 mlnorum,
1173 2278 1254 2322 nunc
1267 2265 1297 2322 ln
1315 2261 1435 2322 archivo
1450 2262 1629 2322 Lucernensl
1650 2280 1698 2324 as·

406 2372 536 2425 servato.
551 2365 778 2425 Emendatlones
791 2382 867 2440 quas
885 2368 931 2424 vir
944 2367 1074 2441 optimus
1087 2365 1137 2424 Fr.
1153 2367 1333 2426 Bochmerus
1355 2367 1392 2426 ed
1414 2367 1620 2427 elueldandum
1643 2367 1699 2428 hoc

406 2473 507 2549 magnl
523 2473 667 2531 momeutl
681 2471 894 2532 documentum
908 2471 994 2530 uobis
1007 2473 1172 2550 proposuit,
1188 2469 1312 2530 libenter
1324 2471 1522 2549 admisimus.)

334 2661 378 2730 ll.
396 2660 458 2730 Dei
475 2661 591 2752 gracia
609 2659 876 2732 constantiensis
890 2659 1034 2732 ecclesie
1051 2659 1250 2754 episcopus,
1270 2659 1402 2730 dilectis
1426 2661 1460 2729 iu
1483 2659 1615 2731 Christo
1632 2659 1698 2732 ira·

287 2783 329 2854 tri
345 2783 531 2856 Anshelmo
550 2783 683 2858 custodi
698 2785 868 2856 minorum
884 2784 1026 2854 fratrum
1039 2805 1142 2876 super
1154 2785 1294 2874 Lacum,
1315 2793 1349 2855 et
1368 2783 1529 2855 iratribus
1542 2783 1699 2875 ejusdem

288 2907 455 2997 custodie,
472 2909 616 2979 salutem
636 2907 672 2978 in
688 2907 847 2979 Domino.
861 2907 955 2979 Licet
969 2906 1074 3000 igitur
1088 2905 1250 2978 dominus
1261 2905 1539 3000 archiepiscopus
1555 2907 1699 3000 llagun·

286 3031 397 3121 tinus,
413 3031 607 3104 secundum
624 3030 845 3126 prudentiam
863 3031 929 3102 sibi
946 3053 967 3101 a
982 3031 1055 3102 Dec
1074 3030 1208 3116 datam,
1230 3030 1339 3100 multa
1355 3039 1481 3101 statuta
1497 3029 1541 3101 de
1557 3030 1699 3102 consilio

287 3153 483 3247 principum
501 3153 650 3226 ediderit
667 3155 805 3247 negotio
832 3153 944 3226 crucis
964 3163 1083 3226 eontra
1105 3155 1265 3224 Tartarus
1287 3152 1474 3246 plurimum
1499 3154 1696 3246 profutura,

288 3285 405 3348 tamen
419 3276 502 3369 quia
513 3276 582 3348 tale
596 3299 637 3348 ac
653 3285 786 3348 tantum
805 3276 987 3369 negocium
1002 3277 1142 3346 multam
1162 3274 1306 3367 requirit
1318 3275 1556 3346 auctoritatem
1578 3274 1613 3346 in
1633 3271 1700 3346 hiis

289 3398 348 3491 qui
362 3399 541 3491 predicant
555 3399 701 3472 verbum
716 3399 843 3485 crucis,
865 3398 1077 3490 multamque
1093 3396 1237 3489 requirit
1257 3396 1472 3468 latitudinem
1492 3397 1528 3467 in
1544 3397 1697 3486 statutis,

289 3539 352 3591 nos
367 3520 522 3594 volentes
539 3530 577 3592 ut
590 3521 772 3616 negocium
786 3518 980 3616 predictum
998 3517 1167 3592 inoffenso
1186 3518 1276 3614 pede
1291 3530 1406 3592 currat
1426 3520 1462 3592 in
1479 3528 1595 3592 nostra
1612 3519 1701 3616 dyo-

289 3643 377 3734 cesi,
393 3653 428 3716 et
443 3664 504 3738 per
515 3643 578 3716 Dei
592 3644 737 3738 gratiam
752 3645 901 3716 lructum
915 3643 1035 3716 allerat
1051 3643 1241 3738 copiosum,
1258 3641 1382 3716 damus
1397 3643 1496 3717 vobis
1510 3644 1700 3740 plenariam

288 3774 489 3860 potestatem
504 3766 706 3862 predicandi
719 3789 856 3839 crucem
871 3776 906 3839 et
924 3765 1129 3840 absolvendi
1144 3786 1263 3838 omues
1281 3768 1614 3859 excommunicatos,
1632 3777 1699 3840 tam

289 3889 365 3964 illos
379 3912 526 3984 quorum
547 3891 718 3964 absolutio
736 3891 783 3964 ad
801 3912 864 3964 nos
885 3890 1044 3985 pertinet,
1066 3912 1170 3984 quam
1187 3889 1289 3961 etiam
1307 3890 1382 3962 illos
1396 3912 1544 3983 quorum
1562 3891 1700 3962 absolu·

289 4014 418 4086 tionem
427 4013 590 4086 dominus
605 4037 694 4109 papa
708 4015 773 4086 sibi
785 4014 980 4108 specialiter
994 4005 1196 4085 reservavit.
1214 4012 1315 4096 Quod
1332 4022 1446 4084 autem
1462 4013 1527 4084 hcc
1541 4012 1701 4084 ultimum

290 4158 352 4230 pro
369 4145 461 4208 tanta
477 4137 680 4209 necessitate
698 4138 851 4210 Ecclesia
869 4139 980 4210 lacere
993 4137 1185 4231 possimus,
1202 4135 1394 4208 rationibus
1413 4135 1547 4228 probari
1568 4146 1697 4231 posset,

290 4259 319 4330 si
335 4259 402 4331 hoc
424 4259 605 4354 prolixitas
626 4261 770 4354 epistole
792 4281 862 4334 non
887 4269 1031 4332 vetaret.
1048 4261 1120 4332 Hoc
1136 4261 1239 4332 ctiam
1263 4281 1464 4355 expressum
1483 4270 1535 4332 est
1557 4261 1593 4330 in
1610 4280 1702 4332 nova

291 4380 453 4454 decretali
467 4381 598 4454 domini
613 4405 702 4478 pape
713 4383 868 4474 Gregorii
882 4385 963 4455 noni
978 4392 1077 4455 extra
1090 4381 1135 4455 de
1149 4383 1526 4454 excommunicatione:
1542 4384 1702 4468 Quamvis

290 4505 456 4591 incidens,
475 4518 542 4577 etc.
561 4504 627 4600 (l).
645 4506 727 4577 ltem
748 4506 874 4578 damus
890 4505 990 4577 vobis
1012 4514 1212 4600 potestatem
1231 4503 1467 4576 commutandi
1488 4518 1568 4576 rota
1587 4504 1703 4578 omnia

326 4783 364 4856 (l)
384 4783 426 4842 Cl.
443 4785 546 4858 Corpus
558 4785 634 4857 J'urr's
649 4789 787 4854 cononici,
802 4801 864 4859 cap.
881 4787 926 4854 ta,
942 4783 991 4840 lib.
1009 4787 1034 4852 5,
1050 4783 1092 4840 tit.
1107 4788 1150 4838 ³9.
