4524 6012
326 733 424 792 lucter.
444 727 507 806 lu]
778 729 975 790 HISTORIA
1002 721 1296 788 otrtoultutclt.
1678 717 1739 778 657

373 865 510 938 Similes
527 873 663 960 apertus
676 875 712 936 et
726 865 862 937 clausas
875 864 988 937 eidem
1006 864 1143 958 scripsit
1161 859 1201 932 G.
1223 859 1268 931 de
1284 857 1445 929 Cuscutia
1467 875 1530 950 pro
1550 853 1741 926 Actaviauc

328 988 371 1062 de
386 987 664 1079 Caldobuccone,
685 988 794 1060 Paulo
816 987 863 1060 de
878 989 1006 1060 Lucell.
1025 995 1060 1060 et
1076 987 1175 1058 Petro
1191 982 1238 1058 de
1259 978 1475 1066 Alexandro,
1492 978 1740 1050 mercatoribus

327 1113 506 1205 Romanis,
520 1106 581 1206 qui
597 1132 660 1207 pro
684 1111 799 1183 unciir
815 1111 976 1201 CXCllll,
994 1111 1122 1184 debent
1140 1107 1269 1180 habere
1285 1104 1405 1176 uncias
1424 1100 1575 1174 CCLVIII
1598 1112 1633 1173 et
1648 1109 1739 1174 ture·

328 1255 389 1308 uos
402 1235 480 1308 XX.

374 1357 509 1428 Similes
530 1366 665 1451 apertas
690 1367 725 1428 et
740 1359 876 1430 clausas
892 1352 1036 1452 'scripsit
1059 1355 1099 1426 G.
1124 1353 1169 1428 de
1190 1355 1300 1425 'Ioccu
1323 1351 1443 1444 hlajori
1465 1349 1510 1422 de
1532 1349 1739 1421 Plaucatoue

329 1490 458 1553 secreto
485 1479 645 1552 hlessane
671 1501 734 1576 pro
763 1481 871 1553 Paulo
887 1481 1118 1574 Malagrumo,
1146 1477 1284 1550 Andros
1307 1474 1352 1547 de
1373 1475 1500 1546 Ianuar
1521 1481 1556 1545 et
1577 1473 1669 1544 Luce
1692 1473 1738 1544 de

330 1603 467 1692 Ieuuar,
486 1604 735 1674 mercatoribus
756 1603 936 1692 Romanis,
958 1602 1018 1696 qui
1033 1621 1097 1697 pro
1115 1599 1227 1672 unciis
1246 1598 1421 1690 DCCXVI,
1444 1597 1573 1670 dehent
1586 1597 1739 1691 recipere

329 1726 448 1798 uncias
462 1724 676 1797 DCCCCLIIII
691 1736 726 1798 et
744 1737 882 1799 tarenos
898 1726 975 1797 XX.

375 1849 512 1920 Similes
536 1859 671 1944 apertas
695 1860 729 1922 et
754 1851 888 1922 clausas
910 1849 1023 1921 eidem
1043 1855 1174 1921 secreto
1196 1847 1354 1918 Messana
1376 1843 1511 1940 scripsit
1531 1843 1571 1917 G.
1600 1844 1645 1916 de
1670 1843 1737 1916 Cu-

330 1971 437 2044 seutia
452 1993 515 2066 pro
529 1973 711 2046 laurentio
727 1975 940 2068 Bouasigna,
963 1973 1105 2046 Nicolao
1121 1971 1284 2066 Stephani
1301 1969 1347 2042 de
1367 1961 1541 2064 Philippo,
1565 1969 1737 2062 Stephano

329 2104 361 2167 et
378 2094 535 2189 Philippo
554 2097 660 2168 fratre
677 2098 770 2189 ejus,
791 2108 826 2169 et
846 2097 1019 2190 Stephano
1045 2093 1116 2168 fibo
1140 2094 1298 2186 ejusdcm
1319 2093 1466 2182 Nicolai,
1491 2093 1736 2165 mercatoribus

328 2217 505 2309 Romanis,
527 2219 588 2312 qui
603 2241 665 2314 pm
681 2221 793 2292 unciis
809 2219 995 2308 CCXCVII,
1017 2219 1145 2292 debent
1161 2217 1313 2312 recipere
1331 2217 1451 2288 uncias
1467 2214 1658 2288 CCCXCVI.

375 2341 512 2413 Similes
530 2352 666 2436 apertus
685 2353 719 2415 et
740 2345 874 2415 clausas
891 2343 1027 2438 scripsit
1049 2342 1161 2414 eidem
1180 2353 1310 2413 secreto
1327 2341 1481 2412 Messana
1500 2339 1541 2411 G.
1561 2340 1606 2412 de
1625 2342 1735 2412 Tooco

329 2481 390 2556 pro
407 2464 513 2536 Paulo
524 2463 569 2536 de
587 2465 718 2556 Cesar,
741 2467 896 2539 Iohanne
909 2467 955 2540 de
974 2466 1160 2561 Raynerio,
1180 2465 1308 2538 Iacobo
1325 2462 1396 2536 filio
1412 2465 1501 2555 ejus,
1523 2471 1557 2535 et
1571 2463 1735 2537 Michaele

328 2583 416 2656 Petri
432 2585 596 2658 Iohannis
608 2587 654 2660 de
670 2589 763 2661 Saxo
779 2590 1025 2663 mercatoribus
1040 2589 1203 2662 Romanis
1219 2589 1280 2684 qui
1298 2609 1360 2684 pro
1375 2588 1487 2660 unciis
1498 2587 1586 2680 CCC,
1606 2587 1735 2661 debent

328 2707 482 2804 recipere
496 2711 740 2783 unciasCCCC.

377 2830 513 2903 Similes
530 2843 668 2926 apertas
684 2845 718 2905 et
734 2834 870 2906 clausas
885 2835 1019 2928 scripsit
1032 2835 1180 2907 Iacobus
1196 2833 1241 2906 de
1259 2836 1384 2906 Bantra
1401 2833 1516 2906 cidem
1532 2846 1660 2908 secreto
1673 2815 1736 2930 pro

329 2955 457 3027 Iacobo
476 2956 564 3027 Petri
588 2957 773 3050 sinibaldi,
787 2957 887 3031 Petro
901 2957 1047 3032 Oddone
1067 2959 1187 3030 Serlet.
1207 2967 1240 3029 et
1258 2958 1397 3030 Nicolao
1415 2957 1579 3051 Stephani
1595 2958 1640 3030 de
1655 2959 1736 3030 Phi-

330 3077 444 3172 lippo,
461 3079 709 3152 mercatoribus
726 3081 907 3172 Romanis,
933 3083 993 3174 qui
1019 3103 1081 3176 pro
1107 3081 1220 3153 uucIis
1246 3079 1408 3169 DCLXII,
1428 3080 1557 3153 debent
1584 3083 1737 3177 recipere

330 3201 448 3272 uncias
460 3202 731 3276 DCCCLXXXIII
745 3203 861 3277 miuus
876 3205 1028 3277 tercIum.

376 3323 513 3396 Similes
535 3335 669 3420 apertas
694 3335 729 3398 et
755 3329 889 3400 clausas
910 3328 1024 3400 eidem
1041 3328 1176 3421 scripsit
1191 3327 1231 3399 G.
1257 3327 1302 3400 de
1321 3328 1480 3400 CuseuIIa
1499 3348 1561 3420 pro
1580 3327 1737 3423 Philippo

330 3445 526 3538 Ficcaficar,
542 3449 670 3522 Iacobo
684 3451 787 3522 tratre
801 3451 889 3542 ejus,
902 3451 1057 3522 Iohanne
1070 3449 1264 3539 Ficcallcar‚
1278 3459 1312 3522 et
1323 3449 1553 3522 hlontaiucolo
1566 3449 1737 3543 filioejus·

330 3568 408 3640 dem
427 3571 587 3662 Ioannis,
606 3573 854 3645 mercatoribus
871 3573 1050 3664 Romanis,
1069 3573 1131 3666 qui
1149 3594 1213 3668 pro
1231 3573 1344 3645 unciIs
1357 3573 1489 3662 CCXII,
1507 3572 1635 3646 dehent
1650 3576 1737 3647 reci·

330 3713 413 3787 pere
425 3694 546 3765 uncias
560 3693 762 3768 CCLXXXII
777 3705 812 3768 et
828 3704 963 3770 tarenos
979 3696 1054 3767 XX.

376 3816 513 3890 slmiles
537 3828 674 3914 apertus
701 3829 736 3892 et
761 3821 897 3891 clausas
926 3820 1064 3914 scripsit
1088 3819 1293 3891 Laurentius
1317 3818 1362 3892 de
1388 3818 1583 3892 Brundusio
1607 3821 1738 3914 Augelo

328 3937 463 4012 Frisaro
479 3941 613 4014 custodi
629 3954 793 4036 portuum
813 3943 926 4014 SIcilie
943 3942 1026 4014 citra
1039 3943 1167 4014 flumen
1179 3943 1311 4014 Salsum
1323 3963 1386 4036 pro
1397 3943 1551 4016 Iohanne
1564 3943 1736 4034 Scriliuio,

329 4061 529 4154 Thomasio,
550 4065 690 4137 Nicoluo
709 4075 744 4137 et
767 4066 866 4138 Petro
891 4066 1071 4153 lrutrihus,
1095 4075 1130 4137 et
1148 4065 1286 4136 Nicolao
1307 4064 1470 4160 Stephani
1494 4067 1540 4138 dc
1564 4067 1735 4161 Philippo,

327 4187 574 4258 mercatoribus
597 4189 778 4274 llomcuis,
806 4188 867 4282 qui
898 4209 960 4282 pru
990 4187 1101 4258 unciis
1127 4185 1401 4282 ccxxwil„
1429 4187 1556 4260 debent
1584 4189 1739 4283 recipere

328 4309 449 4382 uncias
462 4309 614 4382 CCCXIII
631 4321 667 4382 et
681 4319 817 4382 tarenos
834 4311 911 4382 XX.

376 4432 512 4504 Similes
530 4441 667 4526 apertas
679 4433 858 4505 stclausas
870 4431 982 4505 eidem
995 4433 1129 4526 Augelo
1141 4433 1277 4528 scripsit
1293 4435 1329 4505 P.
1345 4432 1390 4506 de
1405 4433 1535 4528 Capua,
1555 4455 1618 4529 pro
1634 4436 1740 4507 Paulo

329 4555 434 4642 llulo,
450 4555 591 4628 Nicolao
608 4557 771 4650 Stephani
791 4555 836 4630 de
852 4555 1028 4651 Philippo,
1048 4556 1183 4649 Augalo
1201 4555 1342 4647 Rufino,
1366 4565 1399 4628 et
1422 4557 1519 4628 Petro
1538 4557 1736 4644 FIccalicar,

331 4679 580 4751 mercatoribus
588 4680 761 4771 Ilomauis,
774 4679 834 4773 qui
846 4699 906 4774 pro
914 4679 1025 4750 unciis
1034 4678 1450 4775 CCCll,debentrecipcre
1462 4681 1582 4752 uncias
1589 4679 1737 4767 CCCCII,

327 4810 363 4872 et
377 4799 513 4876 tarsum
525 4801 604 4875 XX.
