4374 6010
260 733 348 795 lucrer.
367 727 427 814 lu]
697 727 893 791 HISTORIA
916 722 1211 794 utruotturt'ett.

470 1007 703 1018 W

304 1231 528 1317 Mandatum
546 1227 596 1312 ed
619 1228 865 1311 ammiratum
892 1228 1000 1339 regni
1028 1241 1071 1310 ut
1097 1229 1137 1309 in
1156 1251 1400 1337 quocumque
1426 1225 1589 1308 resselle
1616 1228 1665 1310 ad

255 1389 416 1474 regnum
436 1361 649 1472 applicante
667 1360 869 1472 diligenter
886 1361 1108 1471 exquiratur
1134 1385 1205 1470 pro
1227 1357 1508 1467 intercipiendie
1531 1356 1667 1440 litteris

255 1505 357 1578 extra
375 1495 487 1606 regni
506 1493 690 1577 terminos
708 1493 922 1577 deferendis
945 1503 982 1576 et
998 1492 1205 1576 rebellibus
1224 1492 1341 1601 siqui
1360 1491 1501 1574 luerint
1526 1491 1668 1574 ibidem

254 1627 396 1712 inventi
415 1626 686 1711 custodiendis.

334 1822 466 1902 (Rogat.
485 1789 590 1902 imper.
603 1815 724 1882 Μαι.
739 1819 784 1892 11,
796 1817 848 1880 lol.
866 1826 904 1880 eu
915 1834 1017 1892 verum
1033 1820 1065 1878 tn
1079 1781 1303 1897 edtticurean„
1316 1833 1348 1896 p.
1366 1817 1449 1896 uer.)
1512 1890 1515 1896 Ι

301 1981 348 2050 lte
367 1978 543 2072 imperiali
562 1975 719 2048 mandute
743 1977 830 2070 sarto
856 1999 920 2072 per
947 1978 1141 2070 magistrum
1167 1979 1304 2048 Petrum
1330 1975 1370 2046 dc
1408 1975 1505 2048 Vinea
1538 1978 1672 2072 scripsit

257 2099 296 2170 P.
313 2103 484 2196 Wolscrur
500 2102 540 2172 dc
558 2099 702 2194 Capua:

303 2223 526 2316 Fredericue,
544 2235 627 2316 etc,
649 2219 804 2296 Nicolino
822 2221 966 2318 Spinule
987 2221 1185 2308 ammirato,
1203 2230 1269 2296 etc.
1289 2221 1460 2298 Fidelitati
1477 2231 1536 2296 tue
1554 2223 1674 2320 preci-

259 2343 385 2432 piendo
413 2347 623 2422 mandamus
645 2347 818 2442 quatenus
846 2369 908 2441 per
930 2347 1084 2439 singulos
1109 2353 1228 2442 portus
1251 2347 1421 2420 maritime
1444 2347 1542 2440 regni
1568 2348 1675 2420 nostri

259 2459 372 2544 Sicilie
395 2494 507 2544 nnnm
532 2480 593 2545 ant
624 2469 714 2544 duos
740 2470 867 2566 probos
891 2470 987 2542 viros
1013 2478 1144 2542 statuas
1167 2478 1202 2544 et
1225 2467 1346 2544 fideles
1370 2471 1431 2566 qni
1455 2469 1570 2544 statim
1594 2491 1676 2542 enm

259 2588 372 2686 navis,
385 2595 487 2686 galea
500 2594 556 2667 vel
570 2593 757 2666 vassellum
774 2591 915 2686 aliquod
929 2593 1175 2688 undecumque
1189 2593 1335 2676 ,veniens
1350 2593 1566 2690 applicuerit,
1580 2592 1677 2688 prius

258 2707 366 2784 qnam
386 2717 515 2812 aliquis
537 2715 582 2790 de
601 2715 676 2811 ipso
699 2714 887 2789 descendat
909 2716 966 2787 vel
989 2697 1129 2812 aliquid*
1144 2715 1338 2811 deponatur
1359 2736 1406 2788 ex
1428 2735 1487 2808 eo,
1512 2736 1678 2812 personas

253 2814 380 2912 ⁰an
404 2851 440 2913 et
457 2841 533 2912 loca
554 2839 708 2934 quelibet
725 2839 949 2926 vussellornm
977 2835 1121 2912 fideliter
1144 2849 1178 2914 ct
1201 2839 1382 2934 diligenter
1400 2839 1562 2934 exquirat
1582 2839 1678 2914 unde

196 2933 295 3061 sil,
331 2962 443 3036 unde
458 2961 593 3054 veniat,
610 2984 682 3056 qno
697 2969 732 3035 et
747 2961 792 3034 ud
811 2960 898 3056 quid
917 2960 1024 3036 vadat
1042 2963 1152 3058 etqui
1171 2961 1240 3036 sint
1263 2959 1420 3035 homines
1436 2960 1622 3036 existentes
1641 2962 1677 3034 in

165 3137 248 3192 60
260 3121 290 3172 0,
318 3103 431 3176 qnos
450 3086 555 3158 etiam
576 3087 696 3178 jurare
714 3078 897 3180 'compellet
915 3096 953 3157 ut
971 3085 1105 3157 licuerae
1119 3107 1183 3158 eeu
1200 3085 1307 3158 verba
1325 3093 1443 3160 contra
1458 3085 1677 3182 nce,'impe·

200 3214 345 3274 z‘mm
368 3218 432 3282 ant
443 3217 683 3308 regnalnostra
699 3229 769 3280 non
785 3207 940 3281 delerant
956 3207 1227 3302 quoquomodo.
1244 3209 1394 3282 Licterae
1409 3229 1528 3282 omnes
1547 3208 1677 3282 ibidem

239 3318 424 3404 'mneritas
448 3340 510 3404 unt
526 3330 624 3427 apud
645 3332 794 3426 aliquem
819 3331 864 3404 de
887 3332 1034 3404 vessello
1057 3341 1155 3404 extra
1178 3333 1275 3426 regni
1294 3333 1457 3404 terminos
1474 3331 1678 3405 deferendas

274 3458 351 3522 bum
379 3475 504 3550 capere
533 3456 712 3545 volumus,
740 3477 829 3549 quas
856 3455 902 3528 ud
929 3457 1136 3556 presentiam
1168 3464 1320 3550 nostram
1353 3456 1497 3528 intactae
1515 3456 1679 3548 jubemus

1722 1227 1840 1279 mauu.

1719 1279 1746 1328 lu
1759 1281 1844 1336 uptun.

290 3587 355 3648 tum
372 3563 542 3668 celeritate
563 3578 770 3670 trunemieti,
790 3578 838 3651 ita
853 3585 970 3650 tamen
991 3588 1031 3648 nt
1052 3577 1187 3650 interim
1207 3578 1324 3666 navis,
1343 3579 1441 3670 galea
1463 3599 1526 3650 sen
1549 3579 1679 3652 vessel-
1741 3569 1747 3635 ἶ

296 3691 350 3768 lun
362 3711 418 3773 ant
430 3721 579 3797 perenna
595 3702 712 3796 aliqua
732 3721 778 3774 ex
797 3701 848 3774 eis
863 3665 1080 3796 aliquatenus
1101 3721 1248 3794 regnum
1265 3722 1334 3774 non
1353 3711 1456 3774 exeat
1473 3701 1550 3774 sine
1567 3693 1682 3776 nostre

296 3817 404 3898 licentia
426 3825 632 3917 majestatis;
657 3823 804 3918 quodsi
828 3825 954 3920 aliquis
980 3823 1025 3898 de
1050 3823 1237 3898 rebellibus
1261 3825 1386 3898 nostris
1408 3825 1620 3898 inveniretur
1636 3825 1679 3896 -in

294 3943 341 4034 eis,
353 3947 395 4020 ud
410 3947 506 4052 qnod
522 3948 618 4046 omni
632 3946 749 4021 studio
766 3947 899 4022 intendi
912 3948 1074 4022 volumus
1087 3957 1121 4020 et
1135 3948 1281 4040 cantela,
1296 3947 1410 4044 ipsum
1425 3971 1505 4020 cum
1519 3947 1680 4020 omnibus

290 4067 374 4144 rebus
391 4073 463 4144 suis
479 4071 555 4166 capi
569 4071 677 4145 iacies
693 4081 726 4144 et
744 4069 928 4165 diligenter
941 4072 1119 4146 custodiri.
1140 4071 1332 4166 significari
1352 4073 1505 4168 preterea
1520 4072 1681 4144 volumus

287 4191 370 4266 nobie
385 4215 447 4292 per
468 4195 603 4268 licturus
626 4193 778 4269 ordinati
800 4196 858 4267 vel
880 4193 1118 4270 ordinaturum
1141 4204 1280 4268 tuorum
1308 4198 1399 4292 capti
1422 4177 1478 4270 rel
1504 4203 1681 4291 captorum

285 4317 425 4410 nemina,
444 4316 589 4408 mudum
614 4326 649 4392 et
670 4317 945 4392 cimumetantias
961 4341 1082 4394 omnes
1105 4319 1250 4392 aliorum
1268 4305 1509 4393 entraneorum
1535 4319 1571 4389 in
1597 4339 1690 4422 ves-¹

286 4439 365 4513 sellis
379 4440 588 4534 delatorum,
613 4451 654 4515 nt
674 4441 771 4537 qnod
786 4442 918 4518 exinde
941 4441 1014 4517 fieri
1031 4443 1157 4517 debeat
1179 4453 1296 4517 nostra
1311 4443 1479 4539 precipiet
1493 4439 1678 4516 celsitudc

289 4559 417 4638 Nomina
438 4565 543 4638 etiam
567 4565 802 4641 ordinaturum
826 4587 890 4663 per
914 4575 948 4640 te
972 4567 1020 4641 nd
1043 4567 1111 4640 hoc
1133 4567 1330 4662 singillatim
1359 4589 1423 4670 per
1446 4566 1581 4640 lieteras
1605 4565 1684 4638 ιιιιιιΙ

293 4686 439 4778 majestati
457 4697 573 4762 nostre
588 4689 665 4764 eine
679 4711 777 4764 mora
792 4688 990 4786 significare
1004 4690 1155 4784 curabis,
1176 4699 1242 4764 etc.
1670 4687 1673 4694 ’

331 4807 444 4885 butum
462 4811 622 4907 Lucerie,
639 4813 718 4887 xv1
731 4813 870 4912 aprelis,
893 4816 973 4888 Xlll
988 4814 1199 4889 indictionis.
