4374 6010
262 663 359 724 brasc
376 661 439 740 id]
700 656 899 720 HISTORIA
924 659 1222 728 bastonarius.
1612 656 1674 720 869

261 795 481 872 mandamus.
506 790 513 890 Ι
534 793 855 890 Purpuraspannos
874 795 1082 887 odacrum,
1106 797 1346 870 cammeioctos
1360 795 1505 868 subtiles
1524 803 1559 867 et
1575 815 1674 888 gros·
1699 803 1866 850 iot-”w-

261 941 334 1010 sos,
352 917 519 992 cendatoe
532 916 578 990 de
592 917 745 1012 Tripulo,
761 918 973 992 buccaranos
987 917 1040 1016 (t)
1053 920 1196 993 subtiles
1208 928 1243 993 et
1257 939 1394 1014 grossam
1407 927 1442 992 et
1452 916 1542 992 daos
1559 918 1674 990 mutos

263 1053 298 1116 et
320 1065 431 1115 nnam
456 1040 637 1114 roncinum
656 1062 745 1135 quos
767 1051 803 1114 et
823 1063 911 1136 quas
933 1044 1086 1115 neurius
1105 1043 1278 1116 Jordanns
1299 1053 1334 1116 et
1356 1041 1529 1116 Iohannes
1552 1041 1674 1114 Musca

262 1167 373 1240 nuntii
391 1167 443 1238 tui
460 1165 508 1239 ad
526 1173 677 1238 nostram
695 1165 827 1240 curiam
849 1165 1066 1257 detulerunt,
1087 1187 1222 1240 camera
1244 1176 1361 1238 nostra
1377 1165 1521 1260 reecpit,
1545 1173 1580 1236 et
1606 1164 1673 1259 ipsi
1822 1221 1827 1232 .

262 1289 375 1364 nuntii
387 1289 437 1362 tui
454 1289 518 1371 tibi
534 1289 580 1363 de
594 1289 740 1384 receptis
758 1290 918 1370 deterunt
931 1289 1132 1385 apodixam.
1152 1291 1296 1362 Baiistas
1307 1298 1439 1383 emptas
1453 1300 1492 1360 ut
1509 1288 1673 1382 scripsisti

263 1435 323 1508 per
339 1413 504 1486 Pisanum
518 1394 781 1488 deliiccobaido
794 1413 908 1486 civem
924 1413 1079 1486 Messana
1096 1413 1302 1486 mandamus
1321 1421 1360 1484 nt
1373 1433 1451 1484 curu
1474 1411 1520 1484 ad
1541 1411 1672 1484 curiam

264 1547 414 1612 nosuam
435 1537 590 1627 venais,
609 1535 734 1610 deterri
753 1535 858 1608 iacias
876 1545 990 1609 nostre
1003 1534 1198 1609 celsitudini
1213 1534 1472 1630 presentandus.
1491 1537 1542 1608 Da
1557 1535 1673 1608 vaccis

264 1670 299 1736 ct
312 1661 425 1753 jencis
439 1659 493 1756 (t)
508 1659 625 1732 multis
638 1660 728 1732 sicut
739 1659 902 1754 scripsisti
915 1661 976 1754 qui
993 1654 1040 1732 ita
1058 1669 1140 1732 snnt
1156 1660 1331 1732 silvestres
1345 1659 1441 1753 quod
1453 1657 1587 1733 domari
1603 1681 1673 1732 non

263 1792 408 1879 possunt
422 1794 458 1856 et
472 1781 502 1854 si
517 1780 712 1856 vendentur
724 1781 821 1854 cnria
837 1791 953 1854 nostra
967 1782 1188 1855 commodum
1204 1791 1451 1875 consequetur,
1468 1779 1673 1853 mandamus

264 1917 304 1980 ut
315 1928 442 1980 vaccas
454 1907 484 1980 si
501 1925 572 2000 qne
584 1914 666 1978 sunt
679 1904 768 1978 filios
785 1925 855 1978 non
868 1914 1043 2000 portantes
1056 1915 1090 1978 et
1106 1907 1226 2000 iencos
1241 1907 1417 1978 silvestres
1434 1925 1504 1978 non
1517 1885 1674 1978 valentes

264 2033 419 2121 domari,
435 2030 541 2104 vendi
568 2030 674 2104 iacias
697 2029 745 2103 ad
765 2029 986 2104 commodum
1005 2032 1101 2103 curie
1122 2041 1257 2119 nostre3
1279 2039 1455 2127 portantes
1477 2052 1557 2103 vero
1585 2029 1673 2104 filios

264 2157 342 2230 licet
355 2156 530 2228 silvestres
545 2153 685 2228 servitio
698 2163 816 2228 nostro
832 2153 989 2227 dimictas
1002 2176 1065 2250 pro
1082 2153 1161 2228 filiis
1177 2153 1345 2228 habendis
1358 2176 1407 2227 ex
1423 2155 1490 2247 eis;
1509 2155 1570 2249 qui
1586 2175 1673 2228 uero

264 2280 397 2355 domari
413 2289 587 2376 poterunt,
603 2278 736 2351 domari
757 2278 861 2350 iacias
874 2299 936 2374 pro
950 2280 1082 2376 campis
1095 2281 1234 2354 nostris.
1251 2281 1301 2354 De
1317 2279 1480 2353 domibus
1496 2279 1620 2352 nostris
1635 2279 1672 2350 in

264 2403 372 2477 Casuli
387 2403 541 2478 Silvestri
559 2412 594 2476 et
609 2411 703 2475 turre
725 2421 796 2496 que
817 2410 870 2475 cst
887 2401 936 2474 ibi
959 2402 1110 2477 inventis
1132 2403 1383 2501 discchopertis
1399 2404 1489 2477 sicut
1506 2403 1672 2498 scripsisti

264 2536 299 2600 et
310 2547 371 2600 eas
383 2524 575 2621 coboperiri
589 2533 625 2598 et
637 2523 747 2619 aptari
758 2523 848 2597 bene
862 2524 963 2617 iacis;
977 2525 1022 2598 de
1034 2527 1196 2600 domibus
1208 2527 1350 2601 Caucasi
1366 2549 1472 2623 prope
1480 2526 1672 2622 Augustam

264 2671 352 2744 quas
365 2649 451 2722 iacis
462 2647 551 2722 bena
563 2646 764 2744 cohoperire
778 2645 950 2720 ceramitis
959 2657 993 2722 et
1002 2650 1096 2723 calce
1108 2670 1153 2722 ne
1165 2651 1261 2723 venti
1271 2651 1402 2723 rabiem
1416 2651 1671 2746 pertimescant,

264 2795 411 2869 quarum
426 2773 535 2845 satam
550 2793 630 2844 cum
647 2770 798 2844 miniano
818 2771 914 2865 quod
929 2773 1066 2869 respicit
1083 2795 1178 2846 mare
1192 2795 1314 2846 versus
1330 2773 1522 2866 Augustam
1535 2795 1597 2868 pro
1610 2772 1674 2847 de·

223 2927 226 2932 ·
265 2899 355 2990 iectu
372 2897 457 2971 boni
470 2895 687 2970 fundamenti
704 2893 841 2967 ruinam
858 2895 1028 2970 minantes
1042 2897 1191 2994 reparari
1206 2897 1306 2988 iacis;
1325 2895 1371 2969 de
1390 2897 1500 2992 turgia
1518 2897 1580 2969 nbi
1603 2898 1675 2970 cal·

266 3022 357 3094 caria
370 3021 446 3094 tieri
462 3020 547 3095 iacis
559 3040 624 3115 pro
642 3016 844 3115 reparandis
859 3017 967 3090 muris
982 3017 1027 3091 de
1039 3019 1113 3091 luto
1129 3017 1227 3091 iactis
1244 3019 1306 3112 qui
1324 3018 1415 3092 sicut
1430 3019 1595 3115 scripsisti
1611 3041 1674 3115 pro

266 3143 384 3236 maiori
403 3153 501 3239 parte
515 3151 597 3214 snnt
612 3143 703 3236 passi
724 3139 880 3230 ruinam;
900 3141 945 3214 dc
965 3137 1065 3214 fiskia
1080 3140 1289 3214 iaciendain
1304 3143 1431 3238 palatio
1444 3153 1559 3218 nostru
1578 3144 1675 3238 qnod

266 3268 370 3340 estin
386 3265 534 3338 Cbindia
549 3285 657 3360 prope
670 3265 887 3360 Syracosium
902 3273 936 3337 et
950 3265 1028 3337 aliis
1047 3263 1346 3338 commoditatibus
1362 3265 1530 3339 iaciendis
1544 3265 1675 3339 ibidem

266 3391 353 3464 sicut
371 3389 557 3486 scripsisti,
579 3395 673 3460 tuam
696 3385 910 3479 diligentiam
932 3387 1180 3483 approbamus,
1201 3397 1235 3462 et
1255 3390 1367 3485 placet
1388 3385 1547 3462 nobisne
1569 3411 1675 3485 opera

265 3513 498 3588 testimoninm
515 3509 720 3607 perhibeant
737 3509 889 3584 veritati.
908 3509 999 3583 lttud
1015 3510 1109 3584 idem
1123 3511 1372 3607 respondemus
1390 3511 1436 3585 de
1451 3512 1555 3586 domo
1568 3533 1675 3606 qnam

266 3648 300 3712 te
310 3639 481 3712 inctmnm
496 3635 583 3710 dicis
596 3633 643 3708 ad
658 3655 748 3730 opus
763 3633 934 3728 pullorum
948 3643 1140 3708 nostrornm
1156 3635 1191 3707 in
1203 3657 1330 3728 magno
1344 3645 1441 3732 prato
1455 3657 1563 3732 prope
1576 3637 1676 3732 Syra·

266 3761 397 3836 casiam
410 3762 513 3854 juxta
531 3756 711 3832 mandram
736 3757 960 3845 bubalorum,
983 3767 1019 3832 et
1041 3757 1087 3832 de
1104 3759 1261 3856 paleareo
1277 3780 1340 3855 pro
1356 3758 1553 3854 reponenda
1577 3759 1675 3854 palea

268 3884 512 3958 consuuendo.
530 3883 581 3956 De
599 3881 697 3955 terris
713 3881 835 3954 vacuis
850 3888 920 3976 que
945 3893 1028 3955 sunt
1050 3883 1095 3956 de
1113 3882 1274 3957 demanio
1290 3891 1407 3956 nostro
1428 3883 1464 3954 in
1487 3882 1676 3956 tenimento

267 4005 448 4102 Syracusis
465 4005 503 4076 in
514 4011 614 4100 prato
629 4023 756 4097 magno
769 4001 956 4098 dequibus
975 4003 1066 4077 sicut
1084 4005 1251 4100 scripsisti
1269 4005 1365 4078 curia
1383 4014 1498 4080 nostra
1514 4026 1676 4079 mmmc-

268 4127 350 4202 dum
368 4129 503 4200 nullum
529 4125 766 4224 consequitur,
785 4147 874 4221 quas
895 4126 1085 4221 burgenses
1102 4128 1284 4223 Syracusis
1305 4137 1426 4223 petunt
1449 4128 1495 4202 ad
1516 4149 1673 4201 annuum

268 4272 407 4326 censum
426 4273 487 4348 pro
504 4249 700 4348 plantandis
717 4249 818 4324 ineis
834 4250 959 4343 vineis,
976 4273 1045 4345 qne
1063 4252 1092 4323 si
1111 4272 1271 4324 concesse
1284 4252 1410 4324 inerint
1425 4251 1509 4346 ipsis
1522 4251 1673 4345 burgen·

302 4561 339 4632 (t)
357 4559 535 4632 Frequentius
548 4559 733 4634 munaus
746 4577 755 4614 .·
770 4559 842 4617 unda
855 4559 950 4633 gallire
964 4558 1127 4633 batanaea,
1143 4558 1278 4633 boaprca,
1294 4559 1363 4619 telae
1375 4561 1506 4634 pretiosas
1521 4563 1634 4637 species.

302 4657 338 4731 (ἱ)
355 4657 427 4728 Quid
440 4657 507 4716 baec
517 4673 569 4715 vox
581 4657 715 4731 significet
728 4673 781 4714 non
795 4657 876 4732 plane
889 4658 1107 4732 interpretamur,
1120 4659 1185 4716 dum
1197 4659 1249 4749 sub
1263 4658 1410 4716 mascrdino
1423 4675 1522 4732 genera
1533 4667 1670 4736 appareat.

270 4753 298 4811 Si
308 4755 381 4812 enim
390 4753 518 4813 feminina
531 4755 609 4828 iuret,
622 4755 735 4814 forsitan
748 4754 783 4814 ds
791 4755 943 4828 jaciebas,
958 4755 1050 4829 gallice
1061 4757 1188 4830 proicer,
1204 4755 1403 4830 intelligendum
1418 4757 1565 4816 rideretur.

345 4853 373 4915 V
403 4867 493 4918 rma.
1475 4866 1532 4918 tto
