4564 6038
322 661 420 718 lao1cr.
441 656 501 740 14]
770 655 969 716 HISTORIA
996 654 1293 718 ereuouarlca
1665 657 1743 724 1217

323 793 444 883 eJectio
465 791 647 864 manifesta
665 809 800 862 necnon
816 789 862 862 de
880 791 1028 885 singulis
1050 813 1121 886 que
1139 811 1202 862 rex
1217 789 1381 862 Bobenue
1399 789 1562 862 sustinuit
1575 812 1636 885 per
1661 792 1742 864 Tar·

323 925 477 987 tarorum
495 915 626 987 rabiem
645 921 680 984 et
697 913 864 997 insultus,
893 936 954 1010 per
977 916 1069 1010 ipsos
1093 913 1266 1008 principes
1289 913 1351 1006 qui
1373 912 1573 1005 hujusmodi
1592 915 1740 987 turbinis

322 1038 559 1134 intemperiem
588 1046 670 1108 sunt
691 1037 842 1131 experti,
867 1039 1022 1132 poteritis
1044 1036 1194 1110 lucidius
1216 1035 1392 1108 informari
1415 1057 1522 1128 quam
1548 1035 1653 1110 modo
1678 1058 1742 1112 noe

321 1181 485 1257 perpesse
507 1171 542 1233 et
567 1161 659 1234 illata
682 1160 814 1233 eisdem
835 1162 973 1256 plenius
996 1182 1172 1257 exponere
1188 1160 1359 1256 possimne
1382 1168 1416 1232 et
1434 1179 1607 1232 enarrare.
1631 1162 1742 1258 Super

320 1297 487 1380 processu
505 1305 592 1357 vero
609 1292 725 1356 vestro
742 1292 778 1356 et
800 1284 922 1358 militie
946 1295 1061 1358 vestre
1080 1307 1143 1380 per
1160 1306 1224 1357 vos
1238 1291 1462 1376 congregate,
1480 1303 1527 1354 ex
1545 1287 1740 1361 maturitate

320 1409 427 1481 nostri
445 1409 579 1480 consilii
594 1417 706 1480 vestre
722 1409 895 1481 serenitati
913 1408 1080 1481 duximus
1097 1407 1401 1481 consulendumut
1415 1427 1476 1500 pre
1487 1407 1650 1482 omnibus
1664 1410 1739 1482 vio·

321 1531 473 1604 tualibus
492 1540 526 1604 et
549 1530 731 1603 balistariis
755 1533 960 1626 premuniti,
981 1533 1184 1606 descensum
1204 1539 1376 1617 vestrum,
1402 1532 1587 1626 assumptis
1606 1540 1738 1606 tantum

320 1656 492 1744 Bavvaris,
513 1654 764 1744 Franmnibus,
783 1655 922 1728 swevis
938 1665 972 1728 et
985 1655 1153 1727 militibus
1168 1655 1271 1743 lieni,
1292 1653 1366 1726 sine
1380 1654 1509 1727 lesione
1526 1663 1746 1743 terrenostre

319 1799 390 1874 que
400 1788 452 1851 cst
470 1777 670 1850 multimode
683 1777 863 1851 devastata
877 1779 925 1853 ita
940 1779 1043 1852 etiam
1056 1778 1153 1873 quod
1165 1800 1236 1850 non
1250 1778 1359 1872 pessit
1371 1777 1593 1850 venientibus
1607 1780 1741 1853 habun-

322 1902 445 1974 danter
468 1901 660 1974 necessaria
677 1901 889 1991 ministrare,
908 1924 970 1996 per
983 1902 1187 1975 industriam
1208 1912 1323 1974 tamen
1339 1911 1491 1974 nestram
1506 1903 1627 1974 offeret
1644 1892 1740 1998 quod

320 2031 446 2118 potest,
463 2022 643 2096 commode
654 2024 855 2118 preparetis.
872 2023 965 2097 Alios
978 2026 1152 2120 principes
1164 2046 1225 2119 per
1241 2026 1452 2098 destructum
1466 2047 1612 2116 regnum
1629 2028 1741 2100 Bobe-

320 2149 404 2232 mie‚
420 2148 588 2234 Saxones,
604 2147 806 2238 Misnenses,
821 2149 1050 2242 inningenses
1064 2147 1277 2222 descendere
1288 2147 1452 2222 iacientes
1465 2158 1503 2220 nt
1518 2150 1740 2244 postmodnm

320 2271 494 2366 universis
518 2270 646 2364 pariter
669 2271 905 2364 congregatis,
934 2294 1004 2345 non
1033 2268 1145 2345 solnm
1164 2273 1295 2344 'limites
1315 2272 1466 2366 imperii,
1494 2253 1739 2348 verumetiam

319 2391 454 2488 partem
471 2393 651 2488 Hungarie
663 2415 742 2465 cum
756 2415 876 2466 eorum
889 2395 1019 2468 ibidem
1036 2395 1200 2490 receptio,
1217 2396 1434 2468 Tartarorum
1453 2393 1634 2488 videlicet,
1649 2407 1741 2470 esset

320 2515 468 2612 imperio
483 2517 672 2612 plurimum
683 2538 827 2590 onerosa
838 2517 987 2612 eoquod
1001 2517 1212 2591 munitiones
1227 2517 1355 2590 ibidem
1365 2518 1412 2614 (a)
1424 2515 1587 2613 plurimas
1604 2521 1739 2615 erigant

320 2639 357 2710 in
385 2639 546 2729 instanti,
574 2640 676 2713 nobis
700 2641 965 2735 cooperantibus
989 2641 1098 2713 simus
1128 2641 1272 2714 accincti
1302 2641 1506 2726 defendere3
1533 2643 1617 2715 certi
1642 2643 1738 2738 quod

319 2770 413 2836 tanta
425 2773 478 2836 est
487 2763 678 2838 infidelium
688 2766 907 2837 'tartarorum
921 2765 1073 2860 potentia
1085 2774 1119 2838 et
1132 2764 1307 2855 fortitudo,
1323 2763 1377 2861 (ut
1389 2787 1510 2838 sumus
1523 2768 1738 2862 experientia

319 2889 492 2983 personali
504 2890 641 2984 experti
659 2911 739 2962 cum
756 2890 847 2962 circa
865 2891 960 2984 ipsos
972 2911 1126 2962 essemus
1140 2891 1176 2960 in
1190 2889 1367 2982 Hungeria
1385 2890 1557 2962 constituti
1576 2891 1738 2964 conflictu

318 3009 438 3086 habito
455 3035 536 3084 cum
554 3013 701 3102 eisdem,
723 3023 757 3085 et
771 3023 811 3086 ut
826 3013 929 3086 nobis
945 3012 1203 3104 recedentibus,
1225 3011 1372 3085 devictis
1390 3013 1451 3106 qui
1469 3023 1644 3108 presentes
1661 3016 1736 3086 fue·

319 3145 396 3209 rant
409 3137 467 3208 illa
479 3136 556 3208 vice
572 3158 717 3231 regnum
735 3147 770 3210 et
782 3159 843 3209 rex
860 3140 1102 3230 Hungarorum
1116 3145 1197 3209 sunt
1205 3135 1364 3230 experti),
1376 3139 1472 3230 quod
1486 3138 1628 3232 expedit
1639 3140 1734 3211 omni

318 3259 448 3330 virtute
469 3268 588 3330 contra
612 3259 704 3354 ipsos
729 3269 763 3331 ct
780 3260 920 3354 ingenio
943 3258 1153 3354 premuniri,
1178 3257 1344 3332 mittendo
1371 3259 1568 3354 solempnes
1589 3263 1735 3334 nuncios

319 3391 424 3476 amne
442 3382 569 3477 scripta
583 3382 744 3474 Francis,
761 3383 926 3477 Hispanis
942 3395 975 3455 et
991 3383 1117 3474 Anglie
1133 3383 1274 3475 regibus
1287 3393 1322 3454 et
1337 3383 1459 3456 celeris
1471 3385 1646 3457 nobilibus
1659 3385 1735 3456 uni·

317 3506 429 3578 versis
446 3505 508 3600 qui
532 3516 715 3579 censentur
733 3506 872 3578 nomine
891 3506 1093 3604 christiano,
1115 3517 1154 3578 ut
1173 3507 1292 3579 saltem
1317 3508 1367 3578 sic
1385 3507 1585 3599 hujusmodi
1604 3509 1734 3580 turbini

317 3630 496 3726 resistatur
512 3651 575 3726 per
598 3629 754 3726 ipsorum
779 3630 990 3726 presentiam
1016 3631 1238 3726 corporalem.
1257 3629 1433 3702 Timemus
1455 3631 1572 3725 itaque
1596 3641 1734 3727 propter

317 3753 530 3826 vicinitatem
554 3754 755 3828 eorumdem
773 3775 843 3848 que
863 3752 1012 3827 adduas
1031 3753 1143 3826 dietas
1159 3749 1207 3848 (b)
1224 3763 1275 3826 est
1293 3776 1314 3826 a
1330 3753 1499 3826 limitibus
1514 3763 1603 3828 terre
1619 3764 1734 3827 nostre

318 3885 356 3946 nt
374 3898 436 3971 per
459 3877 608 3949 insultus
634 3887 722 3950 terre
746 3887 862 3951 nostre
884 3878 1033 3950 inierant
1054 3877 1194 3950 cottidie
1217 3878 1419 3971 gravamina
1441 3887 1476 3949 et
1494 3880 1664 3970 jacturas,
1689 3901 1734 3952 eo

316 4001 411 4093 quod
435 4001 537 4072 simul
559 4001 670 4074 omnis
688 4023 807 4074 eorum
826 4011 977 4096 potestas
995 4010 1030 4073 ct
1052 4001 1087 4072 in
1112 4023 1222 4072 unum
1246 4023 1323 4074 esse
1345 4001 1536 4074 dinoscitur
1553 4023 1625 4096 que
1646 4003 1734 4075 hac-

316 4132 419 4196 tenus
435 4146 496 4219 per
510 4113 648 4198 diversa
661 4145 769 4218 regna
785 4124 942 4220 dispersa
959 4125 1086 4216 luerat,
1108 4133 1330 4218 congregata.
1352 4124 1509 4218 Denique
1527 4124 1630 4196 tantis
1649 4125 1735 4198 sciat

316 4245 412 4340 ipsos
424 4255 539 4318 vestra
558 4249 725 4321 serenitas
739 4247 870 4321 divitiis
883 4247 1088 4322 habundare
1105 4249 1285 4321 occasione
1304 4248 1533 4342 quadraginta
1548 4268 1732 4340 regnorum

316 4389 387 4462 que
403 4389 466 4463 per
482 4369 575 4463 ipsos
594 4371 839 4443 exterminium
855 4381 935 4443 sunt
951 4379 1113 4466 experta,
1137 4372 1234 4466 qnod
1251 4394 1315 4466 per
1337 4371 1512 4444 interitum
1531 4371 1732 4446 eorumdem

316 4491 439 4586 viginti
458 4513 566 4586 regna
582 4493 726 4564 exaltari
746 4504 891 4588 possunt
903 4494 1036 4568 divitiis
1055 4496 1250 4569 ethonore.
1273 4497 1439 4569 Nuntium
1456 4497 1560 4570 etiam
1577 4503 1732 4569 nostrum

358 4654 400 4734 (a)
422 4656 559 4717 Forsitan
572 4657 679 4716 melius
691 4655 790 4720 iidem.

357 4757 399 4840 (b)
421 4761 457 4822 In
470 4762 613 4839 impresso
625 4758 726 4837 dictes,
742 4763 830 4824 male.
