4524 6012
549 659 610 724 ’126
1044 659 1260 722 ruluunlcl
1284 659 1456 724 sscllllltl
1765 657 1845 744 [Ass.
1864 659 1950 724 1240.

549 795 687 869 eunium
701 795 798 870 curie
815 803 931 870 nostre
945 817 1051 892 quam
1066 795 1201 870 hebetis
1215 797 1271 872 vel
1288 796 1334 870 od
1347 817 1471 870 manus
1487 804 1618 870 uestros
1631 797 1841 892 pervenerit,
1858 797 1953 894 apud

548 917 768 992 lntmducum
795 941 856 1015 per
882 918 1019 994 fidelem
1044 920 1205 992 nuntium
1232 921 1492 1006 transmetatio,
1521 918 1657 992 custodi
1683 920 1832 1014 pecunie
1850 941 1952 1014 quem

545 1043 749 1136 justitiarius
774 1042 908 1140 Aprulii
939 1042 1053 1117 fidelis
1083 1054 1200 1117 noster
1232 1043 1363 1118 ibidem
1390 1044 1547 1120 statuerit
1574 1041 1839 1139 assignandam
1866 1042 1953 1139 quid

549 1177 583 1239 et
597 1173 766 1260 quantum
788 1164 835 1239 ad
856 1175 1005 1241 castrum
1024 1165 1218 1263 predictum
1249 1167 1408 1240 miseritis
1431 1188 1493 1262 per
1519 1168 1716 1262 frequentes
1735 1167 1874 1240 nuutios
1893 1187 1953 1240 re-

547 1289 719 1384 scripturi.

597 1415 720 1486 Datum
734 1413 884 1510 Fulgini‚
905 1415 950 1487 Vl
970 1415 1150 1500 februarii,
1169 1415 1246 1488 xlll
1261 1413 1472 1488 indictionis.

596 1537 732 1609 Similes
747 1537 834 1610 lacte
853 1547 934 1610 suut
951 1537 995 1610 ad
1012 1537 1177 1610 Criseium
1189 1536 1447 1612 Amalfitauum.
1757 1537 1853 1624 Quas

596 1660 731 1734 Similes
753 1661 842 1732 laete
856 1659 995 1733 suntad
1010 1660 1215 1733 llieeardum
1234 1659 1280 1734 de
1295 1661 1451 1734 Pulearu.
1735 1659 1882 1756 portavit

596 1783 731 1856 Similes
746 1783 834 1856 laete
848 1781 990 1856 suntad
1007 1783 1048 1874 B.
1067 1782 1246 1855 Pisseuum
1264 1781 1486 1876 justitiarium
1507 1778 1629 1876 Apro·
1728 1781 1880 1878 Angelus

548 1909 599 1981 tii.
1710 1901 1755 1977 de
1765 1903 1895 2000 Capua.

420 2111 429 2122 ‚
596 2029 720 2103 Addita
739 2025 894 2102 eloooole
917 2027 980 2100 illo
1004 2027 1080 2103 sive
1104 2037 1226 2104 mutuo
1252 2028 1326 2102 sive
1351 2025 1596 2122 undecumque
1622 2025 1805 2121 pecuniam
1829 2023 1953 2098 habere

547 2155 688 2254 poteris

1014 2377 1198 2388 nunu—nana·-
1205 2373 1730 2388 sumamma-*w

360 2632 498 2732 ,iffi
599 2618 779 2704 Mandata
802 2618 906 2702 veria
923 2643 994 2726 pro
1011 2618 1172 2703 ilenrico
1194 2620 1342 2704 Abbute
1367 2629 1404 2704 cl
1428 2619 1575 2704 notorio
1605 2619 1775 2702 Iohanne
1795 2619 1844 2702 de
1870 2617 1951 2702 Pe-

546 2775 683 2835 normo
700 2760 744 2833 ut
760 2751 810 2832 nd
832 2775 962 2860 regem
980 2751 1111 2836 Tunisi
1129 2778 1170 2837 se
1187 2753 1384 2838 conferant
1404 2777 1475 2860 pro
1501 2749 1661 2835 servitiis
1682 2749 1862 2860 principis
1886 2775 1952 2833 ee-

545 2881 673 2967 leriter
688 2882 931 2993 exequendis.

628 3084 760 3167 (Reum.
775 3084 878 3165 impe.
890 3081 1010 3148 mode.
1022 3084 1063 3162 11,
1078 3083 1131 3146 lol.
1146 3094 1184 3148 ot
1198 3091 1295 3161 reem
1309 3085 1422 3148 incdit.
1437 3081 1575 3158 eurem,
1589 3097 1621 3160 p.
1636 3079 1720 3160 ote.)

595 3257 642 3326 ilc
667 3255 824 3328 modae
847 3255 1015 3352 imperiali
1037 3257 1126 3349 [ceto
1145 3277 1208 3351 per
1222 3255 1372 3350 judicem
1387 3257 1523 3330 Petrum
1545 3251 1587 3325 de
1612 3253 1714 3326 Vinea
1735 3255 1869 3350 seipsis
1891 3253 1951 3325 Je-

546 3379 642 3450 coles
658 3377 697 3449 de
715 3381 870 3449 Bonlro:
1695 3381 1698 3388 ’

595 3499 800 3592 Friderieus,
821 3507 905 3592 ete,
923 3499 1070 3574 ilenrico
1087 3499 1232 3593 Abbati,
1254 3511 1320 3576 ete.
1340 3499 1512 3575 Fidelitnti
1530 3511 1589 3575 tue
1608 3499 1830 3598 precipiendo
1847 3521 1951 3575 mau-

547 3623 672 3697 damus
689 3632 860 3718 quatenus
875 3645 947 3696 una
962 3644 1042 3695 eum
1059 3624 1220 3720 magistro
1235 3625 1393 3700 Iohanne
1409 3625 1454 3698 do
1471 3625 1640 3698 Panorme
1657 3623 1789 3698 notario
1806 3632 1841 3695 et
1858 3622 1952 3697 lideli

546 3748 663 3817 ne'stro
676 3745 751 3836 vel,
772 3745 802 3816 si
819 3745 893 3841 ipse
911 3743 1110 3819 infirmitate
1124 3757 1286 3840 maratus
1304 3769 1373 3820 nou
1388 3747 1529 3844 poterit,
1545 3767 1630 3821 eum·
1641 3746 1709 3819 alio
1724 3767 1828 3842 quem
1846 3745 1887 3818 R.
1908 3743 1953 3820 de

546 3865 676 3940 Amicis
690 3867 896 3960 justitiarius
907 3868 1021 3942 Sicilie
1037 3871 1127 3942 ultra
1142 3869 1271 3944 ilumeu
1290 3871 1424 3944 Salsum
1439 3869 1540 3964 juxta
1557 3867 1654 3963 quod
1667 3867 1735 3941 sibi
1751 3865 1875 3940 damus
1891 3888 1952 3962 per

547 3981 679 4062 nostrds
700 3991 835 4063 lieteras
862 3990 898 4062 in
915 3990 1105 4084 mundatis,
1126 3991 1267 4066 duxerit
1282 3991 1502 4089 eligendum,
1527 3991 1681 4065 conferas
1703 3997 1737 4064 te
1761 3988 1809 4064 ud
1835 4009 1951 4082 regem

546 4111 665 4184 Tunisi
684 4131 764 4184 eum
783 4113 911 4188 lictoris
930 4113 1055 4186 nestris
1081 4136 1169 4209 quas
1191 4113 1257 4188 sibi
1283 4115 1449 4189 duximus
1472 4113 1711 4204 destinandus,
1731 4133 1951 4209 processurus

547 4256 626 4307 cum
643 4229 766 4308 eodem
781 4237 915 4309 notario
928 4237 985 4308 vel
1003 4237 1071 4310 alio
1087 4259 1191 4333 quem
1206 4237 1416 4333 justiciarius
1431 4237 1553 4332 eliget,
1572 4237 1609 4308 in
1626 4236 1766 4332 negotio
1780 4233 1877 4329 quod
1891 4233 1951 4306 tibi

547 4367 582 4429 ct
598 4356 710 4430 eidem
729 4359 994 4451 munierimus,
1011 4361 1112 4454 juxta
1130 4359 1225 4454 quod
1239 4358 1400 4434 Alberius
1415 4359 1460 4433 de
1476 4359 1728 4434 Pentetremulo
1743 4357 1951 4455 presentium

546 4483 700 4576 portitor,
723 4479 833 4553 fidelis
851 4491 979 4570 noster,
1005 4483 1067 4577 qui
1091 4506 1231 4556 eausam
1254 4485 1367 4574 novit,
1385 4507 1432 4559 ox
1452 4493 1550 4582 parte
1575 4492 1691 4560 nostra
1708 4489 1868 4556 oretenus
1889 4477 1950 4550 tibi

546 4603 669 4676 referet
686 4609 720 4674 et
738 4603 866 4675 exinde
882 4612 916 4676 te
933 4604 1078 4678 instruet
1092 4604 1288 4700 diligenter.

593 4725 718 4796 Datum
736 4724 898 4816 Fuligini,
916 4726 961 4800 Vl
979 4726 1154 4819 februarii,
1171 4727 1247 4800 Xlll
1260 4725 1470 4800 indictionis.
