4384 6004
549 643 630 706 rose
989 649 993 656 ·
1049 649 1262 712 rarosnrcr
1286 649 1459 712 sacuam
1766 649 1847 728 [aaa
1867 621 1983 711 tuos

548 775 722 858 homines
748 787 856 860 erant
882 803 968 861 oum
995 781 1163 864 maximo
1190 781 1368 865 thesauro
1394 779 1672 864 comburentes.
1695 779 1801 864 Unde
1824 780 1952 889 impe-

548 917 653 991 rator
676 908 786 992 valde
808 910 1031 1020 indignatus
1058 939 1189 996 mense
1215 913 1431 998 novembris
1449 911 1643 996 mandarit
1659 912 1700 994 iu
1718 911 1898 1022 Apuliam
1915 923 1952 996 et

549 1039 636 1123 lecit
653 1043 884 1150 suspendere
905 1045 1082 1128 comitem
1110 1045 1265 1130 Petrum
1288 1045 1476 1156 'lepulum
1497 1045 1620 1128 filium
1642 1044 1751 1126 ducis
1777 1043 1953 1128 Venetiae

548 1199 664 1281 quern
704 1175 896 1259 detinebat
933 1187 1181 1260 carceratum.
1223 1177 1393 1262 chronio.
1433 1181 1479 1259 de
1519 1179 1596 1258 reb.
1633 1177 1673 1257 t'a
1711 1179 1800 1257 ltul.
1839 1189 1947 1284 qest,

548 1332 587 1412 p.
613 1307 703 1390 tet.

762 1576 962 1586 ’,ιι-*η
967 1575 1738 1586 ww

417 1905 446 1937 a„
472 1925 477 1938 .
600 1845 832 1953 Friderious,
853 1845 1113 1929 Romanorum
1134 1845 1359 1954 imperator,
1376 1844 1590 1956 justitiariis
1608 1845 1717 1956 regni
1743 1844 1859 1926 mittit
1880 1845 1953 1926 lit-

547 1989 647 2061 teras
668 2003 765 2088 quas
788 1977 974 2062 universis
997 1979 1146 2086 scripsit
1168 2004 1239 2088 pro
1260 1977 1435 2084 collecte,
1461 2003 1550 2059 oum
1572 1977 1708 2060 oedula
1728 1976 1953 2084 interclusa,

547 2110 736 2192 mandens
759 2120 802 2192 ut
827 2110 930 2192 idem
957 2109 1174 2192 subsidium
1200 2111 1305 2220 quod
1331 2135 1408 2193 non
1436 2119 1587 2192 tantum
1613 2110 1862 2219 ademaniis,
1889 2111 1955 2193 sed

547 2245 661 2326 etiam
679 2241 729 2324 ab
747 2240 932 2350 ecelesiis,
953 2241 1098 2325 clericis
1117 2251 1155 2324 et
1172 2241 1393 2326 feudatariis
1411 2242 1590 2352 exigitur,
1610 2243 1771 2326 discrete
1788 2269 1833 2326 ac
1850 2242 1956 2326 lide-

546 2375 632 2458 liter
649 2373 859 2485 imponant.
912 2473 914 2478 ¹

629 2590 723 2668 (Edlt.
739 2605 788 2666 ap.
803 2588 888 2651 Petri
899 2585 935 2648 de
953 2587 1020 2648 Via.
1034 2587 1146 2668 Epist,
1162 2587 1213 2648 ΙΙΙ).
1230 2587 1276 2666 ΙΙ,
1292 2604 1358 2666 cap.
1372 2588 1546 2662 xxxv1113
1562 2589 1630 2648 coll.
1643 2604 1712 2650 cum
1725 2587 1792 2649 eod.
1805 2586 1883 2650 bibl.
1900 2588 1956 2649 (Ξε-

668 2711 727 2755 sar.
743 2695 849 2772 Paris,
855 2691 948 2774 joade
961 2693 1167 2770 Natu-Dama,
1181 2701 1251 2772 20²,
1265 2699 1296 2754 et
1309 2710 1379 2754 curn
1389 2695 1456 2756 cod.
1465 2694 1542 2755 Btbl.
1559 2693 1745 2772 Guelferbit,
1757 2694 1836 2774 Aug.
1850 2703 1899 2767 ts,
1909 2693 1954 2773 t).

597 2881 811 2970 Friderions‚
834 2889 917 2972 eto,
939 2880 1126 2974 justitiario
1149 2877 1311 2974 Apruoii,
1336 2891 1403 2954 ste.
1429 2882 1468 2952 In
1493 2881 1709 2976 infrascripta
1732 2881 1841 2954 torma
1868 2879 1957 2952 tide·

550 3008 640 3078 libus
658 3007 694 3076 in
710 3026 817 3098 regno
833 3005 1035 3099 scripsimus
1050 3025 1111 3099 pro
1127 3005 1266 3076 oollecta
1282 3027 1291 3074 ε

598 3130 653 3203 Ad
671 3129 918 3230 compassionis
934 3139 1049 3199 nostre
1068 3125 1247 3221 precordia
1265 3127 1361 3199 velut
1373 3125 1525 3222 quedam
1538 3133 1639 3200 acuta
1651 3127 1825 3200 venabula
1841 3135 1956 3198 uane-

549 3263 635 3327 eunt
651 3253 884 3324 universitatis
910 3260 1021 3324 vestre
1047 3251 1267 3344 gravamina,
1288 3269 1358 3343 que
1374 3269 1436 3344 pro
1459 3247 1559 3322 uobis
1579 3259 1674 3322 taum
1700 3248 1783 3324 fidei
1808 3249 1956 3345 puritate

551 3375 735 3470 suscipitis,
758 3383 850 3447 tanta
868 3374 1063 3447 devotionis
1081 3373 1274 3467 integritate
1293 3373 1454 3468 portatis;
1476 3393 1541 3444 neo
1559 3372 1774 3445 solummodo
1792 3371 1892 3445 vobis
1910 3393 1956 3444 ex

552 3499 610 3570 illa
628 3519 732 3570 causa
748 3497 986 3591 compatimur,
1006 3495 1101 3590 quod
1119 3505 1153 3568 et
1171 3517 1233 3568 nos
1253 3496 1318 3590 ipsi
1338 3494 1513 3587 dolemus,
1533 3495 1595 3568 sed
1612 3496 1696 3590 quia
1715 3493 1876 3567 videmus
1895 3517 1957 3567 re-

552 3621 611 3716 gni
629 3621 735 3692 nostri
754 3618 844 3692 tilios
863 3628 962 3692 extra
977 3641 1123 3713 reguum
1142 3619 1277 3710 vexari,
1296 3618 1474 3692 laboribus
1487 3627 1521 3690 et
1537 3618 1727 3714 dispendiis
1743 3617 1851 3702 affici;
1872 3618 1956 3712 quin

551 3743 791 3838 oppressiones
809 3739 1008 3832 hujusmodi
1025 3740 1124 3812 nobis
1140 3750 1176 3812 et
1195 3740 1295 3812 vobis
1311 3762 1358 3812 ex
1376 3739 1552 3834 inopinato
1571 3739 1795 3835 proveniunt,
1816 3749 1856 3811 ut
1873 3739 1956 3812 dum

552 3877 687 3960 portum
708 3873 823 3937 nostre
843 3863 1074 3955 navigationis
1090 3863 1259 3957 attingere
1277 3861 1463 3954 credimus,
1484 3862 1696 3936 exuberante
1714 3861 1849 3936 malicia
1866 3869 1957 3934 tem-

551 3989 663 4081 poris,
681 3984 727 4058 ad
746 3985 926 4057 remotiora
949 3985 1147 4057 multotiens
1170 3985 1387 4057 reducamur.
1410 3984 1550 4060 Dudum
1574 3986 1701 4058 etenim
1720 4005 1800 4057 oum
1823 4007 1871 4056 ex
1892 3983 1958 4058 de-

550 4109 680 4183 ditione
700 4109 884 4181 multarum
900 4107 1039 4179 urbiam
1061 4119 1095 4179 et
1113 4109 1265 4182 locorum
1282 4107 1327 4180 ad
1344 4129 1407 4182 uos
1427 4109 1699 4204 confugientium
1718 4128 1779 4180 seu
1798 4119 1957 4201 spectan-

551 4234 654 4321 tium,
675 4254 744 4326 que
765 4231 1027 4304 Mediolanensis
1046 4231 1201 4325 nequitia
1220 4231 1443 4318 confovebat,
1463 4241 1536 4302 tum
1551 4251 1598 4302 ex
1614 4229 1799 4326 campestri
1815 4227 1957 4303 victoria

550 4379 612 4452 per
636 4377 741 4450 quam
769 4363 839 4426 tam
867 4364 980 4448 strage
1005 4376 1110 4449 quam
1138 4373 1273 4427 caruere
1301 4353 1547 4450 plurimorum,
1578 4353 1731 4448 ipsomm
1760 4326 1957 4446 superbiam

550 4479 778 4572 (exercituum
796 4479 867 4550 Deo
886 4477 1038 4574 favente)
1060 4475 1314 4571 magnificentia
1334 4485 1451 4550 nostra
1471 4475 1634 4567 calcavit,
1653 4491 1727 4548 tum
1750 4495 1797 4548 ex
1817 4473 1958 4546 univer·

548 4602 629 4672 salis
650 4599 850 4674 vastationis
867 4600 1001 4690 gladio,
1021 4600 1083 4696 qui
1099 4601 1233 4672 nullum
1250 4609 1445 4674 nostrorum
1465 4599 1643 4674 rebellium
1668 4598 1806 4696 penitus
1826 4595 1957 4671 dimisit

549 4723 735 4804 intactam,
756 4723 791 4795 in
807 4732 940 4798 tantum
957 4723 1096 4798 eosdem
1114 4723 1160 4797 ad
1174 4731 1328 4798 extrema
1346 4723 1561 4798 deduximus
1576 4722 1672 4819 quod
1690 4721 1852 4796 mutinae
1870 4741 1956 4794 ver-
