4468 6010
550 684 610 746 780
1050 685 1260 748 salutaret
1285 685 1460 747 SECUNlll
1775 689 1856 768 [du.
1874 691 1959 754 lato

548 830 672 894 nanter
683 818 824 893 accedat
839 827 874 892 et
884 818 988 892 ducat
999 839 1118 918 secum
1134 819 1255 894 decem
1272 821 1399 894 milites
1416 821 1571 916 ipsarum
1593 823 1743 918 partium
1763 825 1826 918 qui
1842 824 1962 901 lideles

547 955 582 1017 et
598 943 735 1040 providi
752 952 975 1032 censeantur,
999 942 1154 1016 fidelitati
1173 954 1232 1018 tue
1255 945 1480 1040 precipiendo
1500 946 1708 1020 mandamus
1726 959 1899 1044 quatenus
1916 950 1962 1024 ad

546 1067 805 1162 requisitionem
819 1067 929 1164 ipsius
942 1067 1049 1162 eligas
1062 1088 1123 1162 per
1128 1068 1388 1160 justitiariatum
1400 1081 1500 1142 tuum
1511 1069 1633 1144 decem
1646 1071 1773 1145 milites
1783 1074 1960 1167 providos,

546 1191 666 1264 fideles
686 1201 722 1264 et
746 1191 849 1263 utiles
872 1190 918 1264 ad
943 1191 1110 1285 regimina
1134 1191 1333 1284 civitatum,
1356 1192 1402 1266 de
1425 1193 1555 1286 quibus
1579 1196 1683 1289 piene
1700 1195 1875 1270 confidere
1899 1217 1962 1270 nos

545 1317 734 1412 possimus,
752 1327 788 1388 et
802 1337 862 1388 eos
875 1314 921 1388 ad
934 1324 1049 1411 partes
1065 1315 1208 1390 viterbii
1223 1317 1365 1390 mictere
1381 1317 1511 1390 debeas
1527 1317 1574 1390 ad
1588 1321 1795 1414 presentiam
1810 1331 1961 1395 nostram

544 1441 620 1514 sine
636 1443 753 1535 aliqua
770 1440 941 1514 tarditate.

593 1567 718 1638 Datum
734 1559 787 1661 [ot
802 1560 933 1663 supro}

759 1841 1751 1860 n—-ff--w--u———u-w-Q-——n—-u—-n--m

598 2093 778 2177 Mandata
813 2092 918 2174 varia
959 2093 1008 2174 ad
1040 2093 1287 2176 ammiratum
1326 2095 1435 2206 regni
1475 2097 1683 2205 spectantia
1721 2098 1769 2180 de
1800 2098 1961 2182 nuditus

545 2227 692 2334 curiae,
715 2227 763 2309 de
794 2225 1014 2308 tersiuabus
1041 2224 1246 2333 iaciendis,
1270 2228 1319 2310 de
1342 2228 1425 2336 pice
1453 2241 1491 2311 et
1513 2229 1614 2312 lerro
1642 2230 1888 2339 recipiendis,
1912 2232 1961 2314 de

545 2361 735 2444 cerabana
761 2359 1028 2465 tennensium,
1058 2359 1107 2440 de
1132 2359 1276 2442 Sciatis
1297 2359 1536 2470 diffidendis,
1557 2363 1605 2444 de
1631 2363 1849 2446 coercendis
1871 2363 1961 2446 offi-

544 2493 705 2578 cialibus
728 2494 778 2575 ad
805 2491 1007 2601 pecuniam
1035 2491 1308 2600 exhibendam,
1329 2494 1378 2576 de
1404 2496 1652 2604 protontinis,
1681 2497 1730 2578 de
1756 2496 1958 2606 quinqua-

544 2627 651 2736 ginta
669 2625 839 2709 millibus
859 2625 990 2708 salmis
1011 2625 1234 2709 victualium
1251 2626 1451 2710 'lunisium
1475 2627 1703 2711 deserendis.

626 2853 753 2936 (llcqcrt.
768 2854 872 2932 imper.
887 2850 1006 2914 lllrcdo.
1022 2853 1062 2928 11,
1077 2852 1129 2914 lol.
1147 2862 1183 2916 55
1198 2859 1295 2928 recto;
1311 2856 1343 2914 ln
1357 2852 1428 2914 edlt.
1444 2853 1582 2932 caream,
1597 2871 1626 2931 p.
1644 2863 1715 2932 555,
1732 2853 1816 2934 ato.)

591 3051 640 3124 De
661 3051 831 3144 imperiali
842 3049 999 3122 mandem
1011 3053 1101 3143 [octo
1117 3072 1180 3144 per
1199 3051 1396 3142 mopatrom
1415 3051 1551 3121 Petram
1576 3049 1616 3120 dc
1640 3050 1742 3122 Vinea
1758 3051 1893 3146 scripsit
1911 3051 1953 3122 P.

541 3177 582 3248 dc
599 3178 648 3248 Ga
672 3199 744 3248 oo:

589 3201 808 3385 teruderinus,
828 3307 913 3386 656,
932 3298 1088 3370 Nicolino
1101 3298 1244 3392 Spinnle
1257 3298 1356 3392 regni
1373 3297 1489 3371 Sicilie
1502 3298 1699 3391 ammirato,
1720 3308 1786 3372 etc.
1804 3300 1956 3394 Benigne

399 3517 402 3524 A
539 3424 733 3519 recepimus
756 3422 892 3494 lieteras
916 3431 994 3494 tuae
1016 3430 1052 3493 et
1070 3422 1232 3494 nuntium
1248 3443 1355 3516 quem
1378 3421 1425 3496 ad
1446 3432 1600 3496 nostram
1620 3423 1827 3517 presentiam
1850 3425 1955 3498 desti·

539 3547 646 3639 nasti,
667 3555 701 3619 et
719 3555 790 3619 tam
816 3567 858 3618 ea
884 3567 953 3639 666
972 3545 1089 3618 1165666
1116 3546 1339 3620 continebant
1356 3567 1463 3641 quam
1487 3567 1558 3640 que
1582 3545 1678 3618 idem
1705 3547 1849 3620 nuntius
1872 3557 1954 3621 tuns

539 3693 655 3744 coram
670 3669 772 3742 nobis
783 3669 961 3764 proposuit
974 3669 1057 3742 viva
1071 3691 1175 3762 voce,
1193 3671 1345 3766 capitula
1356 3671 1460 3744 etiam
1478 3691 1549 3764 que
1566 3670 1692 3743 misisti
1704 3671 1906 3746 andivimus
1917 3682 1954 3745 et

538 3795 773 3868 intelleximus
787 3791 988 3886 diligentem
1003 3792 1049 3866 ad
1065 3815 1135 3888 666
1148 3793 1210 3866 tibi
1220 3794 1332 3868 taliter
1347 3793 1612 3890 respondemus,
1631 3793 1677 3867 de
1691 3793 1841 3868 navibus
1857 3794 1953 3868 curie

536 3927 652 3992 nostre
672 3939 760 4012 quas
781 3923 935 4011 receptas
959 3917 1110 4011 reparari
1134 3927 1169 3991 et
1191 3917 1320 3990 muniri
1340 3918 1451 3992 fecisti
1472 3927 1572 3990 tuum
1597 3915 1753 3990 studium
1777 3937 1953 3990 commen-

537 4043 671 4117 dantes.
687 4045 738 4114 lle
762 4041 845 4114 navi
860 4039 1035 4135 siquidem
1053 4061 1159 4134 quam
1174 4051 1413 4134 consumptam
1426 4040 1614 4136 scripsisti,
1635 4061 1706 4134 que
1720 4047 1834 4134 potest
1845 4038 1952 4112 vendi

537 4189 600 4263 pro
617 4166 777 4239 trecentis
791 4165 905 4236 unciis
927 4163 1020 4255 auri,
1041 4164 1202 4236 volumus
1218 4172 1252 4238 et
1266 4163 1475 4238 mandamus
1489 4173 1528 4236 ut
1544 4163 1679 4237 vendas
1697 4173 1733 4236 et
1749 4161 1811 4235 das
1830 4181 1907 4234 eam
1924 4163 1953 4234 si

535 4291 615 4386 plus
628 4287 749 4362 haberi
771 4309 842 4360 uon
860 4287 985 4382 poterit
1001 4307 1063 4382 pro
1083 4288 1191 4382 pretio
1208 4287 1426 4382 supradict03
1445 4288 1493 4360 ita
1512 4296 1627 4362 tamen
1641 4287 1738 4382 qood
1755 4305 1798 4359 ea
1812 4285 1954 4360 vendita

534 4423 570 4486 et
583 4412 693 4509 pretio
703 4411 779 4507 ipso
790 4419 940 4506 recepto,
957 4419 1090 4484 tantum
1103 4421 1240 4506 recepte
1254 4433 1316 4506 pro
1328 4433 1370 4484 ea
1384 4412 1532 4508 pecunie
1545 4408 1763 4508 superaddas
1773 4416 1813 4480 ut
1825 4427 1950 4482 navem

534 4538 639 4610 aliam
654 4537 730 4609 loco
741 4534 900 4628 ejusdem
911 4533 1055 4608 vendite
1069 4535 1175 4608 iacias
1193 4535 1396 4631 comparari,
1411 4557 1493 4609 cum
1504 4536 1654 4608 unimus
1672 4517 1769 4629 66661
1785 4555 1950 4608 numerus

535 4661 656 4735 decem
675 4658 817 4732 navium
832 4679 968 4754 semper
983 4679 1045 4753 pro
1059 4659 1184 4732 uostris
1201 4659 1351 4732 servitiis
1364 4658 1544 4733 habeatur.
1560 4661 1693 4732 Damus
1706 4657 1799 4730 enim
1817 4665 1950 4730 secreto

533 4787 691 4860 Messana
707 4781 832 4856 nostris
848 4782 974 4856 lictcris
989 4782 1026 4855 in
1048 4781 1222 4856 mandatis
1240 4792 1279 4856 ut
1292 4782 1340 4856 ad
1364 4783 1623 4878 requisitionem
1642 4791 1678 4857 et
1696 4779 1948 4856 ordinationem
