4358 5996
526 665 589 730 9⁴2
1026 660 1242 726 lllllllElllCl
1267 659 1442 724 snannt
1754 663 1835 748 [Amr.
1855 662 1948 726 lete

576 803 624 872 De
638 799 796 874 mandato
813 801 900 894 [ceto
909 822 974 896 per
987 799 1180 892 moyerem
1199 799 1237 870 Τ.
1252 799 1384 892 empsit
1404 799 1445 870 G.
1464 795 1505 870 de
1522 798 1647 871 Tocco:

575 923 898 1014 Fredericus,·etc'.,
918 923 959 996 lt.
981 921 1027 996 de
1043 920 1258 1014 llonteuigro
1272 920 1459 1016 justitiario
1473 922 1575 996 Terre
1590 920 1748 1011 laboris,
1763 929 1832 994 otc.
1854 920 1950 1006 Quia

527 1046 639 1144 placet
667 1047 872 1124 excellentie
896 1055 1010 1122 nostre
1041 1055 1081 1119 ut
1106 1046 1201 1120 intus
1225 1047 1262 1118 iu
1294 1045 1435 1120 civitate
1459 1055 1574 1120 nostra
1596 1047 1723 1120 Sueme
1751 1056 1821 1120 tres
1847 1045 1949 1141 putei

527 1169 705 1244 fodiantur
720 1171 908 1267 exquibus
926 1171 962 1244 iu
979 1168 1156 1245 aurieudis
1170 1170 1271 1266 aquia
1287 1170 1397 1266 possit
1412 1169 1646 1244 commoditati
1662 1179 1697 1243 et
1710 1171 1791 1244 usui
1811 1170 1949 1244 civium

528 1303 721 1368 nostrorum
739 1292 896 1370 fidelium
912 1295 1112 1388 subveniri,
1132 1295 1168 1366 in
1184 1294 1313 1390 quibua
1335 1293 1524 1370 redimatur
1540 1295 1695 1370 defectus
1712 1317 1818 1390 quem
1835 1295 1949 1369 iidem

528 1415 648 1492 fideles
667 1419 774 1492 nostri
798 1419 1048 1514 indempnem
1071 1427 1226 1492 nostrum
1247 1419 1350 1492 etiam
1374 1419 1475 1494 iuviti
1498 1418 1687 1514 aliquando
1706 1420 1946 1516 pertulerunt,

527 1539 683 1616 fidelitati
708 1552 768 1616 tne
791 1542 1013 1643 precipiendo
1039 1541 1246 1616 mandamns
1268 1551 1441 1638 quatenns
1465 1564 1513 1616 ex
1537 1554 1635 1641 parte
1654 1543 1814 1618 culminis
1836 1543 1949 1618 nostri

528 1663 671 1738 firmiter
691 1665 855 1761 injungas
877 1664 1009 1740 eisdem
1027 1666 1164 1740 civibus
1183 1663 1345 1740 fidelibus
1366 1667 1492 1742 noscis
1515 1675 1554 1740 ut
1577 1668 1614 1740 iu
1632 1665 1805 1742 fodiendis
1829 1667 1948 1762 puteis

528 1789 612 1884 ipsis
634 1809 753 1862 curam
767 1787 954 1864 adhibeant
971 1797 1006 1864 et
1025 1811 1167 1887 operam
1184 1789 1374 1883 efficacem
1393 1790 1431 1863 iu
1450 1812 1523 1886 quo
1539 1791 1661 1886 utique
1678 1791 1948 1888 complacebunt

527 1921 644 1986 nostre
664 1913 856 1988 serenitatis
879 1913 1078 2010 aspectibus
1100 1921 1135 1987 et
1152 1914 1316 1988 utilitates
1337 1915 1494 2010 proprias
1515 1915 1763 2012 procurabunt.
1781 1914 1951 1998 reficias

527 2045 643 2108 auteur
658 2037 810 2132 aliquem
827 2037 943 2110 virum
964 2037 1129 2112 idoneum
1152 2047 1187 2111 et
1205 2037 1344 2112 fidelem
1361 2039 1423 2134 qui
1439 2049 1569 2114 cetercs
1584 2038 1631 2113 ad
1650 2040 1945 2136 complementum

527 2159 637 2254 ipsius
654 2160 768 2255 operis
782 2160 966 2234 efficaciter
980 2169 1118 2236 moueat
1132 2169 1167 2234 et
1179 2161 1297 2236 debita
1312 2161 1508 2237 cohertioue
1520 2163 1716 2260 compellat,
1734 2184 1779 2237 ue
1793 2163 1945 2236 naturali

526 2281 614 2355 vitio
631 2283 773 2356 forsitan
790 2283 1012 2378 insurgente,
1027 2285 1124 2380 quod
1143 2284 1218 2358 fieri
1235 2285 1338 2360 debet
1353 2287 1399 2360 ab
1414 2285 1575 2362 omnibus
1594 2287 1807 2384 negligatur,
1823 2287 1853 2360 si
1879 2287 1944 2360 ali·

395 2409 399 2416 '
528 2408 628 2499 cujus
644 2405 760 2480 idonei
774 2407 841 2480 viri
858 2431 941 2482 eura
953 2431 1023 2483 uon
1040 2409 1220 2483 immineat
1232 2411 1402 2506 specialis.

576 2532 702 2603 Datum
715 2531 816 2624 Orto,
837 2533 975 2608 lmadii
983 2587 994 2627 ,
1010 2533 1087 2608 Xlll
1105 2532 1316 2609 indictionis.

401 3057 450 3103 r...
578 3037 804 3124 Mandatum
822 3037 872 3120 ad
897 3036 1139 3148 llayualdnm
1156 3037 1205 3122 de
1224 3037 1475 3125 Cestroeucco
1497 3049 1541 3124 nt
1559 3039 1609 3124 ad
1630 3042 1844 3126 custodium
1867 3045 1944 3128 de-

368 4768 448 4820 ome,

350 4821 461 4868 t‘ruudn.

526 3171 656 3255 ferreae
673 3169 876 3253 Brahellae
894 3169 1078 3254 sollicitus
1100 3170 1285 3256 intendat.

607 3347 735 3430 (litum.
746 3348 850 3429 imper.
864 3347 982 3410 Freder.
996 3349 1040 3426 11,
1053 3349 1106 3411 iol.
1124 3359 1180 3412 106
1195 3357 1290 3423 reetot
1304 3351 1336 3412 lu
1346 3351 1418 3412 edlt·
1434 3350 1570 3428 Cmecu„
1585 3369 1616 3431 p.
1634 3352 1718 3432 tce.)

574 3501 622 3570 De
635 3499 794 3572 mndata
811 3501 897 3592 fecto
910 3522 972 3595 per
990 3501 1190 3596 magistram
1205 3501 1248 3574 li.
1261 3502 1302 3573 de
1316 3502 1457 3575 Caroea
1473 3503 1608 3598 erepsit
1619 3501 1668 3577 P.
1686 3504 1726 3576 de
1745 3503 1890 3599 capua.-

572 3623 789 3716 Frederious‚
812 3633 896 3716 ete,
923 3624 1099 3720 Raynnldo
1127 3623 1173 3698 de
1198 3625 1438 3718 Castrocucoo,
1465 3634 1532 3700 etc.
1563 3629 1652 3700 cru
1674 3620 1823 3702 velimus
1842 3627 1942 3725 qnod

525 3743 667 3818 dolense
686 3755 801 3819 nostra
816 3747 975 3821 Brahalle
985 3769 1048 3842 pro
1064 3747 1197 3821 solatiis
1212 3749 1337 3822 uostris
1357 3747 1540 3844 diligenter
1553 3749 1678 3824 debeat
1693 3751 1873 3846 custodiri,
1894 3754 1941 3828 de

525 3879 583 3940 tua
608 3869 780 3963 legalitate
801 3869 919 3944 conlisi
938 3871 1049 3968 ipsius
1065 3870 1206 3946 deleuse
1226 3870 1418 3946 custodiam
1434 3869 1496 3945 tibi
1521 3872 1688 3946 duximus
1710 3875 1940 3948 commicten-

525 3993 623 4083 dam;
646 3990 801 4066 fidelitati
821 4003 880 4067 tue
900 3993 1109 4068 mandamus
1127 4005 1299 4090 quatenus
1318 3993 1365 4070 ad
1389 3996 1498 4092 ipsius
1523 3993 1724 4092 diligentem
1746 3997 1939 4072 custodiam

525 4115 575 4187 sie
586 4115 751 4202 sollicitus
763 4126 796 4190 et
811 4115 988 4191 studiosus
1004 4116 1163 4191 intendas
1177 4126 1217 4190 ut
1231 4140 1277 4192 ex
1289 4139 1395 4216 opere
1410 4119 1530 4194 valeec
1548 4119 1678 4195 exinde
1690 4119 1937 4194 commendari.

574 4240 700 4311 Datum
715 4240 812 4330 Orte,
830 4240 845 4313 Ι
863 4239 988 4328 madii,
1008 4241 1085 4314 Xlll
1101 4241 1311 4316 indictionis.

1060 4495 1173 4508 unu-flu·-

577 4729 801 4815 Maudatum
820 4731 870 4815 ad
887 4741 1074 4818 secretum
1091 4733 1288 4820 Messanae
1312 4745 1355 4820 ut
1379 4734 1566 4846 capellam
1585 4735 1816 4824 Graecorum
1837 4732 1940 4844 apud
