4374 6010
214 707 395 793 hermia]
667 703 865 778 russelun
889 701 1183 766 olruottsvlcd.
1570 700 1630 763 91¹1

265 848 353 918 item
370 844 412 916 dc
422 841 532 915 eodem
546 838 721 912 mandato:

265 967 487 1054 Frederions,
510 973 594 1050 etc,
614 965 657 1036 ll.
680 963 726 1037 de
747 962 908 1056 Pulcaro,
929 971 995 1036 etc.
1019 958 1189 1036 Fidelitati
1213 969 1272 1036 tne
1290 959 1514 1058 precipiendo
1533 983 1631 1034 man·

217 1091 346 1166 damus
361 1099 535 1186 qnatenus
551 1087 720 1161 ducentos
745 1087 933 1160 servientes
955 1107 1044 1182 qnos
1069 1087 1108 1159 R.
1132 1086 1178 1160 de
1194 1086 1407 1180 llonteuigro
1425 1085 1631 1179 justitiarios

217 1216 321 1289 Terre
338 1214 482 1288 Laboris
499 1220 534 1288 et
550 1211 733 1284 comitatus
750 1210 874 1283 lllolisii
894 1209 1006 1283 tidelis
1023 1219 1139 1283 noster
1156 1209 1218 1282 tibi
1233 1209 1334 1282 laniet
1347 1208 1528 1303 assignari,
1543 1208 1632 1280 sicut

216 1339 329 1434 siper
348 1351 484 1412 nostras
505 1337 641 1409 lictores
657 1334 886 1426 destinamus,
907 1335 1060 1430 recipere
1085 1333 1213 1407 debeas
1236 1343 1271 1406 et
1287 1355 1347 1406 eos
1367 1332 1412 1406 ad
1435 1335 1631 1406 Lunesanas

216 1473 335 1560 partes
358 1485 420 1559 pro
440 1461 600 1536 custodia
624 1469 814 1532 castrorum
839 1460 991 1555 ipsarum
1011 1459 1159 1554 partium
1178 1480 1257 1530 cum
1279 1479 1414 1531 summa
1439 1456 1631 1529 festinantia

217 1609 298 1660 cum
316 1587 480 1682 expansis
491 1587 587 1658 curie
599 1595 727 1676 nostre,
743 1595 846 1681 prout
862 1584 924 1656 tibi
938 1606 1001 1679 per
1014 1584 1098 1657 alias
1115 1584 1251 1656 lieteras
1268 1593 1400 1657 nostras
1416 1581 1628 1678 scripsimus,

217 1711 454 1784 transmictere
465 1731 536 1783 non
549 1719 748 1805 postponas,
760 1729 805 1782 ne
818 1707 854 1780 in
868 1731 964 1781 mora
975 1709 1130 1804 ipsorum
1140 1709 1258 1804 possit,
1272 1707 1366 1803 qood
1375 1707 1476 1797 absit,
1489 1706 1632 1801 aliquod

219 1835 354 1906 malum
370 1833 523 1906 evenire.

266 1960 395 2030 Datum
412 1953 463 2054 [ut
478 1953 609 2054 supro}

428 2241 1429 2252 mmo—nnn...-

274 2497 438 2580 Litterac
454 2485 693 2604 responsales
712 2496 761 2577 ad
778 2495 1001 2604 portulauos
1019 2495 1106 2576 llari
1132 2496 1237 2605 quod
1255 2497 1303 2578 de
1320 2495 1546 2579 victualibus
1566 2522 1634 2604 per
1724 2501 1813 2598 ζὼς,

224 2630 394 2746 civitates
418 2639 457 2712 ct
478 2638 603 2712 costra
620 2628 784 2712 venditis
799 2628 863 2738 jus
882 2628 1129 2711 constitutum
1152 2629 1324 2739 exigant,
1345 2629 1442 2712 sicut
1462 2629 1633 2737 inportu

224 2763 306 2872 ipsa
324 2761 504 2846 victualia
519 2762 633 2846 vendi
651 2787 764 2872 posse
779 2771 1002 2846 noscuntur.
1076 2835 1090 2868 ⁸

305 2985 435 3066 (nopae
447 2985 551 3065 imper.
564 2980 684 3046 meda.
700 2985 744 3060 11,
759 2983 812 3046 tol.
830 2991 886 3044 ror
900 2988 996 3058 rsctm
1011 2985 1043 3042 m
1059 2983 1129 3044 edit.
1144 2983 1282 3057 cmcan„
1297 2997 1327 3060 p.
1346 2983 1430 3062 ror.)

274 3183 325 3256 Dc
341 3184 498 3256 mndata
513 3181 685 3278 imperiali
703 3183 789 3274 [octo
799 3203 864 3276 per
877 3181 1032 3274 judicem·
1047 3183 1085 3252 Τ.
1104 3181 1144 3252 dc
1157 3180 1278 3254 Suessa
1295 3181 1426 3276 scripsit
1443 3181 1583 3254 tmolus
1598 3182 1638 3252 dc

229 3309 358 3380 bantra
373 3307 500 3380 lictores
517 3303 748 3398 responsales:
981 3391 983 3396 Ι
1025 3335 1028 3342 ⁴

227 3505 230 3511 ,
275 3429 499 3520 Fredericus,
519 3437 603 3518 etc,
622 3427 725 3500 Leoni
739 3425 832 3499 Bello
848 3435 882 3500 et
898 3426 1000 3500 sociis
1013 3426 1206 3523 portulanis
1219 3427 1318 3516 Bari,
1335 3435 1402 3500 ctc.
1421 3425 1484 3500 Per
1504 3427 1641 3500 lictores

133 3601 135 3612 =
230 3561 362 3626 vestras
388 3551 584 3626 celsitudini
607 3559 722 3623 nostre
746 3551 964 3624 transmissas
986 3551 1087 3624 nobis
1113 3552 1261 3624 innotuit
1286 3551 1369 3644 quia
1394 3572 1458 3646 pro
1481 3573 1523 3625 eo
1545 3551 1641 3647 quod

232 3675 395 3748 victualia
410 3695 480 3748 non
504 3672 705 3748 venduntur
726 3673 760 3744 in
784 3683 907 3770 portu,
927 3675 1014 3748 scire
1033 3675 1182 3770 pretium
1204 3675 1352 3748 solutum
1369 3697 1442 3771 ‘pro
1467 3677 1550 3770 ipsis
1572 3698 1641 3748 non

233 3800 412 3894 poteratis,
428 3799 519 3873 sicut
539 3799 574 3870 in
591 3797 763 3870 mandatis
784 3807 940 3872 anostra
957 3799 1161 3871 celsitudine
1179 3799 1370 3894 recepistis,
1389 3808 1425 3872 et
1442 3799 1522 3874 idco
1540 3801 1642 3895 igno.-

233 3922 314 3995 ratis
330 3922 418 4017 quid
441 3933 477 3996 et
496 3931 666 4017 quantum
690 3943 754 4018 pro
778 3931 875 4018 parte
900 3923 996 3996 curie
1019 3933 1134 3996 nostre
1160 3923 1205 3995 ab
1229 3924 1280 3995 eis
1304 3924 1445 4018 exigere
1468 3924 1640 4016 debeatis;

236 4044 488 4140 propterquod
514 4067 536 4118 a
559 4047 736 4137 majestate
762 4054 878 4117 nostra
897 4046 1025 4118 exinde
1047 4046 1171 4118 instrui
1197 4045 1425 4140 supplicastis.
1446 4048 1644 4144 Superque

239 4167 287 4239 sic
298 4164 397 4241 vobis
416 4167 584 4241 duximus
602 4167 884 4263 respondendum
898 4169 981 4264 quia
999 4169 1273 4265 debeueplacito
1289 4179 1406 4242 nostro
1421 4170 1582 4264 estquod
1599 4171 1644 4244 de

239 4291 396 4363 omnibns
414 4291 624 4364 victualibus
646 4312 715 4384 qne
731 4313 793 4387 per
815 4291 970 4365 civitates
995 4301 1030 4366 et
1051 4301 1159 4370 castra
1183 4292 1383 4367 venduntur
1400 4294 1645 4367 mercatoribus

240 4421 274 4484 et
293 4435 361 4486 non
385 4415 423 4486 in
445 4403 550 4510 portu
565 4422 600 4486 et
624 4411 680 4520 ad
694 4423 829 4508 portum
852 4415 967 4510 ipsum
991 4416 1209 4508 deseruntur,
1234 4417 1457 4490 coustitutum
1471 4417 1529 4510 jus
1551 4419 1646 4496 curie

241 4545 351 4610 nostre
373 4537 517 4630 exigere
540 4536 714 4630 debeatis,
742 4538 832 4611 sicut
857 4538 894 4638 iu
919 4539 1042 4614 eodem
1063 4549 1164 4636 portu
1191 4541 1266 4638 ipsa
1291 4541 1454 4614 victualia
1474 4541 1589 4626 valere
1612 4550 1647 4614 et

245 4659 346 4732 vendi
360 4681 461 4756 posse
474 4671 675 4734 noscuntur.

287 4783 411 4855 Datum
423 4784 540 4878 Fogie,
560 4785 671 4860 xxiv
684 4785 828 4883 aprelis,
844 4786 921 4858 Xlll
940 4785 1147 4859 indictionis.

333 4903 372 4971 ll.
391 4920 449 4968 sm
460 4923 483 4968 ι
1431 4922 1487 4974 tro
