4564 6038
562 655 640 718 1186
1091 658 1274 720 conflant
1298 657 1453 732 obsunt
1782 656 1860 733 [Ars.
1883 653 1981 714 lato.

561 791 671 862 taliter
697 789 874 884 acquisitis
894 801 1011 865 contra
1036 796 1203 886 presentIs
1230 793 1402 889 privilegii
1426 790 1531 864 nostri
1557 789 1680 862 serIcm
1711 797 1892 883 presumat
1922 785 1984 858 vel

561 912 688 986 audeat
708 914 901 986 molestare.
929 913 1031 1000 Quod
1050 916 1111 1009 qni
1130 916 1377 1012 presumpserit
1394 913 1667 1007 indignationem
1687 911 1793 984 nostri
1812 909 1986 984 culmInis

562 1057 600 1108 se
622 1036 707 1108 sciat
729 1036 929 1128 incurrisse,
949 1036 1084 1112 decem·
1097 1060 1237 1132 qnoque
1262 1038 1481 1112 marcharum
1506 1037 1581 1109 auri
1607 1045 1807 1130 componat,
1825 1055 1984 1128 quarum

561 1159 728 1233 medietas
740 1157 822 1232 fisco
839 1169 968 1252 nostro,
986 1161 1156 1256 reliquum
1173 1163 1282 1258 passis
1299 1163 1461 1254 injuriam
1478 1159 1705 1256 persolvatur.
1723 1159 1985 1250 (1116166116-

562 1305 631 1377 que
643 1283 693 1356 rei
704 1285 904 1356 memoriam
918 1295 953 1358 et
965 1285 1122 1359 stabilem
1138 1284 1333 1360 firmitatem
1345 1306 1487 1380 presens
1499 1283 1719 1379 privilegium
1735 1281 1807 1355 fieri
1818 1291 1854 1355 et
1862 1281 1983 1375 sigillo

562 1415 679 1480 nostro
696 1405 909 1480 celsitudinis
925 1409 1069 1482 lecimus
1084 1408 1300 1482 communiri.

611 1529 727 1602 Testes
744 1529 849 1623 hujus
872 1531 922 1604 rei
938 1541 1020 1606 sunt
1037 1532 1184 1605 Silridus
1201 1531 1407 1606 venerabilis
1428 1530 1708 1626 archiepiscopus
1725 1527 1980 1622 bloguntiensis

563 1651 651 1723 sacri
668 1652 804 1747 Imperii
820 1676 881 1748 per
899 1655 1115 1728 Germaniam
1133 1655 1469 1750 archicancellarius,
1484 1652 1693 1726 Godelridns
1714 1651 1759 1726 (16
1777 1650 1974 1740 Hobenloh,

563 1775 675 1848 craso
689 1776 734 1848 de
746 1777 932 1868 Cruthaim,
949 1778 1127 1854 Conradns
1145 1779 1309 1874 pincerna
1324 1778 1370 1852 de
1387 1776 1614 1868 Winterstett,
1631 1775 1809 1848 Conradns
1820 1774 1866 1848 de
1878 1776 1976 1847 Snu-

563 1897 704 1972 denfeld
725 1898 790 1994 (a),
809 1901 1005 1976 Waltberus
1025 1905 1189 2000 pincerna
1211 1901 1257 1978 de
1276 1903 1462 1995 Limburg,
1488 1899 1684 1974 Waltberus
1703 1898 1749 1972 da
1770 1897 1973 1988 Bursbeim,

564 2021 740 2096 Conradus
756 2023 801 2096 da
815 2025 914 2100 Ulma
931 2028 1011 2102 aule
1024 2037 1140 2102 nostre
1154 2025 1327 2115 neurius,
1344 2034 1379 2098 et
1396 2025 1452 2097 alii
1469 2023 1702 2119 quamplures.

612 2148 699 2220 Acta
718 2159 800 2221 sunt
818 2150 883 2223 bec
899 2173 991 2224 anno
1007 2151 1180 2226 dominice
1196 2150 1444 2224 incarnationis
1461 2147 1642 2220 millesimo
1660 2145 1896 2220 ducentesimo
1913 2143 1974 2216 tri-

564 2270 692 2344 cesimo
707 2293 820 2364 nono,
843 2295 961 2348 manse
978 2276 1195 2366 novembris,
1215 2275 1292 2348 XIII
1309 2273 1509 2348 indictione.

611 2393 735 2466 Datum
763 2397 858 2492 apud
886 2398 1011 2491 IIallis,
1040 2420 1151 2492 anno,
1183 2419 1324 2488 mense,
1356 2395 1544 2470 indictione
1569 2393 1785 2490 prescriptis,
1816 2391 1971 2466 feliciter.

563 2510 685 2588 Amen.

851 2747 860 2752 -
876 2745 1519 2755 -wm—--q-——n-—n-u---.
1534 2745 1585 2752 ..⁴-
1601 2745 1675 2751 ---..-
1740 2745 1749 2750 .

955 2967 1067 3031 11111Νο
1094 2968 1194 3032 lato.
1209 3003 1249 3014 —
1269 2965 1513 3032 rvnrcvloltn
1540 2963 1590 3028 la

1154 3203 1396 3233 *-

619 3418 837 3529 Conradus,
864 3421 904 3502 In
934 3421 1195 3506 Romanorum
1222 3450 1352 3534 regern
1384 3425 1545 3532 alectus,
1575 3425 1739 3508 scabinis
1766 3437 1804 3508 et
1829 3425 1976 3510 civibus

564 3557 613 3642 (16
629 3553 875 3642 Frankinfort
891 3555 1077 3664 promittit
1093 3556 1200 3666 quod
1217 3557 1357 3641 amodo
1373 3557 1473 3641 filias
1495 3567 1533 3642 et
1549 3558 1684 3643 viduas
1701 3557 1842 3644 civium
1858 3557 1975 3670 hujus

565 3689 672 3774 urbis
690 3689 739 3771 ad
756 3685 1043 3772 matrimonium
1061 3715 1151 3772 cnm
1168 3688 1324 3773 famulis
1342 3691 1469 3775 curIac
1486 3717 1579 3776 snae
1594 3717 1673 3776 non
1691 3691 1912 3778 coarctabit.

645 3865 749 3979 (666.
763 3899 903 3981 namn,
921 3897 992 3963 coa.
1007 3897 1157 3983 reama
1173 3903 1437 3986 noemma,
1450 3911 1475 3968 a.
1491 3906 1518 3986 1,
1533 3921 1564 3984 p.
1581 3905 1646 3986 aa.)

614 4087 792 4162 Conradus
808 4086 881 4161 dlvi
897 4089 1035 4182 angusti
1053 4089 1268 4186 imperatoris
1284 4090 1448 4166 Friderioi
1464 4091 1574 4184 iilius,
1590 4092 1652 4166 Dei
1667 4091 1779 4186 gratias
1795 4093 1977 4168 11616666-

564 4235 643 4286 rum
660 4213 697 4283 in
713 4230 829 4304 regem
845 4212 975 4284 alectus
987 4233 1122 4309 semper
1135 4224 1304 4308 augustus
1318 4225 1353 4290 et
1365 4215 1465 4289 heres
1480 4217 1578 4312 regni
1593 4215 1883 4308 Jemsalemitani,
1899 4235 1976 4288 sca·

562 4335 655 4410 binis
671 4344 706 4410 ct
722 4335 892 4408 universis
908 4335 1045 4410 civibus
1060 4337 1106 4412 de
1123 4339 1371 4414 Franokinvort
1384 4337 1545 4413 fidelibus
1562 4341 1635 4416 suis
1655 4340 1800 4435 gratiam
1819 4359 1917 4412 snam
1939 4347 1976 4410 et

564 4459 826 4534 omnebonum.
849 4459 1011 4533 Precibus
1029 4462 1153 4534 vestris
1170 4483 1258 4558 quas
1276 4473 1393 4536 nostro
1410 4463 1552 4536 culmini
1574 4463 1777 4560 porrexistis
1795 4483 1899 4558 super
1915 4461 1974 4532 illo

563 4585 765 4678 gravamina
785 4583 881 4679 quod
906 4581 994 4656 filias
1015 4594 1146 4658 vestras
1166 4605 1208 4657 ac
1229 4585 1363 4660 relictas
1387 4587 1584 4659 concivium
1612 4597 1805 4660 vestrorum
1835 4583 1974 4658 Iamnlis

605 4759 648 4840 (a)
665 4760 730 4837 sta
745 4761 940 4822 vammum
952 4766 1054 4823 anan
1068 4755 1104 4822 a
1116 4757 1294 4825 suanae.
