4468 6010
280 671 375 734 nme.
402 665 463 748 ra]
729 652 927 722 stercora
953 657 1248 726 nrrnouarrer.
1636 671 1696 734 rca

279 817 381 880 tatem
406 801 551 876 Castalis
574 819 644 894 qne
672 818 733 893 per
756 797 942 869 Ecclesiam
966 796 1083 870 illicite
1107 800 1216 872 inerat
1239 811 1424 895 occupata,
1449 823 1525 874 eam
1551 805 1586 875 in
1613 828 1693 878 nos·

279 939 362 1002 tram
385 925 594 1000 reduximus
611 919 799 1006 ditionem,
818 927 852 993 et
873 918 1003 992 abinde
1026 917 1191 994 ducatum
1216 923 1342 1018 Spoleti
1367 933 1524 1019 potenter
1548 927 1693 1021 ingressi

280 1053 433 1126 deitates
447 1059 482 1122 et
496 1057 607 1122 castra
631 1067 700 1140 qne
720 1052 876 1118 nostrum
890 1043 1314 1138 potissimeprestolabant
1332 1047 1522 1120 adventum
1544 1051 1590 1123 ad
1613 1075 1694 1126 nos-

279 1185 361 1253 tram
379 1173 578 1248 felicitatem
595 1167 865 1264 resumpsimus,
891 1168 1013 1264 paucis
1037 1169 1197 1264 exceptis
1211 1169 1258 1242 ad
1275 1191 1425 1267 qnorum
1451 1173 1691 1248 cohercionem

278 1301 494 1394 capitaneum
512 1317 593 1368 cum
612 1291 744 1386 ingenti
762 1291 918 1364 exercitu
936 1300 1137 1382 satuentes,
1161 1292 1353 1368 direximus
1370 1317 1533 1392 prospere
1551 1321 1691 1392 gressus

277 1431 413 1496 nocuos
435 1441 498 1516 pro
516 1417 722 1514 recipiendis
740 1415 839 1488 terris
859 1417 936 1488 allis
951 1439 1020 1513 que
1033 1417 1203 1492 violenter
1218 1419 1353 1491 dudum
1372 1419 1507 1492 delente
1528 1443 1590 1516 per
1605 1425 1690 1497 alios

275 1545 320 1619 ad
340 1553 495 1618 nostrum
524 1550 559 1614 et
583 1539 716 1634 imperii
744 1538 935 1611 dominium
960 1541 1203 1613 acclamabant
1235 1541 1292 1614 Sic
1315 1541 1421 1636 igitur
1444 1543 1584 1616 civitate
1609 1549 1690 1620 Orle

272 1677 445 1765 resumpta
469 1677 504 1739 et
522 1665 641 1738 babilo
664 1663 812 1735 transitu
837 1683 898 1756 per
923 1663 1099 1749 eamdem,
1123 1663 1183 1735 ubi
1214 1663 1260 1736 ad
1284 1665 1495 1760 imperialem
1517 1689 1687 1742 cameram

271 1801 420 1868 noscam
440 1788 584 1865 Viterbii
607 1809 811 1884 prosperum
834 1807 1008 1860 accessum]
1038 1798 1194 1860 nostrum
1223 1809 1297 1860 sors
1321 1788 1474 1862 secunda
1501 1791 1684 1884 perduxit,

270 1926 351 1989 rota
369 1915 527 1988 omnium
553 1912 598 1986 ad
617 1910 815 1985 fidelitatem
838 1920 987 1982 nostram
1009 1921 1165 2006 prompta
1182 1911 1380 1984 invenimus
1396 1915 1560 2008 omnique
1579 1915 1687 1990 devo·
1747 1895 1749 1904 ¹

269 2040 361 2114 done
379 2047 519 2134 parata,
536 2035 709 2110 universis
727 2045 762 2108 et
780 2033 926 2124 singulis
939 2035 1203 2130 expectantibus
1220 2035 1311 2108 diem
1327 2037 1424 2108 illum
1438 2059 1509 2132 qno
1523 2039 1568 2112 ad
1588 2064 1685 2112 man·

269 2163 390 2238 datum
411 2172 446 2236 et
462 2160 715 2256 beneplacitum
736 2167 889 2232 nostrum
909 2179 947 2230 se
962 2157 1037 2230 visa
1056 2169 1173 2231 nostra
1188 2157 1383 2232 desiderata
1401 2162 1570 2256 presentia
1585 2163 1685 2236 dedi-

269 2287 401 2376 derint;
418 2295 453 2358 et
469 2283 598 2358 abinde
616 2282 753 2354 nunciis
777 2281 902 2354 nostris
925 2282 1082 2375 undique
1100 2281 1298 2371 destinatis,
1321 2305 1441 2356 omnes
1461 2285 1545 2357 citra
1572 2297 1687 2382 portas

267 2410 367 2500 Urbis
393 2417 429 2481 el
453 2408 490 2480 in
512 2407 681 2480 Maritima
701 2405 876 2478 constituti
904 2405 1016 2478 taliter
1038 2405 1084 2478 ad
1113 2415 1270 2478 nostrum
1294 2416 1329 2478 et
1352 2407 1531 2500 antiquum
1553 2409 1685 2503 imperii

267 2533 470 2621 dominium¹
485 2531 622 2605 devotis
640 2529 820 2602 affectibus
848 2537 883 2600 et
908 2529 998 2600 votis
1024 2529 1225 2602 ardentibus
1253 2539 1479 2602 surrexerunt
1505 2531 1600 2624 qnod
1623 2533 1686 2606 vix

266 2665 424 2754 poterant
450 2653 626 2728 suffecisse
653 2652 771 2724 nuncii
798 2652 843 2725 ad
870 2652 1107 2748 recipiendum
1132 2652 1289 2725 civitates
1316 2663 1350 2725 et
1380 2664 1509 2744 castra,
1534 2655 1584 2726 sic
1613 2669 1686 2728 erat

264 2783 430 2874 frequens
453 2790 487 2854 et
511 2785 670 2874 prompta
692 2776 831 2850 dedicio
849 2777 1084 2872 plurimorum.
1114 2777 1265 2850 Marcbia
1284 2798 1367 2850 vem
1388 2776 1603 2850 Anconitana
1623 2803 1684 2876 per

265 2903 375 2976 filium
401 2912 556 2978 nostrum
580 2903 624 2972 Η.
643 2901 810 2972 illustrem
829 2921 945 2994 regem
967 2901 1126 2972 Turrium
1144 2909 1178 2972 et
1194 2899 1342 2974 Galluris
1366 2924 1471 2995 quem
1494 2903 1575 2974 illuc
1598 2927 1681 2998 pru·

264 3029 384 3104 deutia
404 3038 522 3102 nostra
544 3027 606 3100 diu
624 3035 705 3100 ante
726 3026 944 3122 premiserat,
971 3026 1007 3099 in
1031 3049 1156 3098 manus
1172 3037 1305 3100 nostras
1324 3048 1362 3098 se
1378 3025 1539 3120 dederat,
1561 3031 1681 3124 paucis

262 3154 464 3229 civitatibus
489 3151 670 3225 dumtaxat
693 3150 849 3244 exceptis
872 3171 942 3246 qne
966 3148 1012 3222 ad
1030 3151 1164 3224 felicem
1191 3159 1345 3224 nostrum
1366 3150 1555 3223 adventum
1580 3153 1679 3226 dedi·

260 3277 368 3349 tionis
389 3297 454 3347 sue
475 3273 686 3370 propositum
709 3272 982 3368 suspenderunt;
1005 3294 1094 3368 quas
1119 3273 1211 3346 idem
1236 3295 1299 3346 rex
1321 3295 1431 3368 nuper
1449 3276 1678 3351 abscedensa

262 3398 365 3471 nobis
375 3400 478 3491 juxta
497 3396 698 3472 mandatum
716 3405 751 3468 et
769 3395 1021 3475 ordinationem
1043 3405 1214 3486 nostram,
1234 3398 1325 3468 sicut
1347 3396 1572 3490 confidimus,
1589 3403 1678 3474 obti-

261 3522 371 3595 nebit.
393 3521 510 3593 Restat
528 3521 634 3613 igitur
649 3527 689 3591 nt
713 3520 850 3592 favente
869 3519 970 3590 nobis
991 3519 1153 3592 universo
1173 3520 1300 3614 populo
1319 3521 1471 3594 Romano
1493 3532 1678 3619 nostroque

261 3645 353 3716 sicut
371 3645 462 3739 cepit
484 3643 650 3718 adventui
668 3643 900 3733 acclamante,
921 3643 1047 3716 Urbem
1069 3643 1211 3715 leliciter
1234 3643 1370 3737 ingredi
1392 3643 1616 3740 disponamus
1639 3658 1677 3720 ut

260 3769 426 3862 antiquos
447 3767 584 3862 imperii
605 3767 709 3838 fastos
732 3775 766 3838 et
787 3763 1010 3860 triumphales
1031 3762 1146 3838 lauros
1173 3766 1371 3838 victricibus
1397 3767 1522 3861 aquilis
1544 3769 1677 3843 debitas

261 3893 504 3976 reformemus,
523 3900 562 3962 ut
580 3869 842 3962 calumniatores
855 3885 906 3984 (c)
921 3889 1026 3960 nostri
1041 3910 1117 3962 sera
1135 3889 1319 3983 penitentia
1339 3888 1572 3980 deducantur,
1590 3893 1675 3965 dum

259 4013 384 4086 ridere
410 4021 572 4108 poterunt
597 4011 754 4085 cominus
776 4019 811 4083 et
835 4011 956 4083 timere
978 4033 1084 4105 quem
1107 4011 1283 4084 dissolutis
1307 4011 1407 4084 labiis
1429 4024 1671 4107 provocarunt.

258 4136 324 4208 Per
338 4155 407 4220 ros
423 4135 542 4230 itaque
559 4143 596 4207 ot
609 4155 729 4206 omnes
746 4131 866 4208 fideles
881 4143 1015 4208 nostros
1037 4133 1212 4206 exultacio
1233 4135 1298 4206 lata
1313 4144 1523 4229 pertranseat
1539 4145 1573 4208 et
1591 4135 1674 4208 fiant

259 4277 382 4328 omnes
398 4264 592 4330 nostrorum
608 4255 792 4351 participes
810 4255 1035 4346 gaudiorum,
1050 4277 1139 4350 quos
1153 4259 1271 4332 nativa
1287 4257 1431 4332 fidelitas
1448 4258 1494 4331 ad
1508 4258 1675 4334 bonorem

258 4389 417 4453 nosbnm
434 4379 550 4452 reddit
567 4379 729 4452 sollicitos
742 4391 776 4452 et
788 4388 947 4452 attentm.

301 4578 345 4659 (a)
367 4579 518 4643 lu'ccdlce
532 4527 715 4643 moticterer
731 4581 778 4642 rel
793 4581 984 4658 muctare,
998 4583 1135 4658 pmstme.
