4374 6010
218 739 312 804 terren
337 739 398 823 la]
664 741 862 806 tttstoatn
887 743 1180 807 nrrnonarrca.

269 1297 492 1383 Mandatum
511 1300 561 1381 ad
579 1299 859 1406 Alexandrum,
879 1301 1002 1383 filium
1024 1300 1194 1407 Henrioi,
1219 1299 1267 1381 de
1284 1300 1445 1408 peeuma
1462 1300 1626 1384 Gnidoni
1679 1297 1808 1409 ma

221 1430 267 1513 de
284 1431 426 1515 Guasto
442 1431 628 1540 provisori
645 1442 857 1517 castrorum
874 1433 915 1513 in
935 1433 1162 1542 Capitinata,
1181 1431 1397 1540 Basilioato,
1418 1443 1519 1516 terre
1538 1431 1627 1515 Bari

222 1570 257 1644 et
272 1561 416 1645 Idronti
434 1562 636 1647 tribuenda
653 1588 724 1698 pro
741 1564 952 1648 munitione
970 1573 1182 1647 castrorum
1200 1564 1384 1672 ipsorum.

299 1776 427 1859 (Repert.
442 1777 546 1860 snper.
560 1776 680 1842 I’redn.
695 1779 738 1855 11,
753 1779 805 1842 Iol.
827 1789 881 1842 102
896 1797 996 1860 rerem
1011 1782 1042 1842 tn
1056 1779 1129 1844 edit.
1145 1779 1281 1854 farcen,
1296 1797 1328 1859 p.
1344 1779 1428 1860 tot.)

271 1965 317 2034 Ite
332 1963 491 2036 mandato
508 1967 599 2058 sacto
606 1989 669 2060 per
683 1966 882 2060 mopistrnm
903 1967 940 2038 Τ.
958 1965 998 2037 de
1016 1962 1138 2038 Suessa
1155 1965 1284 2058 scripsit
1306 1965 1344 2036 G.
1367 1963 1407 2034 de
1423 1965 1518 2036 Toeto
1532 1990 1542 2034 :

267 2087 492 2182 Fredericns,
524 2099 608 2182 eto,
638 2087 841 2164 Alexandro
867 2089 938 2164 filio
962 2089 1117 2180 Henrioi,
1149 2101 1216 2162 ete.
1251 2088 1337 2161 Cum
1364 2085 1557 2161 Guidonem
1585 2086 1630 2162 de

226 2208 351 2283 Guesto
373 2209 510 2284 fidelem
530 2222 686 2287 nostrum
704 2214 919 2309 provisorem
944 2222 1133 2286 castrorum
1155 2219 1349 2285 nostrorum
1366 2213 1402 2282 in
1418 2210 1627 2306 Capitinatu,

224 2333 418 2426 BesiIimta,
435 2335 538 2409 Terra
554 2335 632 2408 Bari
660 2344 695 2410 et
717 2337 818 2411 Terra
837 2337 967 2411 Idronti
991 2335 1126 2411 dudum
1152 2335 1358 2409 duxerimus
1387 2333 1627 2426 statuendum,

224 2454 377 2531 fidelitati
392 2465 452 2532 tue
463 2459 688 2555 precipiendo
704 2459 911 2533 mandamus
931 2470 1104 2554 quatenus
1117 2459 1230 2534 eidem
1248 2457 1288 2532 G.
1309 2457 1354 2532 de
1372 2460 1518 2554 pecunia
1537 2459 1631 2532 enne

223 2591 417 2676 nostreque
431 2591 483 2656 est
499 2605 700 2680 permanes
717 2597 807 2673 tuas,
824 2604 887 2678 pro
899 2583 1090 2656 munitione
1106 2591 1295 2656 aestrorum
1311 2583 1478 2678 ipsorum,
1497 2581 1628 2673 solidis,

224 2706 448 2800 companagio
461 2715 495 2779 et
509 2707 631 2782 ceteris
646 2707 837 2804 oportunis,
851 2705 897 2781 ad
911 2705 1020 2803 ipsius
1030 2707 1287 2802 requisitionem
1302 2706 1484 2803 pecuniam
1499 2707 1632 2779 tribuas

102 2859 105 2866 >
224 2828 294 2901 sIne
317 2827 518 2904 difficultate
539 2840 575 2904 et
592 2853 707 2920 mora,
731 2829 923 2904 seeundum
939 2831 1036 2926 quod
1057 2831 1094 2903 in
1112 2831 1248 2904 statutis
1269 2830 1484 2925 siugulorum
1503 2837 1631 2903 oestro·
1753 2870 1754 2874 =

226 2973 299 3024 rum
314 2951 467 3048 ipsorum
483 2956 658 3051 quantitas
683 2955 872 3030 solidorum
893 2963 929 3027 et
949 2955 1167 3051 companagii
1188 2953 1362 3028 videbitur
1379 2953 1563 3038 contineri3
1583 2953 1631 3028 ita

225 3075 317 3170 quod
338 3075 432 3152 idem
450 3077 491 3151 G.
518 3079 698 3154 servitium
722 3087 878 3152 nostrum
900 3079 967 3152 sibi
988 3079 1210 3152 commissum
1230 3079 1305 3152 sine
1323 3075 1462 3153 defectu
1479 3077 1632 3173 quolibet

225 3209 425 3295 exequatur.
446 3203 498 3275 De
509 3201 573 3299 hys
588 3225 674 3276 vero
690 3225 760 3297 que
772 3201 930 3292 dederis,
949 3201 1131 3276 abeodem
1148 3201 1295 3300 recipias
1311 3200 1512 3299 apodixem.

270 3323 393 3397 Datum
410 3323 534 3421 togis,
550 3325 645 3399 XXV
661 3325 803 3422 aprelis,
822 3325 900 3398 XIII
919 3325 1129 3399 indietionis.

276 3910 494 3995 Mandatum
520 3912 570 3994 ed
592 3912 818 3997 Rieoardum
836 3914 885 3998 de
902 3915 1062 4000 Puloaro
1086 3918 1135 4000 de
1157 3915 1437 4028 quinquaginta
1454 3917 1632 4002 cantaris

228 4041 317 4149 picis
331 4043 470 4128 Jaoobo
489 4044 668 4154 Gaeepice
681 4045 936 4156 assignandis.

1702 3931 1799 3990 Postea,

1685 3989 1713 4033 w
1726 3989 1813 4045 epuns.

304 4251 428 4333 (Itepoet.
443 4252 546 4332 imper.
558 4251 678 4315 nete.
693 4253 734 4333 II,
747 4253 798 4316 iol.
818 4265 872 4317 102
889 4273 989 4334 vers03
1004 4258 1036 4319 tn
1048 4258 1120 4320 edit.
1135 4259 1271 4334 Cereen„
1286 4277 1316 4338 p.
1331 4259 1416 4339 tot.)

273 4437 319 4508 De
333 4440 504 4534 tmporioli
522 4439 680 4515 mandato
697 4443 785 4535 [octo
798 4467 860 4538 per
879 4446 1080 4538 mopistrum
1098 4446 1139 4517 R.
1161 4445 1202 4518 de
1222 4448 1369 4540 Irojeeto
1385 4448 1519 4542 scripsit
1535 4448 1574 4520 G.
1591 4447 1632 4521 de

229 4557 404 4636 ὒωθηὶὶαε
427 4611 429 4618 -
988 4557 990 4562 ’

274 4685 490 4778 hadericus,
513 4697 596 4782 ete,
614 4689 780 4765 Rioeardo
798 4689 844 4767 de
858 4693 1018 4785 Pulsate,
1044 4703 1110 4766 ete.
1137 4693 1308 4768 Fideliteti
1329 4693 1629 4791 tuepreeipiendo

231 4806 427 4884 medenas
451 4821 623 4907 quatenus
649 4813 776 4890 tanobo
806 4815 974 4912 Cacapice
997 4825 1123 4894 statuto
1148 4839 1210 4914 per
1232 4817 1425 4892 Nieotiuum
1450 4818 1628 4914 Spiuulam
