4468 6010
524 678 584 740 ass
1027 675 1240 739 rnrnnnrcr
1266 675 1440 739 sucuunr
1746 673 1825 758 [ssa.
1843 673 1929 736 isto.

523 813 610 886 Iacio
625 810 779 886 fidelium
792 819 985 884 nostrornm
1002 811 1157 884 custodie
1171 811 1357 908 deputatis,
1377 807 1581 882 custodibus
1593 808 1795 882 eorumdem
1808 829 1932 880 canum

522 957 585 1031 pro
602 935 734 1010 eisdem
752 933 796 1006 A.
816 945 851 1008 et
872 936 928 1024 lt,
950 935 1108 1006 scuteriis
1130 947 1165 1006 et
1186 933 1390 1030 equitaturis
1409 953 1528 1006 eorum
1549 933 1650 1025 juxta
1672 933 1815 1004 assisam
1837 931 1932 1004 curie

522 1069 638 1133 nostre
652 1060 687 1131 in
703 1079 824 1154 regno,
838 1079 1009 1154 expensas
1020 1059 1145 1133 amodo
1161 1059 1290 1133 debeas
1306 1058 1527 1134 exhiberede
1540 1057 1686 1153 pecunia
1698 1057 1794 1131 curie
1805 1066 1929 1148 nostre,

521 1205 591 1278 quo
606 1191 731 1278 estper
743 1203 868 1254 manus
883 1192 972 1255 tuns.

570 1309 694 1380 Datum
709 1306 950 1397 Cuccuzhone,
971 1305 1033 1378 XII
1048 1306 1228 1398 Iebruarii,
1247 1309 1324 1382 XIII
1338 1305 1549 1380 indictionis.

569 1429 631 1502 XII
644 1426 836 1529 [februarii]
853 1430 1001 1522 ibidem,
1020 1429 1248 1505 demandato
1272 1431 1440 1526 imperiali
1459 1431 1547 1502 Iacto
1567 1449 1629 1524 per
1646 1427 1848 1521 magistrum
1864 1421 1932 1496 Al-

520 1550 655 1625 bertum
673 1552 809 1649 scripsit
821 1554 860 1627 P.
882 1552 927 1627 de
943 1553 1062 1648 Capua
1082 1553 1129 1626 ad
1146 1555 1347 1648 magistrum
1369 1553 1559 1627 Iohannem
1578 1550 1624 1626 de
1639 1551 1809 1624 Palmario
1833 1558 1931 1622 nota·

520 1675 610 1748 rium
628 1675 759 1748 domini
775 1678 838 1772 qui
856 1685 929 1749 erat
942 1676 1038 1771 apud
1050 1678 1212 1750 Sanctum
1224 1677 1427 1750 Flavianum
1443 1685 1481 1749 ut
1493 1676 1716 1750 incontinenti
1734 1672 1780 1747 ad
1793 1695 1932 1768 presen-

440 1793 443 1800 ’
520 1799 602 1870 tiam
619 1798 750 1871 domini
768 1801 886 1872 veniat
899 1822 979 1872 cum
1001 1801 1149 1895 pecunia
1167 1799 1382 1894 corioquam
1403 1801 1508 1873 habet
1525 1799 1593 1890 ibi,
1611 1819 1675 1896 per
1687 1799 1780 1871 viam
1795 1796 1928 1885 Nursii,

393 1975 396 1984 ,
520 1922 627 1996 Cassii
645 1933 680 1993 et
693 1923 863 2014 Fuiginei.

569 2045 739 2140 Scriptum
757 2055 809 2118 est
821 2046 925 2120 etiam
942 2044 1113 2119 Robberto
1127 2044 1173 2120 de
1185 2045 1367 2119 Castilione
1389 2055 1427 2118 ut
1445 2045 1506 2120 det
1523 2046 1555 2118 ei
1573 2065 1733 2118 securum
1751 2043 1931 2116 transitum

519 2179 555 2242 et
570 2168 796 2242 conductum.

572 2533 796 2620 Mandatum
822 2533 873 2615 ad
896 2533 1177 2640 Alexandrum,
1204 2532 1326 2617 filium
1351 2533 1521 2641 Raurici,
1548 2557 1618 2642 pro
1639 2533 1872 2617 indumentis
1894 2545 1931 2618 et

522 2661 868 2775 expensis'Nicolao
886 2664 1039 2749 Diridee
1056 2667 1123 2777 qui
1138 2666 1260 2750 tendit
1277 2667 1326 2748 ad
1345 2691 1459 2776 grues
1480 2663 1715 2748 exhibendis.

601 2837 731 2919 (Reum.
743 2837 847 2920 imper.
859 2836 980 2901 Γηὼν.
996 2839 1036 2916 11,
1050 2838 1104 2902 Iol.
1121 2846 1155 2900 tt
1172 2843 1268 2913 rectn;
1283 2841 1315 2899 In
1328 2839 1399 2900 edtt.
1414 2839 1552 2914 caream,
1566 2855 1597 2916 p.
1616 2836 1700 2918 tot.)

569 2987 617 3056 Dc
636 2986 804 3080 Imperioii
816 2987 973 3058 mandato
988 2988 1076 3078 Iacto
1088 3008 1151 3080 per
1165 2987 1364 3079 mopistrum
1375 2987 1416 3057 Β.
1435 2983 1519 3083 [leg.
1536 2981 1596 3084 tt]
1614 2985 1654 3057 dc
1669 2987 1932 3059 Petroctornnulc

520 3111 653 3205 scripsit
663 3111 864 3182 Laurentius
880 3138 889 3180 :

569 3233 788 3323 Fredericus,
807 3243 890 3322 ete,
908 3231 951 3303 A.
969 3230 1040 3304 filio
1059 3233 1211 3323 Henrioi,
1230 3243 1295 3306 etc.
1317 3230 1524 3305 Mandemus
1536 3231 1599 3303 tibi
1617 3240 1790 3326 quatenus
1802 3232 1931 3328 magle·

522 3366 613 3428 trum
626 3355 804 3427 Nicolaum
820 3353 975 3426 Diridam
991 3355 1051 3448 qni
1069 3355 1179 3427 tendit
1192 3355 1239 3428 ad
1253 3376 1372 3449 grues,
1389 3353 1525 3428 fidelem
1544 3364 1722 3444 nostrum,
1738 3368 1932 3430 uxoremst

522 3500 633 3551 unum
654 3477 841 3550 scuterium
860 3477 969 3573 ipsius
993 3477 1058 3550 bac
1082 3478 1160 3551 vice
1184 3478 1311 3552 induas
1334 3487 1565 3574 competenter
1580 3487 1615 3552 et
1631 3478 1745 3552 eidem
1760 3500 1931 3574 expensas

525 3601 706 3692 exhibeas,
724 3599 813 3671 sicut
826 3599 992 3672 hactenus
1009 3621 1091 3674 eum
1106 3600 1279 3674 inveneris
1299 3601 1344 3675 de
1361 3611 1489 3675 statuto
1505 3611 1621 3675 nostre
1636 3602 1733 3674 curie
1745 3603 1928 3698 recepisse,

523 3745 650 3798 cavens
668 3745 712 3796 ne
730 3723 909 3796 occasione
932 3725 983 3796 tui
1001 3745 1022 3796 n
1040 3725 1300 3798 commissorum
1318 3725 1383 3797 sibi
1402 3725 1619 3799 servitiorum
1638 3734 1833 3798 nostmrum
1847 3747 1931 3800 exe·

523 3846 661 3920 cutione
679 3845 844 3919 desistere
858 3847 1093 3943 compellatur.

572 3970 698 4042 Datum
721 3968 963 4062 Cuocuzhone,
983 3971 1046 4044 XII
1062 3971 1242 4062 februarii,
1260 3971 1338 4046 XIII
1354 3970 1563 4046 indictionis.

328 4469 487 4570 fppfiffi
575 4457 799 4542 Mandatum
822 4458 873 4540 ad
889 4462 1065 4546 custodes
1082 4467 1216 4548 aermIi
1233 4468 1281 4551 de
1298 4470 1458 4578 pecunia
1482 4469 1585 4578 apud
1602 4467 1847 4552 Introduoum
1863 4491 1932 4577 per

523 4589 718 4673 Simonem
734 4589 784 4671 de
802 4589 944 4675 Ursone
960 4597 1265 4682 transmittenda.

606 4767 734 4852 (depost.
752 4769 856 4850 imper.
869 4769 988 4836 Frsdcr.
1002 4773 1043 4854 11,
1058 4775 1110 4838 IoI.
1127 4785 1161 4837 tt
1178 4785 1272 4852 rcetoc
1288 4779 1321 4840 In
1333 4779 1405 4842 edit.
1418 4779 1554 4848 cumn..
1570 4795 1601 4858 p.
1619 4780 1701 4852 tit.)
