4468 6010
268 716 366 776 nem.
383 711 444 796 na]
718 708 917 772 unsromn
942 705 1236 768 orruouorrca.

319 1227 542 1315 Mandatum
561 1228 611 1310 ad
633 1226 865 1336 magistrum
882 1225 1124 1312 Theodorum
1142 1228 1191 1310 de
1212 1227 1346 1311 litteris
1365 1225 1574 1312 scribendis
1600 1226 1682 1337 regi
1721 1229 1872 1327 mgr,

270 1361 397 1446 Tunisi
412 1361 453 1443 in
466 1360 602 1470 lingua
619 1357 785 1443 erabica.

349 1561 480 1644 (dcent.
495 1562 600 1643 torpor.
620 1558 741 1624 stodor.
756 1559 796 1636 11,
809 1560 862 1623 iol.
880 1569 919 1622 to
938 1565 1037 1635 κοῖος
1052 1562 1084 1622 lu
1096 1560 1169 1622 edlt.
1185 1559 1323 1636 Carnam,
1337 1579 1368 1642 p.
1385 1561 1470 1642 tlt.)

317 1738 366 1812 Dc
378 1737 538 1810 moodoto
553 1740 643 1830 [octo
653 1758 715 1832 per
727 1737 925 1828 mapintrom
937 1737 980 1806 P.
1000 1733 1040 1806 dc
1058 1735 1159 1806 l'ioco
1171 1735 1305 1830 scripsit
1320 1735 1360 1808 G.
1379 1737 1420 1806 de
1440 1735 1558 1808 Tocco:

314 1862 537 1951 Fredericus,
563 1872 647 1952 eto,
679 1860 841 1954 magistro
870 1857 1069 1947 Theodoro,
1093 1869 1160 1934 etc.
1184 1859 1274 1932 Ecce
1302 1859 1476 1932 mietimus
1496 1858 1542 1933 ad
1564 1882 1682 1956 regem

269 1989 385 2060 Tunisi
410 1989 453 2060 H.
472 1975 646 2058 ¹Abbalom
665 1995 701 2056 et
724 1983 896 2057 notarium
920 1983 1112 2056 Iohannem
1138 1981 1184 2056 de
1210 1983 1379 2056 Pauormo
1403 1981 1525 2056 fideles
1549 1997 1682 2059 nostros

268 2113 324 2187 vel
343 2113 373 2185 si
397 2113 485 2184 torte
505 2108 598 2184 idem
621 2109 776 2184 notarios
793 2107 968 2181 lohannes
993 2105 1141 2180 adversa
1165 2106 1365 2180 valetudiue
1388 2107 1589 2202 prepeditus
1612 2131 1682 2183 nou

268 2245 396 2334 posset,
415 2235 458 2306 ll.
479 2232 524 2306 de
538 2231 668 2305 Amicis
686 2231 894 2328 justitiarius
908 2231 1025 2304 Sicilie
1037 2231 1127 2304 ultra
1143 2231 1272 2304 llumen
1286 2231 1421 2302 Salsum
1439 2230 1551 2304 fidelis
1567 2243 1693 2308 noster·

267 2358 441 2448 ordinabit
463 2357 569 2430 alium
584 2357 687 2448 juxta
707 2354 803 2448 quod
822 2354 890 2428 sibi
906 2354 1032 2428 licterie
1051 2355 1176 2426 nostris
1192 2353 1450 2446 mandavimus,
1470 2356 1683 2431 mictendum

269 2505 348 2556 cum
365 2481 521 2578 predicto
537 2479 579 2550 ll.
601 2499 706 2574 quem
724 2477 928 2572 cognoverit
949 2487 1173 2574 oportunum.
1198 2477 1283 2550 Cum
1302 2478 1408 2570 igitur
1429 2479 1521 2576 ipsos
1543 2481 1696 2564 nuutios,

269 2617 404 2680 nostros
424 2605 563 2676 licteras
581 2602 711 2676 babere
735 2601 859 2674 deceat
881 2599 928 2673 ad
944 2599 1106 2676 eumdem
1122 2624 1257 2696 regem,
1286 2602 1461 2676 mictimus
1485 2603 1683 2680 discretioni
1795 2649 1796 2652 κ

269 2743 324 2803 lue
340 2737 473 2802 cartam
490 2727 671 2820 sigillatum
685 2737 720 2800 et
738 2745 807 2798 nou
824 2725 1001 2822 scriptam,
1020 2725 1224 2800 mandantes
1239 2737 1278 2798 ut
1294 2727 1330 2798 iu
1349 2727 1468 2822 lingua
1485 2730 1623 2804 arabica
1635 2753 1683 2805 ex

269 2865 364 2951 parte
377 2862 496 2925 nostra
513 2851 645 2924 scribas
662 2849 776 2924 eidem
792 2849 865 2941 regi
882 2850 1032 2944 qualiter
1050 2850 1224 2922 mictimue
1239 2849 1284 2923 ad
1303 2872 1384 2924 eum
1398 2849 1571 2947 predictos
1591 2853 1683 2929 duos

268 2979 409 3052 nuutios
424 2975 546 3050 fideles
561 2985 695 3049 nostros
708 2996 770 3070 per
782 2995 870 3070 quoe
886 2995 991 3070 cuper
1003 2973 1070 3070 bys
1083 2995 1154 3069 que
1169 2974 1259 3046 iuter
1274 2995 1337 3047 uos
1347 2983 1381 3048 et
1392 2975 1554 3049 eumdem
1566 2999 1683 3069 regem

267 3101 449 3178 baetauda
465 3109 563 3190 suut,
580 3100 682 3196 plene
700 3098 768 3172 sibi
785 3110 937 3172 nostram
957 3097 1183 3194 patefacimus
1201 3097 1431 3190 voluntatem3
1452 3099 1547 3174 unde
1566 3101 1684 3176 credat

267 3229 317 3301 eis
332 3247 457 3302 secure
472 3225 509 3298 iu
522 3225 588 3320 bys
607 3245 677 3319 que
690 3243 736 3296 ex
753 3233 852 3318 parte
877 3221 986 3294 nostri
1010 3221 1172 3294 culminis
1193 3220 1347 3294 dixerint
1366 3231 1530 3318 tanquam
1553 3226 1683 3298 nuntiis

267 3350 313 3425 ad
333 3372 415 3424 cum
433 3369 496 3445 per
515 3355 665 3422 nostram
687 3345 928 3420 celsitudinem
949 3343 1142 3418 destinatis.
1162 3345 1336 3420 lotellecto
1359 3367 1443 3420 vero
1466 3349 1604 3442 negotio
1622 3371 1684 3445 per

267 3475 310 3548 Η.
327 3473 499 3547 Abbatem
517 3493 582 3568 pru
598 3491 669 3565 quo
684 3470 777 3565 ipsos
794 3469 986 3558 mictimus,
1006 3469 1200 3543 conformes
1215 3478 1250 3544 te
1267 3472 1406 3564 negotio
1423 3483 1458 3544 et
1478 3473 1603 3546 formes
1621 3474 1684 3548 lio-

268 3609 359 3674 terae
375 3595 570 3670 secundum
589 3592 686 3688 quod
704 3591 828 3666 honori
843 3602 960 3666 nostro
979 3599 1014 3664 et
1029 3592 1186 3686 qualitati
1204 3595 1334 3687 negotii
1350 3594 1482 3670 videris
1501 3597 1679 3692 expedire.

315 3723 444 3795 Datum
461 3717 665 3809 Cocceioue,
687 3717 720 3788 X
739 3715 919 3805 februarii,
936 3714 1013 3789 lllll
1030 3715 1240 3790 indictionis.

493 3989 1199 4001 m———u—
1205 3987 1298 3995 --—--
1304 3987 1396 3996 —--..
1406 3988 1471 3996 ...-

321 4259 484 4344 litterae
501 4258 740 4370 responsales
763 4260 813 4342 ad
827 4258 1078 4370 justitiarium
1097 4257 1246 4367 Aprutii
1263 4258 1312 4340 de
1337 4257 1538 4341 tortellitiis
1557 4259 1684 4343 Goal-
1728 4288 1869 4386 xmp

269 4391 353 4474 terii
371 4403 410 4476 et
428 4393 587 4478 Gentilis
608 4394 658 4477 de
678 4391 834 4501 Popleto
862 4392 912 4475 ad
941 4417 1038 4500 opus
1065 4391 1193 4475 curiae
1222 4392 1363 4500 captis,
1393 4392 1442 4476 de
1468 4393 1685 4476 castellanis
1871 4372 1880 4386 ⁹

269 4521 475 4630 ordinatis,
505 4523 553 4606 de
581 4523 665 4606 istis
693 4522 886 4633 capiendis
912 4522 980 4631 qui
1008 4547 1097 4604 oum
1128 4522 1326 4632 Raynaldo
1336 4583 1350 4626 ,
1380 4522 1461 4606 filio
1489 4524 1685 4633 quondam

271 4651 379 4735 ducis
416 4653 581 4764 Spoleti,
611 4655 839 4738 commercia
866 4653 1107 4762 habuerunt,
1131 4654 1179 4737 de
1204 4653 1450 4739 venatoribus
1482 4656 1688 4740 scientibus

271 4781 382 4894 lupos
400 4796 439 4870 et
455 4787 589 4896 vulpes
606 4787 789 4871 occidere.
