4374 6010
533 685 593 746 856
1032 689 1246 752 ratuualct
1273 691 1447 752 succum
1755 692 1836 771 [Arta.
1855 693 1941 755 12⁴⁰.

582 824 630 894 Ile
644 823 800 894 mundato
815 825 984 918 imperiali
999 825 1131 919 scripsit
1155 826 1196 897 G.
1217 826 1257 896 dc
1279 828 1403 897 Iccco:
1703 899 1708 909 ¹

468 1003 473 1014 .
581 945 802 1038 Fredericus‚
824 957 906 1036 etc,
933 947 1088 1021 Niculino
1108 949 1251 1044 spinule
1277 951 1476 1040 ammirato,
1503 959 1569 1022 etc.
1597 949 1745 1023 Licteras
1769 948 1944 1023 fidelitatis

532 1080 592 1143 tue
611 1081 646 1144 et
668 1071 753 1166 ipsis
772 1072 955 1144 interclusa
977 1072 1128 1168 capitula
1151 1085 1315 1148 consueta
1340 1074 1551 1168 benignitate
1570 1074 1763 1170 recepimus
1785 1082 1819 1147 et
1839 1073 1941 1146 iutel-

532 1194 684 1266 leximus
695 1193 890 1289 diligenter.
908 1197 1038 1268 Verum
1052 1196 1134 1292 quia
1151 1198 1215 1270 libi
1230 1219 1291 1294 per
1303 1197 1389 1270 alias
1402 1199 1536 1272 licteras
1549 1208 1682 1270 nostras
1700 1197 1945 1270 mandavimus

534 1329 573 1391 ut
603 1320 649 1393 ad
680 1322 887 1416 presentiam
919 1330 1072 1395 nostram
1100 1323 1244 1394 festinus
1272 1324 1438 1416 accedas,
1471 1324 1533 1396 tibi
1562 1324 1688 1396 licteris
1719 1324 1844 1396 nostris
1872 1345 1944 1396 non

534 1443 700 1518 duximus
713 1443 1008 1540 respondendum,
1028 1457 1251 1542 expectantes
1265 1449 1475 1522 verbotenus
1492 1448 1537 1522 de
1555 1449 1620 1544 bys
1637 1461 1672 1521 et
1689 1449 1766 1522 aliis
1785 1449 1847 1520 tibi
1862 1469 1943 1521 nos·

532 1577 620 1641 tram
635 1569 810 1664 precipere
824 1570 1046 1642 voluntatem.
1066 1571 1193 1643 VenIas
1207 1593 1290 1666 ergo
1304 1572 1378 1644 sine
1391 1595 1488 1645 mora
1503 1573 1549 1647 ad
1567 1583 1789 1668 conspectum
1805 1574 1944 1646 celsitu·

534 1691 627 1764 dinis
643 1703 776 1782 nostre,
794 1691 976 1765 auditurus
997 1693 1159 1766 mandata
1181 1705 1297 1767 nostra
1320 1717 1389 1790 que
1411 1696 1472 1767 tibi
1487 1695 1697 1792 imponenda
1717 1697 1941 1785 duxerimus,

533 1815 595 1910 qui
607 1815 751 1888 feliciter
763 1816 799 1887 in
813 1837 960 1908 regnum
976 1827 1130 1890 nostrum
1144 1817 1276 1890 reversi
1291 1840 1412 1892 sumus
1425 1818 1546 1892 divina
1559 1820 1669 1912 gratia
1688 1820 1867 1914 largiente.

581 1943 705 2012 Datum
725 1941 819 2036 apud
835 1941 1075 2031 Introducam‚
1095 1942 1216 2014 XVIIII
1229 1943 1361 2032 martii,
1381 1943 1457 2015 XIII
1475 1941 1685 2016 indictionis.

581 2063 691 2136 Itctn:
1683 2065 1686 2076 '

581 2188 798 2273 Fredericus,
822 2196 905 2276 ete,
929 2189 969 2260 u.
997 2187 1042 2261 de
1067 2189 1228 2280 Pulcaru,
1256 2199 1323 2262 etc.
1349 2189 1489 2263 [icteris
1513 2188 1688 2264 fidelitatis
1712 2199 1771 2262 tue
1795 2189 1946 2284 benigne

533 2313 679 2408 receptis
696 2323 730 2384 et
753 2333 873 2384 earum
896 2311 1069 2386 intellecto
1096 2323 1229 2400 tenore,
1258 2311 1414 2387 fidelitati
1432 2324 1491 2387 tue
1508 2313 1716 2388 mandamus
1739 2323 1777 2385 ut
1799 2313 1882 2408 quia
1907 2313 1945 2384 in

533 2457 680 2528 regnum
703 2445 857 2507 nostrum
874 2436 1015 2508 feliciter
1033 2437 1178 2510 Domino
1198 2437 1342 2510 IacIente
1364 2438 1493 2510 reversi
1511 2459 1649 2528 sumus,
1670 2437 1716 2510 ad
1739 2436 1947 2532 presentiam

533 2571 685 2633 nostram
708 2559 849 2648 venias,
869 2559 959 2631 sicut
980 2559 1042 2630 tibi
1058 2581 1120 2654 per
1137 2561 1222 2633 alias
1241 2561 1375 2634 licteras
1394 2573 1528 2635 nostras
1551 2562 1814 2653 mandavimus,
1835 2560 1947 2634 audi-

534 2693 633 2755 turus
653 2705 758 2778 super
771 2683 836 2779 bys
859 2705 929 2777 que
947 2691 1007 2756 tue
1028 2683 1144 2756 lictere
1161 2684 1381 2758 continebant
1399 2695 1433 2757 et
1455 2685 1531 2758 aliis
1557 2696 1673 2759 nostre
1691 2685 1947 2782 beneplacitum

533 2808 734 2900 maiestatis.

582 2931 705 3002 Datum
723 2927 776 3028 [ut
791 2927 924 3028 supra}

417 3523 497 3619 lm,
589 3514 766 3598 Mandata
783 3514 889 3598 uaria
905 3515 954 3599 de
970 3515 1152 3598 electione
1169 3539 1352 3624 personae
1369 3515 1493 3598 fidelis
1512 3514 1551 3594 in
1569 3511 1800 3597 monasterio
1818 3507 1949 3594 Sancti

470 3646 477 3661 ’
537 3645 687 3756 Georgii
710 3647 758 3728 de
781 3645 939 3730 Saleruo
965 3672 988 3728 a
1012 3647 1243 3730 monialibus
1270 3645 1443 3728 facienda
1467 3655 1505 3728 et
1530 3644 1588 3729 de·
1608 3645 1844 3728 restitutione
1869 3667 1948 3724 ex·-

535 3803 742 3888 peusarum
768 3777 981 3862 abbatissae
1015 3778 1143 3861 Sancti
1174 3778 1366 3864 Michaelis
1397 3778 1445 3861 de
1473 3775 1652 3885 Salemc,
1690 3801 1790 3886 quae
1819 3773 1949 3857 curiae

536 3911 861 3996 denuntiationem
879 3913 979 3996 l'ecit.

619 4113 747 4196 (apat.
761 4115 865 4194 lupar.
879 4111 1000 4175 Γηὼν.
1014 4113 1055 4190 11,
1071 4113 1125 4174 Iol.
1140 4123 1179 4176 to
1193 4129 1296 4186 verso;
1311 4115 1343 4174 ln
1356 4113 1428 4174 edlt.
1446 4110 1581 4184 caran,
1598 4127 1626 4187 p
1644 4108 1728 4187 stt.)

586 4291 634 4359 De
653 4287 808 4360 mandato
830 4287 1001 4382 imperiali
1020 4291 1109 4380 [octo
1126 4310 1190 4382 per
1209 4289 1410 4380 mapiatnrm
1413 4336 1636 4358 ......
1657 4281 1790 4376 scripsit
1807 4279 1948 4352 Iocutus

538 4412 577 4484 dc
598 4413 750 4484 Vcotro:

591 4534 811 4623 Fredericm,
841 4543 924 4626 etc,
954 4533 1209 4629 archiepiscopo
1233 4533 1467 4624 Salernitana,
1492 4541 1557 4606 etc
1589 4530 1761 4604 Intellexit
1783 4526 1949 4601 serenitas

537 4669 652 4732 nostra
665 4657 760 4753 quod
774 4679 854 4730 cum
866 4667 1093 4753 postmortem
1105 4655 1465 4750 quondamabbatisee
1476 4655 1671 4730 monasterii
1683 4648 1799 4725 Sancti
1811 4647 1949 4741 Georgii

539 4783 584 4857 de
607 4784 767 4876 salerno,
789 4803 857 4855 uon
883 4780 1089 4854 denuncIato
1110 4779 1206 4853 curie
1225 4789 1339 4854 nostre
1359 4780 1454 4854 obitu
1477 4801 1542 4854 suo
1554 4779 1654 4854 sicut
1673 4776 1779 4850 muris
1794 4782 1865 4866 ast,
1883 4791 1950 4844 nec
