4384 6004
238 675 336 735 100100.
354 673 416 733 ld]
690 667 886 731 HISTORIA
913 666 1205 729 otrtottltrtce
1576 659 1654 722 1119

319 805 574 886 (sortiremini,
592 803 789 866 1101101010.
809 801 950 885 supplem.
969 800 1015 864 ἀί
1039 803 1128 864 nicam
1147 801 1250 880 imper.
1272 797 1304 860 di
1316 795 1419 859 chcr.
1437 796 1481 871 11,
1499 803 1573 858 tom.
1594 797 1650 874 xl,

358 931 390 992 r·
407 921 445 974 ⁴⁶
459 919 490 972 et
502 909 599 990 sens)

287 1067 515 1166 Pandulphns
529 1067 574 1142 de
595 1068 813 1160 Faxianella,
839 1067 1026 1163 imperialis
1048 1069 1082 1138 in
1103 1068 1227 1140 Tuscia
1247 1065 1446 1161 capitaneus
1462 1065 1650 1162 generalis,

241 1195 390 1270 discreto
403 1204 438 1267 et
451 1190 599 1289 sapienti
611 1191 688 1265 viro
702 1192 829 1266 Uberto
843 1193 954 1284 Gangi
968 1191 1098 1264 vicario
1112 1189 1281 1264 Ficecchii
1295 1191 1418 1265 dilecto
1431 1210 1495 1263 suo
1506 1191 1651 1264 salutem

239 1331 274 1394 et
291 1341 457 1394 amoram.
476 1317 682 1413 Recepimus
696 1337 812 1389 sacras
826 1315 1020 1412 imperiales
1037 1316 1167 1389 litteras
1180 1317 1215 1387 in
1233 1315 1300 1388 hac
1316 1316 1425 1389 torma
1446 1341 1455 1386 ε

287 1443 505 1531 Fredericus,
525 1441 588 1514 Dei
604 1441 714 1535 gratia
726 1442 958 1514 Romanorum
975 1440 1159 1534 imperator
1172 1461 1308 1535 semper
1321 1447 1503 1532 angustus,
1517 1442 1653 1513 Jerusa-

240 1570 306 1642 lem
328 1578 363 1641 et
381 1567 494 1640 Sicilie
510 1587 592 1656 rex,
613 1563 818 1660 Pandulpho
834 1563 878 1637 de
894 1565 1091 1636 Faxianella
1107 1565 1286 1658 capitaneo
1303 1564 1426 1636 Tnseie
1446 1563 1570 1637 dilecto
1585 1587 1651 1638 sno

241 1693 387 1789 gratiam
416 1713 516 1762 snam
546 1699 580 1762 et
607 1690 735 1761 honam
763 1689 987 1760 voluntatem.
1010 1687 1216 1760 Guadardus
1240 1687 1285 1760 de
1311 1689 1453 1780 Ficiclo,
1481 1689 1654 1763 Tedaldns

240 1817 437 1912 Napclecne
454 1825 489 1886 et
503 1812 705 1886 leonardus
720 1821 909 1902 consortes,
927 1811 1045 1884 fideles
1060 1813 1181 1898 nostri,
1203 1811 1360 1884 exhibita
1377 1814 1476 1885 nobis
1491 1815 1654 1911 petitione

243 1947 473 2012 monstrarunt
483 1937 579 2032 quod
597 1957 658 2008 eos
671 1957 776 2031 super
791 1935 950 2030 passagio
967 1934 1012 2008 de
1028 1936 1153 2008 Ficiclo
1168 1935 1263 2030 quod
1279 1945 1347 2007 tam
1368 1937 1432 2031 ipsi
1450 1959 1555 2031 quam
1575 1961 1653 2033 pre·

242 2062 438 2135 decessores
452 2082 572 2133 eorum
594 2081 614 2131 a
630 2070 784 2154 tempore
799 2079 870 2153 quo
891 2079 960 2130 000
978 2068 1076 2131 extat
1094 2060 1257 2132 memoria
1272 2081 1384 2154 usque
1402 2083 1496 2134 0000
1513 2061 1653 2158 pacifica
1681 2123 1684 2128 ,

243 2186 481 2282 possederunt,
499 2195 616 2258 contra
628 2184 796 2275 justitiam
815 2181 985 2275 adgraves
999 2195 1035 2255 et
1048 2185 1219 2256 molestes.
1235 2183 1402 2268 Quocirca
1421 2185 1576 2260 fidelitati
1596 2199 1655 2263 100

242 2309 448 2383 mandamus
461 2318 633 2403 quatenos
646 2307 676 2378 si
696 2307 757 2378 tibi
772 2307 960 2378 constiterit
978 2305 1088 2378 dictos
1112 2306 1230 2379 fideles
1248 2299 1382 2381 nostros
1401 2310 1436 2380 in
1454 2309 1598 2404 pacifica
1620 2324 1654 2387 et

241 2435 404 2508 continua
423 2432 639 2529 possessione
657 2431 805 2526 passagii
824 2431 973 2502 existere
988 2430 1184 2520 memorati,
1202 2453 1264 2503 eos
1280 2453 1386 2526 snper
1401 2431 1476 2527 ipso
1493 2437 1654 2530 passagio

243 2559 396 2633 indebite
416 2579 484 2630 non
503 2555 672 2650 adgraves
689 2555 745 2626 vel
760 2554 935 2641 molestes,
954 2553 1017 2626 sed
1035 2555 1210 2648 permittas
1221 2553 1315 2650 ipsos
1331 2555 1487 2648 ejusdem
1503 2559 1654 2655 passagii

243 2684 333 2756 siout
345 2682 512 2755 hactenus
528 2677 671 2776 pacifica
692 2678 906 2772 possessione
925 2677 1091 2772 gaudere.

290 2809 376 2880 Data
391 2804 571 2894 Fauentia,
592 2803 666 2876 lllll
681 2800 763 2874 idus
782 2801 904 2891 madii,
926 2801 1002 2874 XlV
1022 2801 1231 2874 indictionis.

291 2931 444 3026 ideoque
461 2929 562 3002 vobis
580 2927 748 3022 imperiali
766 2927 966 2998 auctoritato
985 2925 1190 3016 mandamus
1204 2937 1378 3021 quatenus
1390 2951 1495 3025 super
1509 2930 1563 3004 his
1577 2929 1655 3005 dili·

215 3117 217 3124 ,
245 3067 379 3151 gentem
395 3053 654 3148 inquisitionem
669 3053 782 3124 lacere
796 3050 952 3123 debeatis
967 3053 1070 3144 juxta
1088 3051 1232 3124 formam
1252 3051 1396 3146 predicti
1415 3054 1569 3128 mandati
1585 3055 1656 3129 im-

244 3180 397 3276 perialis,
411 3187 445 3252 et
458 3179 570 3274 ipsam
585 3176 684 3248 nobis
699 3197 759 3271 per
776 3195 917 3247 manum
937 3175 1113 3272 publicam
1130 3187 1166 3248 et
1180 3186 1295 3248 vestro
1307 3176 1422 3271 sigillo
1436 3177 1655 3254 interclusam

245 3324 307 3399 per
323 3313 477 3376 vestrum
497 3301 656 3372 nuntium
673 3298 922 3371 transmittatis.
1666 3311 1668 3316 ·

292 3430 417 3501 Datum
433 3427 470 3498 in
485 3426 604 3500 castris
617 3426 654 3496 in
671 3424 852 3498 obsidione
866 3425 1037 3516 Fesuane,
1055 3425 1163 3497 XVlll
1178 3426 1287 3518 junii,
1303 3423 1381 3498 xlv
1393 3423 1604 3503 indictionis.

295 3551 511 3651 [Sequuntur
527 3549 759 3645 depositiones
778 3549 916 3621 testium
934 3549 1103 3640 justitiam
1129 3549 1303 3644 petitionis
1328 3548 1655 3648 demonstrantium,

245 3688 401 3772 receptae
417 3687 453 3750 et
466 3677 623 3768 signatae
639 3697 660 3746 a
675 3673 863 3745 lliotisalvo
878 3673 1047 3768 imperiali
1061 3671 1229 3746 Ficecchii
1248 3671 1412 3774 notario]

451 3967 640 3976 'uon—..mau-
650 3969 656 3974 α
665 3969 700 3976 -ι-
706 3967 1326 3976 -ο-υ--α--ι--ιο--Μ--Ὴ--η
1334 3968 1454 3978 nav—n·-

300 4232 580 4342 rlrchiepiscopi
605 4231 836 4316 Arelatensis
865 4244 903 4314 et
933 4231 1225 4315 Tarraconensis
1251 4233 1463 4343 caeterique
1500 4233 1658 4341 praelati
1728 4253 1830 4352 0000

245 4365 311 4474 qui
330 4364 424 4447 salui
442 4365 605 4448 lanuam
623 4391 691 4475 per
713 4364 844 4476 fugam
865 4365 1116 4473 repetierunt,
1139 4365 1321 4476 Gregorio
1343 4392 1464 4476 popae
1482 4366 1662 4448 nuntiant
1794 4385 1804 4416 ··

244 4499 437 4605 quomodo
456 4498 521 4582 alii
539 4499 579 4580 in
598 4498 742 4608 praelio
756 4498 856 4608 eapti
875 4497 1102 4582 aFriderico
1120 4499 1376 4605 detineantur,
1393 4510 1603 4609 petuntque
1618 4510 1663 4583 ut

246 4640 377 4713 000100
393 4641 601 4742 tyrannum
620 4633 770 4717 saevius
793 4632 833 4714 in
855 4631 1064 4714 Ecclesiam
1087 4634 1352 4741 procedentem
1371 4634 1542 4742 asperius
1559 4659 1664 4744 quo-

246 4787 322 4870 que
337 4767 578 4872 procedatur.
