4384 6004
581 717 659 779 1108
1078 716 1294 778 turbemer
1319 714 1494 776 securint
1805 717 1888 798 [ltu.
1906 719 1991 782 1241.

578 874 640 947 per
656 853 815 926 Tusciam
839 861 957 927 coutm
974 853 1065 926 banc
1083 851 1217 948 imperii
1234 850 1453 948 protectionis
1469 851 1633 946 pagiuam
1650 851 1825 927 offendere
1841 853 1996 929 indebite

577 997 639 1049 seu
652 977 834 1050 molestare
848 987 1037 1072 presumat.
1053 976 1157 1064 Quod
1170 976 1232 1070 qui
1246 974 1493 1071 presumpserit
1510 973 1785 1068 indignationem
1808 977 1995 1074 imperialis

577 1100 738 1172 culminis
755 1121 795 1174 se
808 1101 944 1174 noverit
957 1101 1193 1175 incursurum.
1212 1097 1268 1172 Ad
1285 1098 1391 1190 hujus
1409 1099 1526 1192 itaque
1542 1107 1659 1171 nostre
1677 1100 1911 1174 concessionis
1924 1121 1996 1173 me·

577 1221 719 1295 moriam
739 1231 775 1295 et
791 1223 898 1296 robor
911 1224 947 1295 in
962 1233 1138 1320 posterum
1156 1221 1365 1312 volitorum,
1385 1241 1527 1318 presens
1544 1222 1710 1318 scriptum
1733 1221 1808 1296 lieri
1824 1233 1861 1297 et
1878 1223 1992 1318 sigillo

575 1353 691 1419 nostre
709 1346 958 1441 magnitudinis
970 1348 1138 1442 jussimus
1150 1347 1367 1421 communiri.

624 1469 750 1542 Datum
767 1471 804 1542 in
820 1471 961 1544 civitate
977 1472 1144 1562 Senensi,
1167 1491 1259 1544 auno
1275 1469 1448 1543 dominice
1464 1470 1710 1544 incarnationis
1727 1471 1910 1547 millesimo
1926 1473 1991 1548 du·

576 1593 762 1667 centesimo
787 1594 1053 1689 quadragesimo
1078 1595 1208 1690 primo,
1237 1593 1383 1689 septimo
1409 1591 1546 1667 decimo
1571 1593 1704 1686 martii,
1734 1593 1993 1688 quartedooime

576 1715 787 1791 indictionis.

623 1841 699 1934 Ego
714 1841 887 1915 lebannes
902 1842 1039 1916 Martini
1058 1841 1213 1916 noterius
1229 1853 1337 1916 totum
1358 1841 1456 1936 quod
1473 1863 1579 1936 supra
1603 1841 1731 1936 legitor
1751 1841 1797 1915 de
1816 1843 1991 1918 autentico

576 1964 757 2058 privilegio
768 1965 836 2038 viri
849 1963 1026 2058 magnifici
1040 1965 1174 2038 domiui
1192 1965 1331 2039 Henrioi
1349 1965 1442 2058 regis
1461 1965 1636 2038 Turritani
1657 1976 1692 2038 ot
1708 1964 1912 2038 Galluritani
1926 1987 1991 2040 suo

577 2088 690 2182 sigillo
704 2089 838 2162 munito
849 2091 1046 2183 diligenter,
1059 2091 1154 2164 unllo
1166 2089 1287 2164 addito
1299 2089 1355 2162 vel
1369 2088 1554 2182 diminuto,
1567 2089 1700 2184 sumpsi
1717 2099 1753 2161 et
1767 2087 1914 2162 fideliter
1926 2089 1994 2163 boo

576 2213 774 2306 exemplum
797 2212 844 2286 ad
869 2213 956 2286 illud
979 2213 1193 2286 autenticum
1217 2234 1288 2285 uua
1315 2235 1397 2286 oum
1414 2212 1620 2285 Franciscbo
1644 2212 1785 2304 Ugoliui
1810 2223 1846 2285 at
1863 2211 1992 2286 Giuuta

574 2331 676 2404 bussi
701 2333 843 2406 uetanis
858 2333 1051 2408 abscultavi
1068 2343 1104 2409 et
1117 2333 1224 2408 nichil
1238 2335 1317 2432 plus
1334 2334 1370 2406 in
1386 2355 1457 2407 uuo
1470 2355 1577 2427 quam
1597 2334 1634 2405 in
1652 2333 1722 2406 alio
1737 2333 1890 2407 vidimus
1907 2355 1992 2408 cou-

576 2455 695 2548 tiueri;
727 2456 821 2531 unde
848 2458 895 2532 ad
922 2461 1089 2552 majorem
1110 2457 1215 2532 fidem
1239 2457 1321 2530 bino
1339 2455 1492 2530 dandam
1517 2457 1694 2553 publicavi
1718 2467 1755 2531 et
1777 2458 1989 2554 subscripsi,

575 2581 610 2652 iu
630 2603 722 2656 euno
738 2584 874 2657 Domini
892 2585 1074 2659 millesimo
1092 2584 1156 2658 CC.
1171 2585 1302 2676 XLVII,
1318 2581 1506 2657 indictione
1520 2593 1637 2676 sexta,
1657 2583 1716 2656 die
1731 2583 1809 2656 xvt
1826 2582 1993 2658 kalendas

575 2705 787 2780 novembris.

517 3289 525 3313 ‚
627 3203 861 3308 FridericuS,
885 3147 1146 3286 Romanorum
1171 3201 1396 3309 imperetur,
1425 3197 1616 3280 Friderico
1644 3195 1765 3280 Grillo
1791 3205 1829 3278 et
1853 3195 1990 3278 loanni

433 3322 482 3356 “¹¹¹
511 3343 518 3358 ·
575 3335 858 3446 striggiaporoo
882 3333 1087 3442 capitaneis
1109 3333 1281 3416 fidelium
1309 3357 1468 3414 suorum
1493 3329 1741 3413 Januensium
1770 3327 1924 3410 nuntiet
1951 3353 1991 3410 se

574 3469 623 3552 de
658 3467 770 3551 celeri
806 3467 997 3549 deditione
1033 3466 1232 3550 Fauentiae
1264 3465 1346 3574 jam
1388 3487 1566 3546 seoumn
1599 3461 1827 3566 Henrioum,
1866 3459 1990 3543 filium

574 3627 709 3710 suum,
737 3600 776 3680 in
804 3599 1074 3683 Lomberdiom
1101 3598 1343 3707 praemisisse
1371 3598 1421 3679 ad
1449 3595 1757 3706 praeparandum
1782 3593 1990 3676 exercitum

573 3745 706 3819 contre
726 3731 906 3841 rebelles,
931 3731 1156 3840 dedisseque
1177 3729 1217 3811 in
1240 3729 1433 3813 mandetis
1455 3728 1602 3814 Marino
1624 3730 1672 3811 de
1688 3725 1813 3810 Ebulo
1832 3751 1855 3807 e
1872 3725 1991 3834 Papia

573 3865 747 3975 superius
768 3865 910 3948 vicarm
928 3875 966 3946 et
984 3861 1122 3946 Uberto
1141 3862 1368 3946 Pellevioinu
1384 3861 1526 3945 vicario
1548 3861 1588 3942 in
1614 3859 1837 3968 Lunegieue
1854 3859 1905 3940 de
1930 3843 2004 3940 la-¹

572 3999 706 4082 cienda
725 4023 863 4108 guerra
885 3995 1091 4079 rebellibus
1109 3993 1382 4100 leunensibus,
1411 4003 1450 4076 et
1473 4017 1573 4104 quae
1599 3992 1794 4076 Ausoldus
1820 3991 1869 4074 de
1894 3990 1988 4074 Mari

573 4131 682 4242 regui
705 4131 855 4214 Siciliae
881 4129 1093 4214 admiratus
1121 4127 1193 4211 sibi
1220 4153 1268 4211 ex
1297 4151 1430 4212 eorum
1460 4135 1568 4235 parte
1592 4124 1732 4208 dixerit
1757 4123 1989 4207 intellexisse

573 4264 788 4374 diligenter.

653 4449 778 4530 (luedit.
793 4465 833 4511 ex
846 4449 921 4510 libro
933 4450 1064 4526 jurium,
1079 4447 1144 4510 cod.
1160 4463 1243 4526 perg.
1263 4445 1342 4508 Blbl.
1360 4447 1442 4507 uuir.
1458 4444 1548 4518 Gen„
1563 4444 1617 4506 lol.
1634 4453 1705 4519 tou,
1719 4459 1817 4506 vomo.
1832 4475 1875 4488 —
1887 4441 1988 4504 bllum

690 4573 761 4618 roro
774 4563 904 4616 correcte
917 4571 967 4631 ap.
982 4554 1169 4626 Sournrrm„
1184 4549 1292 4614 nouat
1310 4547 1406 4613 mbr.
1417 4547 1578 4626 «litlebec,
1589 4551 1649 4612 llo.
1665 4551 1698 4611 ln
1708 4549 1785 4612 Blbl.
1798 4551 1890 4628 berb,
1900 4547 1986 4627 bru,

690 4659 1065 4740 mmmmm&

619 4821 824 4913 Friderious,
845 4821 908 4893 llei
922 4820 1032 4916 gratia
1050 4819 1280 4892 Romanorum
1297 4817 1482 4913 imperator
1497 4835 1632 4912 semper
1646 4825 1830 4910 augustus,
1849 4814 1984 4887 lerusa·
