4384 6004
242 637 344 697 lnnrcr.
364 635 425 712 lt]
694 633 890 696 HISTORIA
910 628 1205 702 ,DIPLOMATthb
1573 629 1648 690 1057

241 769 284 840 iis
310 769 458 863 compati
485 768 623 860 longius
648 789 861 860 cogeremur.
887 769 1129 840 Verumtamen
1157 760 1253 856 quod
1277 760 1430 833 nondum
1452 762 1487 831 in
1512 762 1578 835 hoc
1601 777 1652 838 est

240 891 414 964 nostriset
429 890 551 962 vestris
568 890 747 962 desideriis
762 893 986 978 satisfactum,
1001 898 1111 985 preter
1125 907 1288 960 arcanum
1301 884 1518 980 providentie
1534 886 1652 962 divine

241 1015 425 1088 consilium
440 1013 535 1108 qnod
548 1015 837 1110 comprehendere
854 1015 1050 1087 mortalium
1067 1031 1168 1084 nemo
1187 1019 1312 1104 potest,
1330 1017 1461 1080 certum
1480 1019 1532 1082 est
1551 1011 1651 1084 vobis

240 1133 410 1210 indicium
427 1137 521 1230 quod
537 1137 652 1209 adbuc
665 1158 729 1210 vos
747 1139 891 1232 probare
907 1138 1079 1232 disponat,
1095 1147 1133 1206 ut
1150 1133 1231 1206 fidei
1248 1142 1361 1204 vestre
1373 1134 1529 1226 probatio
1543 1137 1650 1207 multo

239 1261 418 1355 pretiosior
434 1282 519 1332 auro
533 1261 628 1354 qnod
646 1239 836 1354 perignem
854 1262 1034 1355 probatur,
1049 1258 1244 1329 inveniatur
1263 1255 1298 1326 in
1313 1255 1452 1328 laudem
1462 1265 1497 1327 et
1508 1257 1649 1350 gloriam

239 1393 274 1454 et
290 1383 468 1455 honorem.
486 1385 554 1454 Vos
578 1405 661 1476 ergo
675 1383 764 1456 siout
780 1385 846 1455 viri
865 1383 1000 1455 virtutis
1014 1391 1048 1454 et
1064 1380 1189 1474 gratie,
1211 1379 1425 1451 considerato
1444 1373 1546 1474 prout
1563 1403 1650 1452 con-

237 1508 335 1578 venit
355 1507 537 1599 diiigenter
559 1529 664 1601 qnam
688 1507 822 1600 grande
840 1529 1013 1602 quamque
1032 1506 1184 1578 solemne
1203 1502 1296 1598 apud
1313 1524 1432 1576 omnes
1445 1513 1565 1596 gentes
1583 1505 1650 1576 iac

237 1639 310 1701 tnm
331 1631 376 1702 sit
393 1633 581 1704 constantie
598 1639 710 1703 vestre
726 1653 871 1719 nomen,
894 1639 1107 1724 quantumve
1125 1627 1261 1698 virtutis
1283 1635 1317 1698 et
1336 1627 1442 1720 glorie
1463 1630 1649 1700 vestre'ac·

238 1755 385 1826 creverit
400 1755 546 1845 civitati,
561 1753 783 1844 accingimini
795 1765 830 1824 et
843 1763 951 1825 estote
962 1753 1022 1823 titii
1037 1761 1206 1846 potentes,
1225 1749 1395 1822 civitatem
1412 1750 1521 1844 ipsam
1536 1759 1570 1822 et
1587 1773 1649 1824 vos

237 1874 328 1970 ipsos
343 1877 486 1947 viriliter
504 1876 742 1966 defendendo,
759 1899 800 1949 ac
823 1878 898 1948 loca
915 1873 1041 1948 tutiora
1057 1884 1248 1964 servantes,
1268 1873 1324 1944 illa
1339 1874 1376 1944 in
1392 1874 1519 1967 quibus
1535 1884 1649 1968 posset

239 2021 313 2071 esse
327 1999 520 2094 pericnlum
539 2000 674 2072 cautius
697 1999 848 2091 evitetis,
877 2000 989 2071 securi
1012 1999 1108 2093 quod
1131 1999 1167 2070 in
1191 1998 1349 2092 proximo
1373 2007 1486 2070 actore
1504 1999 1648 2072 Domino

238 2124 456 2217 reportabitis
481 2124 668 2218 gloriosum
694 2123 739 2195 de
766 2123 905 2216 lugubri
931 2121 1121 2194 calamitate
1148 2111 1366 2192 successum.v
1388 2120 1544 2192 Ceterum
1567 2143 1646 2194 cum

237 2245 383 2340 quidam
397 2247 591 2319 decivitate
607 2247 774 2342 predicta,
788 2247 876 2318 sicut
889 2265 957 2316 non
972 2246 1105 2338 absque
1115 2245 1221 2314 multa
1235 2242 1427 2316 turbatione
1444 2242 1643 2333 didicimus,

235 2370 435 2464 pestilentes
460 2371 581 2465 spiritu
610 2372 780 2444 diabolico
803 2370 960 2443 concitati
986 2369 1032 2442 ad
1052 2369 1200 2440 civitatis
1225 2367 1378 2460 ejusdem
1402 2369 1645 2452 exterminium

236 2492 467 2581 intendentes,
486 2493 597 2586 ipsam
612 2493 647 2564 in
667 2515 790 2565 manus
805 2494 955 2564 hostium
971 2491 1116 2588 prodere
1130 2492 1331 2594 niterentur,
1352 2491 1432 2595 quia
1450 2467 1645 2586 proditione

235 2616 382 2688 Domino
393 2616 538 2688 iaciente
549 2605 684 2688 'demota
699 2618 779 2710 iuge
796 2617 984 2711 presidium
1002 2614 1048 2688 de
1063 2616 1222 2687 manibus
1242 2614 1366 2686 vestris
1385 2613 1512 2710 eripuit
1525 2616 1643 2710 prodi-

235 2748 344 2825 tores,
369 2760 433 2812 vos
456 2733 707 2811 communicato
727 2739 871 2810 consilio
891 2738 1058 2811 statuistis
1079 2749 1116 2808 ut
1137 2737 1348 2832 proditorum
1372 2737 1521 2831 ipsorum
1545 2738 1644 2811 bonis

235 2861 396 2934 omnibns
411 2862 620 2947 confiscatis,
638 2873 707 2934 mm
731 2864 797 2956 ipsi
814 2857 924 2956 quani
938 2885 1059 2935 eorum
1082 2861 1227 2934 heredes
1245 2883 1422 2955 nunquam
1440 2861 1487 2934 ad
1510 2883 1643 2955 regres-

235 3008 311 3058 sum
340 2987 487 3058 civitatis
510 2987 675 3077 jamdicta
699 2987 735 3056 in
762 2997 967 3080 perpetuum
992 2986 1234 3076 admittantur,
1265 3006 1327 3057 nos
1354 2984 1583 3079 pmditionem
1609 2997 1644 3059 et

234 3109 424 3202 proditores
450 3109 539 3180 sicut
563 3108 724 3182 convenit
749 3108 976 3197 detestantes,
1000 3118 1165 3181 statutum
1183 3107 1381 3201 hujusmodi
1400 3109 1543 3202 provide
1567 3109 1643 3180 iac-

234 3239 307 3302 tum
328 3232 531 3304 auctoritate
551 3231 734 3325 apostolica
752 3231 995 3303 confirmamus
1018 3241 1052 3304 et
1070 3232 1237 3326 presentis
1259 3231 1376 3326 scripti
1399 3221 1527 3325 pagina
1542 3255 1635 3306 com·

234 3354 419 3426 munimus.

281 3477 406 3550 Datum
423 3477 597 3569 Laterani,
619 3477 735 3550 idibus
751 3478 915 3569 octobris,
931 3498 1022 3550 anno
1038 3477 1127 3548 XIV.

284 4035 412 4118 Mense
446 4035 649 4118 novembre
680 4035 818 4118 iratres
847 4037 1124 4145 praedicatores
1157 4049 1193 4119 et
1224 4037 1390 4120 minores
1425 4064 1559 4124 omnes
1590 4045 1638 4127 de
1689 4067 1815 4115 Novata·

230 4191 349 4276 regno
375 4175 514 4250 exeunt
541 4167 769 4274 imperatore
795 4169 1020 4272 mandante,
1049 4168 1200 4252 duobus
1227 4180 1376 4252 tantum
1404 4171 1543 4254 relictis
1570 4173 1637 4282 qui

230 4297 305 4380 sint
332 4298 380 4380 de
408 4324 528 4408 regno
555 4299 673 4382 nativi
691 4300 729 4380 in
757 4300 919 4410 singulis
946 4300 1162 4410 quibusque
1188 4301 1342 4384 illorum
1366 4303 1562 4412 domibus,
1587 4307 1637 4387 ad

229 4430 442 4512 custodiam
464 4434 698 4514 earumdem.
720 4432 817 4514 lticc.
840 4437 885 4512 de
904 4442 943 4515 S.
971 4441 1091 4515 Germ.
1114 4434 1284 4516 chronic.
1302 4436 1352 4516 ad
1370 4462 1460 4517 ann.
1481 4485 1535 4498 -
1552 4438 1635 4522 Ve-

229 4562 340 4644 netici
362 4562 402 4642 in
431 4563 609 4671 Apuliam
638 4564 873 4648 intmverunt
903 4565 1071 4648 civitates
1103 4578 1139 4648 et
1167 4566 1251 4648 loca
1277 4567 1386 4676 juxta
1414 4594 1519 4653 mare
1543 4571 1635 4656 sitas

230 4695 522 4803 depraedantes,
549 4706 587 4780 et
612 4697 726 4781 etiam
754 4699 851 4781 duas
881 4723 996 4781 naves
1023 4699 1259 4808 imperatoris
1286 4701 1326 4782 in
1358 4702 1499 4810 quibus
1523 4705 1634 4788 multi
