4564 6038
476 657 555 717 nm
998 655 1183 718 counanr
1209 654 1361 726 ounnrr
1700 661 1778 746 [sss.
1799 666 1892 730 rsas.

473 813 578 864 sensu
593 799 627 864 ot
640 792 817 865 voluntate
830 792 1078 885 vendiderunt,
1093 793 1208 888 ipsum
1223 791 1365 866 feodum
1379 793 1415 864 in
1429 815 1554 867 manus
1569 803 1703 869 nostras
1716 809 1751 870 et
1761 798 1895 874 domini

473 914 653 990 Ludewici
672 915 831 988 advocati
848 916 894 996 de
907 917 1154 992 tiethenberch
1170 924 1206 988 et
1219 915 1350 990 domini
1364 918 1514 991 Heinrici
1531 921 1649 992 militis
1662 920 1708 995 de
1721 923 1892 1000 Ulecken·

472 1041 558 1115 stein
578 1039 730 1112 bdelium
754 1041 886 1114 domini
907 1041 1123 1136 imperatoris
1144 1042 1370 1133 resignantes.
1389 1041 1432 1113 m
1445 1050 1484 1114 ut
1505 1042 1598 1115 idem
1624 1045 1765 1118 leodum
1788 1047 1894 1122 rebus

471 1165 709 1260 imperialibus
721 1165 823 1258 plene
839 1175 1170 1259 recompensaretur,
1186 1163 1362 1260 predictus
1376 1166 1475 1237 miles
1494 1164 1657 1239 dominus
1669 1169 1842 1243 Walterus
1859 1183 1895 1245 et

472 1289 594 1362 lratres
617 1289 671 1360 sui
695 1287 874 1382 quoddam
900 1289 1067 1361 allodium
1085 1311 1224 1378 eorum,
1251 1288 1412 1361 videlicet
1436 1299 1572 1384 pratum
1595 1292 1632 1362 in
1655 1291 1772 1366 banuo
1787 1295 1894 1367 Utin-

471 1413 603 1504 boven,
616 1411 808 1486 secundum
822 1413 1074 1487 estimationem
1087 1412 1297 1509 prudentum
1317 1414 1468 1485 virorum
1486 1414 1568 1486 satis
1585 1416 1663 1508 plus
1680 1419 1812 1508 valens,
1832 1441 1895 1514 per

470 1559 613 1610 manum
633 1545 784 1611 nostram
805 1546 840 1610 et
856 1539 1066 1633 prelatorum
1085 1536 1236 1610 duorum
1252 1537 1383 1610 scilicet
1401 1537 1532 1610 domini
1548 1538 1728 1615 ludewici
1747 1541 1791 1614 de
1809 1542 1894 1616 Lic-

470 1661 658 1736 tbenbercb
672 1673 707 1735 et
719 1661 851 1735 domini
867 1661 1018 1734 Heinrici
1034 1661 1079 1735 de
1094 1661 1332 1734 Uleckenstein
1345 1661 1380 1733 in
1400 1661 1539 1736 leodum
1557 1663 1735 1758 imperiale
1751 1688 1892 1762 recepe-

470 1793 564 1860 runt.
584 1785 646 1860 Coi
661 1785 849 1859 venditioni
867 1795 901 1859 et
920 1786 1230 1882 recompensationi
1249 1807 1314 1858 nos
1332 1785 1377 1858 de
1394 1785 1539 1860 consilio
1554 1785 1708 1861 fidelium
1727 1791 1891 1885 imperia·

470 1909 555 1982 lium
567 1931 747 1982 assensum
759 1909 976 2003 adhibentes,
989 1915 1047 2003 jus
1056 1911 1137 1983 ville
1149 1919 1183 1983 et
1193 1910 1298 1982 banni
1311 1911 1347 1982 in
1359 1910 1601 1984 Douchindorl
1604 1914 1738 2006 prelato
1747 1914 1892 1988 domino

470 2033 589 2106 abbati
604 2043 637 2106 et
649 2034 833 2107 conventui
850 2033 895 2106 de
908 2033 1158 2107 Nuwenburcb
1169 2035 1247 2106 vice
1263 2032 1396 2130 domini
1409 2035 1622 2128 imperatoris
1635 2037 1892 2128 assignavimus

469 2167 637 2253 perpetuo
664 2167 699 2231 et
721 2157 829 2230 libore
851 2157 1122 2252 possidendum,
1150 2159 1185 2228 in
1213 2159 1293 2230 lacti
1318 2158 1517 2230 memoriam
1544 2169 1738 2254 presentem
1763 2171 1890 2234 cartam

470 2293 586 2356 nostro
611 2283 724 2376 sigillo
750 2282 964 2354 roborantes.
991 2281 1076 2353 Acta
1104 2291 1186 2353 snut
1210 2281 1274 2352 hec
1299 2302 1391 2353 anno
1412 2282 1549 2353 Domini
1565 2283 1612 2355 bl.
1629 2283 1693 2354 CC.
1712 2285 1888 2375 xxxvii,

470 2407 686 2502 presentibus
703 2415 738 2478 ot
754 2405 1016 2478 consulentibus
1027 2405 1160 2499 imperii
1178 2403 1355 2494 lidelibus,
1371 2405 1537 2478 videlicet
1548 2405 1689 2479 domino
1702 2409 1891 2481 Ludewico

470 2529 516 2600 de
538 2528 785 2602 Liethenbercb
803 2528 988 2617 advocato,
1007 2528 1322 2601 dominolleinrico
1338 2529 1446 2602 milite
1461 2528 1507 2603 ds
1527 2529 1782 2622 Uleckenstein‚
1801 2553 1890 2626 quo·

470 2677 545 2723 rum
566 2665 599 2724 et
618 2655 729 2748 sigilla
744 2653 855 2725 eidem
876 2661 969 2724 carte
987 2653 1022 2722 in
1042 2654 1273 2724 testimonium
1293 2663 1374 2724 sunt
1391 2674 1555 2747 appensa.
1578 2653 1732 2727 Aderant
1750 2677 1890 2748 quoqne

471 2777 632 2848 dominus
645 2779 761 2848 Simon
780 2776 871 2848 lilius
887 2777 1017 2849 domini
1035 2776 1224 2848 Burobardi
1236 2777 1397 2849 advocati
1415 2776 1460 2849 de
1476 2776 1757 2868 Geroltesbecho,
1777 2778 1889 2851 domi·

471 2923 536 2973 uus
559 2902 740 2974 Heinricus
756 2911 790 2972 et
809 2900 972 2974 dominus
987 2899 1149 2974 Albertus
1171 2901 1292 2971 fratres
1310 2901 1356 2973 de
1370 2901 1597 2992 Hebenstein,
1615 2900 1777 2972 dominus
1794 2901 1889 2974 Wol-

469 3036 564 3098 terus
576 3025 674 3098 miles
685 3025 730 3098 de
739 3023 1217 3116 Bsrwartenstein,dominus
1225 3025 1345 3120 lloppo
1357 3025 1524 3116 notarius,
1536 3023 1698 3098 dominus
1707 3025 1890 3098 Wicbsrus

469 3149 642 3240 notorius,
660 3148 876 3221 Wolvclinus
894 3147 1059 3220 scultetus
1077 3147 1122 3221 de
1135 3147 1313 3241 Hagsnoa.

517 3272 586 3344 Nos
607 3271 712 3364 igitur
725 3270 770 3342 ds
792 3269 1007 3366 plenitudine
1026 3271 1159 3342 consilii
1172 3271 1296 3361 nostri,
1320 3269 1455 3343 devotis
1471 3271 1673 3344 corumdem
1697 3271 1834 3344 abbatis
1854 3281 1889 3344 et

469 3397 612 3470 fratrum
627 3394 672 3468 de
685 3393 934 3475 Nuvvcnburcb
949 3395 1259 3490 supplicationibus
1275 3395 1509 3467 favorabiliter
1519 3395 1686 3486 inclinati,
1698 3397 1801 3488 Juxta
1816 3395 1888 3468 lor-

469 3541 563 3590 mam
578 3519 766 3591 litterarum
781 3519 941 3614 superius
953 3539 1195 3613 expressarum
1210 3519 1461 3602 venditionem,
1476 3519 1684 3612 emptionem
1699 3529 1734 3592 et
1745 3541 1885 3613 permu-

469 3643 632 3715 tationem
651 3642 761 3737 ipsam
780 3643 816 3714 in
831 3641 994 3713 omnibus
1007 3641 1252 3736 approbantes,
1266 3639 1361 3736 qnod
1380 3661 1485 3736 super
1504 3641 1557 3713 bis
1573 3641 1701 3712 lactum
1716 3651 1769 3712 est
1781 3639 1886 3712 ratifi-

469 3787 590 3838 camus
604 3765 736 3840 domini
751 3773 786 3838 et
801 3764 908 3860 patris
924 3764 1032 3837 nostri
1045 3773 1080 3837 ct
1099 3775 1214 3837 nostra
1228 3767 1444 3837 auctoritate.
1460 3765 1503 3837 Ut
1518 3773 1634 3836 autem
1649 3763 1693 3837 de
1709 3763 1887 3858 premissis

468 3889 564 3961 nulla
584 3888 620 3960 in
637 3898 811 3982 posterum
828 3888 938 3983 possit
961 3888 1157 3982 calumpnia
1178 3887 1348 3971 suboriri,
1374 3896 1570 3982 presentem
1594 3886 1755 3980 paginam
1783 3883 1885 3978 sigilli

469 4013 576 4085 nostri
594 4013 786 4084 munimine
799 4012 944 4086 lecimus
958 4011 1125 4084 roborari.

516 4137 634 4209 Testes
655 4136 761 4229 hujus
781 4138 829 4210 rei
848 4144 931 4207 sunt
945 4133 1152 4208 Godelridus
1170 4133 1216 4208 de
1235 4134 1456 4220 llobsnlocb,
1475 4135 1594 4206 Simon
1616 4132 1662 4206 de
1681 4131 1887 4205 Gerolzecbs

468 4258 615 4353 nobiles,
633 4257 815 4332 Cunradus
829 4257 875 4332 de
890 4256 1085 4349 Smidelelt,
1101 4257 1273 4330 Walterus
1285 4257 1473 4352 imperialis
1490 4255 1585 4329 curie
1601 4257 1759 4328 notarius
1774 4264 1809 4326 et
1825 4275 1885 4327 ca·

466 4384 625 4479 pellauus
650 4381 714 4477 ll),
736 4383 917 4455 Heinricus
944 4381 991 4456 ds
1012 4379 1268 4473 Flsclreustsin,
1294 4381 1477 4454 lleinricus
1502 4381 1546 4455 de
1568 4378 1825 4476 Cropbesbercb
1850 4385 1887 4450 st

468 4507 526 4580 ulii
544 4507 781 4602 quamplures.

503 4679 539 4754 (ll
556 4677 742 4738 verisimiliter
758 4675 896 4735 Woltsrus
910 4675 942 4734 ds
955 4675 1038 4750 Ocra,
1053 4677 1118 4734 dum
1130 4677 1283 4735 Fridericus
1302 4677 1373 4766 inter
1393 4677 1498 4736 nobiles
1517 4674 1708 4750 Neapolitanos
1729 4679 1787 4731 tum
1799 4673 1881 4744 bunc,

467 4779 525 4833 bum
538 4775 613 4834 illum
628 4775 673 4834 cui
685 4773 830 4850 plurimum
842 4773 1008 4846 confidebat,
1023 4773 1057 4832 ad
1069 4773 1216 4834 mmtcdiaru
1228 4773 1275 4832 lilii
1287 4773 1330 4833 sui
1341 4775 1473 4848 deputare
1486 4775 1594 4833 soleret.
