4358 5996
526 691 605 754 1030
1021 699 1237 762 Ftttnutrtct
1264 700 1440 762 SECUNDl
1751 697 1830 784 [lin.
1847 699 1938 760 12⁴0.

525 825 605 900 dem
630 837 664 902 et
685 827 722 900 in
744 829 872 923 quibus
890 831 1106 925 potissimum
1126 834 1348 908 confidebunt
1369 843 1405 908 et
1429 833 1529 907 iactis
1550 831 1682 927 ubique
1704 833 1886 928 pontibus,
1902 833 1941 906 in

525 951 667 1024 instanti
692 954 861 1026 exercitui
884 964 999 1029 nostro
1018 957 1091 1048 jrrm
1115 959 1278 1032 facillima
1303 967 1433 1054 pataret
1456 957 1610 1050 undique
1633 957 1747 1051 ceptio
1771 957 1939 1050 civitatis,

525 1074 573 1148 ita
588 1075 684 1170 qood
700 1075 843 1170 quidam
862 1079 1061 1172 paucissimi
1074 1082 1120 1154 de
1135 1085 1293 1156 exercitu
1308 1091 1427 1155 nostro
1440 1101 1482 1154 ea
1497 1089 1593 1176 parte
1608 1101 1679 1173 quo
1698 1088 1809 1152 castra
1823 1090 1942 1153 nostra

525 1197 731 1270 suburbium
755 1199 998 1292 accingebant,
1020 1222 1224 1296 aggressum
1242 1204 1396 1276 subitum
1420 1201 1583 1274 iacientes
1601 1200 1807 1274 suburbium
1825 1203 1941 1296 ipsum

526 1321 563 1392 in
576 1332 749 1395 momento
760 1333 925 1418 ceperunt
938 1333 972 1397 et
985 1325 1227 1400 submiserunt
1239 1326 1418 1410 incendiu;
1433 1335 1468 1398 et
1480 1326 1531 1398 sic
1544 1346 1623 1396 cum
1640 1324 1686 1397 de
1699 1325 1841 1398 instanti
1853 1326 1941 1398 civi·

526 1443 604 1516 tatis
623 1455 767 1542 captura
784 1447 880 1518 nulla
893 1448 1034 1542 penitus
1055 1449 1215 1524 dubietas
1228 1451 1432 1542 haberetur,
1452 1449 1566 1522 statim
1584 1448 1792 1522 universitas
1803 1450 1941 1525 liuven-

526 1569 722 1642 natensium
744 1569 791 1644 ad
818 1570 926 1673 pedes
952 1583 1086 1646 nostros
1114 1575 1260 1648 nuncios
1284 1595 1367 1648 suos
1382 1573 1626 1662 destinarunt,
1654 1582 1806 1644 nostram
1832 1572 1942 1644 lacri-

527 1693 697 1766 mabiliter
721 1693 993 1768 misericordiam
1015 1695 1255 1792 implorantes,
1281 1708 1316 1770 et
1340 1697 1462 1770 dantes
1488 1695 1727 1768 universaliter
1747 1706 1782 1768 et
1806 1696 1942 1790 precise

527 1839 708 1912 personas,
723 1817 899 1892 civitatem
916 1829 950 1890 et
965 1841 1029 1892 sua
1051 1820 1097 1893 ed
1117 1822 1234 1894 omnia
1258 1830 1373 1894 nostra
1392 1819 1607 1916 beneplacita
1619 1809 1661 1891 'et
1675 1818 1851 1891 mandata.
1871 1819 1941 1892 Nos

526 1951 643 2014 autem
658 1941 720 2037 qui
735 1939 781 2015 de
798 1941 916 2014 innata
938 1943 1037 2016 nobis
1063 1945 1243 2016 clementia
1260 1943 1436 2040 parcendo
1455 1943 1557 2014 uictis
1572 1942 1715 2014 vincere
1732 1941 1937 2035 gloriamur,

527 2073 597 2138 um
611 2066 790 2138 contritam
804 2063 957 2160 ipsorum
974 2066 1196 2161 penitentiam
1211 2067 1438 2160 attendentes,
1455 2065 1711 2139 considerantes
1725 2064 1830 2138 ctiam
1845 2065 1942 2159 quod

527 2188 743 2264 Ravennates
763 2190 923 2286 specialis
944 2191 1093 2286 populus
1116 2211 1192 2265 esse
1214 2201 1468 2266 consueverunt
1488 2189 1624 2286 im‘perii
1644 2199 1679 2264 et
1695 2189 1795 2262 inriti
1812 2210 1854 2262 ac
1876 2188 1941 2263 do-

526 2313 634 2386 lentes
649 2335 671 2386 a
688 2313 788 2386 nobis
801 2323 1014 2386 recesserant
1028 2325 1171 2408 cogente
1182 2315 1317 2388 malicia
1334 2336 1589 2410 perversorum,
1609 2313 1702 2408 ipsos
1716 2321 1751 2384 et
1766 2311 1942 2386 civitatem

526 2437 602 2510 sole
624 2435 725 2509 nobis
749 2435 877 2532 pietate
901 2445 1109 2532 suggerente
1132 2423 1325 2532 recepimus
1346 2446 1381 2510 st
1402 2435 1584 2509 babemus.
1604 2435 1648 2508 Et
1671 2455 1752 2508 eccs
1776 2433 1872 2528 quod
1894 2433 1943 2508 ad

527 2557 797 2634 destructionem
805 2559 973 2650 Bononio,
985 2559 1074 2633 sicut
1087 2557 1176 2632 lirmi
1188 2560 1353 2656 propositi
1365 2559 1472 2633 nostri
1485 2568 1550 2648 est,
1565 2558 1707 2632 feliciter
1719 2567 1755 2631 at
1767 2557 1804 2628 in
1816 2579 1943 2652 magna

526 2684 680 2780 potentie
696 2703 932 2779 properamus.
952 2683 1115 2757 Nolentes
1131 2693 1246 2757 tamen
1264 2683 1302 2757 id
1317 2682 1493 2757 modicum
1506 2681 1604 2778 quod
1617 2681 1772 2755 medium
1785 2691 1837 2754 est
1854 2679 1943 2754 fids-

527 2805 619 2880 libus
633 2808 758 2880 nostris
770 2807 981 2904 oppositum,
992 2807 1155 2882 Ferentio
1164 2807 1338 2880 civitatem
1353 2807 1515 2880 intactum
1528 2815 1607 2902 post
1619 2815 1715 2900 terga
1731 2805 1939 2900 relinquere,

527 2931 565 3004 in
577 2951 655 3006 eam
670 2931 829 3027 primitus
838 2930 991 3004 victricia
1010 2930 1110 3025 signa
1123 2940 1242 3006 nostre
1257 2929 1473 3028 disponimus
1490 2927 1735 3018 convertenda,
1746 2928 1807 3000 ubi
1826 2929 1943 3001 certis·

527 3055 615 3128 sime
630 3053 805 3128 credimus
815 3053 904 3128 inlru
918 3073 1046 3149 paucos
1061 3053 1137 3128 dies
1154 3065 1305 3129 nostram
1323 3075 1486 3151 peragere
1498 3055 1722 3126 voluntatem.
1740 3053 1810 3126 llus
1826 3061 1942 3125 autem

527 3199 631 3275 super
655 3177 723 3250 biis
746 3177 908 3251 omnibus
931 3176 1186 3271 congaudendo
1213 3177 1306 3252 circe
1330 3187 1446 3252 nostra
1473 3177 1613 3252 servitia
1637 3175 1821 3270 diligenter
1847 3195 1944 3249 more

528 3303 630 3376 solito
643 3301 809 3375 insistatis
826 3311 957 3396 quanto
975 3301 1076 3375 vobis
1090 3302 1284 3398 specialiter
1301 3311 1336 3374 et
1351 3301 1485 3376 cunctis
1501 3299 1662 3375 fidelibus
1683 3299 1790 3373 nostri
1807 3297 1942 3393 imperii

528 3447 576 3500 ex
596 3425 687 3498 felici
704 3443 869 3520 processu
887 3432 1023 3512 nostro,
1042 3425 1079 3497 in
1100 3425 1310 3500 exaltatione
1326 3426 1434 3499 nostri
1449 3425 1598 3498 nominis
1613 3433 1648 3496 et
1663 3422 1824 3514 honoris,
1843 3442 1943 3494 oom-

529 3547 624 3622 modi
642 3547 822 3644 proveniet
844 3548 1112 3642 incrementum,
1130 3548 1317 3624 rebellibus
1341 3549 1468 3623 nostds
1488 3549 1524 3621 in
1541 3549 1670 3622 virtuto
1685 3547 1792 3620 nostri
1810 3543 1942 3619 bruchii

530 3670 606 3746 sine
621 3669 730 3744 dubio
745 3667 937 3767 perituris(
959 3669 986 3766 ).

340 4196 492 4294 ,lgm
584 4177 814 4304 FridericuS,
833 4177 1095 4262 Romanorum
1112 4177 1335 4287 imperator,
1353 4177 1464 4264 Petro
1481 4175 1530 4259 de
1549 4167 1724 4256 Calabria
1737 4163 1942 4278 justitiario

348 4303 424 4346 lieren
442 4315 484 4351 ee.

348 4357 374 4400 ⁸¹
385 4305 482 4410 ''⁸²¹³-
573 4366 615 4448 (α)
637 4368 736 4445 liuius
748 4365 889 4443 eplstolae
903 4365 999 4427 cauda
1011 4365 1351 4428 direrselncodiceblss
1361 4371 1432 4438 455,
1443 4361 1687 4425 exblbcturetlta
1694 4359 1781 4418 sonet
1795 4368 1804 4415 r
1816 4371 1833 4410 e
1846 4352 1942 4429 Quare

532 4471 567 4536 de
580 4471 636 4534 itti
649 4473 755 4534 nostrie
767 4467 937 4533 moerebo
954 4469 1163 4554 conpuudeotce
1179 4471 1220 4532 ric
1237 4471 1278 4533 ud
1298 4467 1503 4532 uomendum
1522 4459 1870 4528 musmo-otonem
1886 4473 1940 4516 ce-

522 4580 619 4659 fortio
622 4625 634 4658 ,
648 4580 724 4640 deut
729 4577 798 4660 jam
808 4575 919 4658 pluries
932 4577 1142 4657 metuemus,
1155 4578 1321 4660 preparetis
1332 4583 1367 4640 ct
1378 4573 1421 4638 od
1431 4593 1479 4636 eor
1491 4571 1603 4636 litterar
1615 4587 1687 4654 qnae
1700 4567 1829 4628 misimur
1845 4559 1941 4625 snbre-

531 4693 653 4769 pueoter
671 4686 733 4746 eine
745 4684 919 4744 omniorum
931 4681 1057 4746 uirilius·
1069 4687 1192 4750 venietis
1196 4729 1207 4762 ,
1221 4683 1263 4748 art
1274 4685 1497 4748 amecurtem
1513 4677 1665 4744 rebelletur
1677 4672 1872 4758 pmiuuciaut
1884 4685 1940 4728 rto·
1991 4767 1999 4776 .

532 4789 1030 4876 mammosam.
