4384 6004
210 666 388 751 11110111]
661 666 858 728 1118101111
884 666 1177 728 utetottnttct.
1548 667 1622 728 1011

212 803 346 876 eisdem
370 801 534 897 expensis
556 809 591 874 et
614 800 790 874 laboribus
815 801 993 890 senciatis,
1021 825 1125 895 quaro
1154 803 1368 876 collationem
1396 801 1442 874 ad
1476 801 1626 896 requisi-

212 925 343 1000 tionem
361 934 397 998 et
415 923 664 998 ordinationem
684 923 825 1018 predicti
844 925 1004 997 blasuerii
1026 923 1137 996 fidelis
1153 926 1259 997 nostri
1276 927 1435 998 volumus
1455 923 1547 1015 fieri,
1567 924 1626 997 oui

212 1069 319 1142 super
334 1049 401 1122 hoo
421 1047 623 1120 mandatnm
646 1057 800 1120 nostrum
828 1047 1011 1140 dirigimus
1032 1071 1099 1142 per
1129 1058 1261 1122 nostras
1288 1049 1416 1120 litteras
1445 1049 1622 1142 speciales.

212 1171 339 1244 Milites
365 1179 480 1244 autom
506 1180 542 1243 et
567 1170 760 1260 balistarios
787 1171 848 1265 qui
869 1171 997 1244 morari
1022 1171 1150 1244 debent
1176 1172 1212 1242 in
1234 1171 1350 1244 Cumis
1380 1193 1441 1266 pro
1469 1171 1627 1246 custodia

214 1296 365 1369 civitatis
378 1306 413 1370 et
435 1306 628 1370 nostrorum
647 1297 827 1368 rebellium
846 1305 1069 1387 nocumento,
1083 1295 1288 1370 Teutonicos
1300 1297 1561 1384 essevolumus,
1582 1299 1627 1370 de

212 1440 363 1513 quornm
378 1429 522 1515 experta
539 1419 662 1494 militia
681 1420 875 1515 specialiter
892 1417 1135 1492 confidentiam
1149 1419 1300 1512 gerimus
1313 1427 1348 1491 et
1367 1419 1548 1508 babemus,
1566 1419 1628 1514 qni

213 1563 388 1637 expensas
410 1553 445 1616 11
472 1543 590 1616 01111
610 1544 805 1618 necessaria
831 1543 1010 1618 habebunt
1034 1543 1198 1616 continue
1219 1552 1255 1616 et
1275 1543 1350 1614 sine
1372 1543 1508 1616 delecto
1535 1565 1629 1637 quu-

213 1666 315 1757 libet,
345 1676 448 1762 prout
471 1666 716 1739 mandavimus
738 1666 897 1742 Conrado
917 1667 1098 1740 karissimo
1120 1665 1191 1738 filio
1210 1667 1379 1738 nostruin
1398 1667 1626 1739 Romanorum

139 1787 146 1794 “
213 1811 333 1882 regem
351 1791 460 1863 electo
477 1799 513 1862 et
532 1792 632 1883 regni
654 1791 926 1887 lemsolymitani
948 1789 1068 1862 heredi
1088 1800 1123 1862 et
1144 1789 1348 1862 officialibus
1370 1791 1512 1880 nostris,
1533 1791 1629 1884 quod
1714 1807 1716 1812 ·

213 1915 419 1988 mandatnm
437 1923 590 1987 nostrum
609 1915 684 1988 sine
701 1914 839 1989 deiectu
856 1915 1011 2010 quolibet
1025 1924 1272 2008 exsequentur,
1292 1923 1331 1984 11
1348 1935 1409 2008 per
1427 1935 1543 1986 rerum
1564 1937 1630 1988 ne-

212 2039 403 2112 cessarium
418 2038 592 2110 deiectum
610 2039 711 2110 vobis
726 2060 795 2110 non
809 2038 899 2112 desit
914 2039 1072 2111 custodia
1084 2037 1246 2132 diligens,
1265 2046 1300 2108 et
1312 2037 1507 2132 proditores
1524 2039 1629 2112 nostri

213 2183 304 2255 qnos
319 2159 480 2256 persequi
494 2159 735 2234 desideramus
748 2161 944 2250 instantius,
966 2162 1011 2232 ab
1027 2161 1182 2255 ipsorum
1201 2160 1374 2232 continuis
1387 2160 1632 2233 afflictionibus

214 2305 284 2356 non
305 2283 487 2378 respirent.
505 2286 557 2358 De
574 2285 663 2356 iacto
685 2285 789 2356 Leuci
807 2294 842 2357 et
858 2283 1013 2378 ejusdem
1030 2285 1116 2358 llius
1136 2285 1279 2378 Beligne
1298 2281 1346 2380 (u)
1369 2283 1629 2377 antevenire,

213 2427 297 2480 ecoe
314 2407 500 2482 scribimus
515 2407 662 2482 Iohanni
688 2407 734 2481 de
752 2407 881 2481 Audito
902 2409 1082 2503 capitaneo
1103 2416 1139 2480 et
1160 2409 1311 2504 ipsarum
1331 2416 1498 2480 terrarum
1522 2417 1632 2482 recto·

213 2530 313 2603 ribus
336 2530 423 2626 qnid
447 2552 511 2626 pro
529 2553 649 2604 earum
668 2532 800 2604 salubri
821 2531 979 2607 custodia
1000 2533 1071 2606 sint
1095 2533 1234 2623 lautnri;
1259 2532 1386 2626 quibus
1407 2530 1455 2604 ad
1478 2533 1634 2626 requisi-

214 2653 345 2726 tionem
364 2675 482 2726 eorom
501 2654 698 2750 prestabitis
717 2655 908 2744 auxilinm,
925 2655 1155 2728 consiliumet
1171 2653 1344 2744 savorem,
1362 2652 1511 2747 qualiter
1527 2675 1634 2728 man-

215 2775 338 2850 datum
355 2780 460 2883 nostri
477 2779 639 2851 culminis
653 2787 886 2873 exequantur.
908 2780 958 2852 De
980 2778 1266 2873 possessionibus,
1286 2777 1424 2869 juribus
1439 2786 1474 2849 11
1494 2769 1633 2850 creditis

214 2901 460 2994 ecclesiarum,
477 2899 658 2976 hominum
677 2913 711 2976 11
734 2903 999 2976 universitatum
1018 2903 1205 2976 Mediolani
1232 2923 1301 2997 qne
1324 2911 1405 2974 sunt
1432 2903 1468 2973 in
1494 2903 1633 2976 civitate

214 3021 370 3096 Cumana
387 3035 422 3097 et
438 3025 678 3119 jurisdictione
696 3049 761 3099 sua
779 3037 814 3100 et
829 3009 913 3100 dari
928 3027 1029 3100 vobis
1047 3048 1109 3122 pro
1129 3025 1286 3100 subsidio
1303 3025 1451 3099 civitab's
1476 3025 1630 3118 ejusdem

213 3169 235 3218 a
270 3157 387 3220 nostra
417 3147 653 3222 munificentia
681 3151 855 3244 peciistis,
882 3151 984 3225 vobis
1011 3151 1121 3222 taliter
1158 3130 1408 3244 respondemus
1434 3124 1531 3243 'qnod
1559 3151 1632 3240 J'am

213 3271 461 3346 mandavimus
482 3271 637 3367 predicto
659 3274 830 3348 llasnerio
854 3273 947 3348 fideli
973 3283 1090 3347 nostro
1114 3283 1153 3345 ut
1180 3275 1334 3346 omnium
1358 3273 1528 3346 bonorum
1551 3294 1630 3368 pre·

214 3394 388 3468 dictorum
407 3405 596 3490 proventus
612 3397 791 3492 percipiat,
809 3399 845 3470 in
862 3399 1011 3472 civitatis
1028 3397 1220 3470 Cumarum
1235 3396 1402 3470 custodiis
1424 3405 1459 3470 ot
1480 3419 1632 3472 eommo-

214 3519 386 3592 ditatibus
404 3519 656 3614 expendendos
679 3547 688 3592 1
712 3523 915 3617 exeqotiuni
937 3533 1053 3596 autem
1078 3521 1336 3616 privilegiorum
1358 3531 1554 3596 nostrorum
1573 3523 1633 3595 in·

213 3642 394 3715 dnltornm
416 3643 622 3738 specialibus
647 3647 803 3740 personis
826 3647 976 3720 civitatis
997 3647 1124 3742 ipsius,
1152 3667 1302 3740 quorum
1329 3646 1584 3720 resecationem
1611 3670 1632 3722 1

214 3774 335 3838 nostra
357 3763 611 3860 magnificentia
629 3770 845 3862 postulastis,
866 3770 914 3844 ad
935 3771 1134 3864 petitionem
1158 3778 1308 3843 vestram
1329 3769 1549 3846 decrevimus
1571 3793 1630 3844 sn·

215 3886 474 3984 persedendum
491 3889 538 3964 ad
560 3911 700 3985 presens
722 3913 787 3966 neo
808 3893 911 3968 alicui
932 3893 1175 3966 oonoedamus.
1200 3896 1252 3966 De
1269 3914 1311 3968 eo
1331 3915 1417 3966 vero
1441 3894 1536 3988 qnod
1559 3898 1633 3989 ple·

214 4011 298 4084 bem
314 4012 465 4085 Mandeli
481 4012 527 4086 ad
543 4034 690 4088 comune
704 4027 897 4090 vestrorum
917 4018 1020 4112 pleno
1036 4018 1116 4108 jure
1132 4016 1303 4110 pertinere
1324 4015 1480 4104 dixistis,
1497 4025 1531 4089 11
1551 4017 1634 4092 licet
1657 4037 1659 4042 ·

214 4134 320 4206 vobis
334 4133 381 4206 ad
399 4156 540 4230 presens
553 4159 623 4210 101
640 4138 805 4212 obediant
822 4149 861 4212 11
874 4149 1046 4232 tenentur,
1066 4162 1087 4212 u
1105 4139 1342 4234 persecutione
1355 4139 1444 4230 juris
1462 4139 1569 4212 vestri
1584 4141 1631 4214 ob

213 4257 383 4331 honorem
401 4269 607 4336 nostramet
629 4262 763 4358 imperii
781 4264 976 4352 abstinetis,
1002 4263 1152 4359 Petendo
1169 4262 1269 4336 vobis
1289 4265 1501 4354 amajestate
1516 4273 1631 4336 nostra

213 4381 360 4455 oonoedi
372 4389 412 4454 ut
425 4383 640 4458 tacitomitas
654 4386 730 4481 ipsa
743 4409 812 4460 non
827 4388 954 4462 officiat
966 4388 1036 4480 juri
1055 4395 1184 4479 vestro,
1203 4387 1315 4482 placet
1330 4386 1432 4460 nobis
1446 4395 1484 4458 ut
1496 4387 1630 4460 nullum

214 4505 251 4576 in
270 4513 373 4580 antea
390 4529 498 4602 super
520 4509 586 4583 hoo
602 4511 831 4608 prejudicium
848 4511 949 4585 vobis
972 4512 1185 4586 taciturnitas
1202 4511 1431 4627 inrogetque
1448 4521 1632 4607 propteroa
1685 4543 1687 4548 ’

258 4766 302 4848 (a)
324 4768 422 4833 11011
434 4771 534 4836 tomen
548 4775 628 4836 idem
642 4778 695 4854 qul
708 4793 797 4854 supra
810 4773 954 4856 satiaret
