4374 6010
229 692 326 752 mm.
344 687 406 774 ru]
676 687 875 752 ursronra
897 685 1191 750 orruounrrcn.
1279 667 1283 678 '
1583 687 1641 751 est

275 823 497 915 fredericus,
524 822 588 896 Dei
605 823 716 916 gratia
733 822 966 894 Romanorum
983 820 1167 916 imperator
1187 843 1325 918 semper
1348 831 1540 915 augustus,
1558 824 1645 898 Hie·

230 948 384 1020 rusulom
398 956 435 1020 et
450 946 566 1020 Sicilie
583 968 666 1036 rex,
683 945 809 1018 illustri
825 944 899 1038 regi
917 943 1106 1037 Anglornm
1123 943 1250 1018 dilecto
1268 945 1402 1018 sororio
1418 967 1483 1018 sno
1499 947 1645 1020 sulutem

229 1080 263 1144 ot
277 1072 414 1144 sincere
435 1070 629 1146 dilectionis
647 1069 821 1142 affectum.
849 1068 991 1163 Triplex
1012 1069 1140 1142 doloris
1158 1069 1301 1142 aculeos
1320 1069 1381 1163 qui
1408 1091 1468 1142 cor
1489 1085 1645 1144 nostmm

230 1193 389 1288 quotidie
406 1194 532 1290 pungit
551 1203 586 1266 ct
607 1193 762 1266 stimulat
780 1193 854 1284 jam
876 1212 940 1264 nos
964 1191 1054 1264 ultra
1075 1191 1177 1264 silere
1200 1213 1268 1264 non
1290 1192 1418 1286 patitur
1443 1194 1528 1288 quin
1547 1193 1646 1270 dolor

229 1315 435 1390 intrinsecus
458 1327 660 1412 prorumpat
676 1315 713 1386 in
736 1315 887 1409 gemitus
909 1322 945 1386 el
965 1313 1116 1407 gemitus
1138 1323 1265 1386 exeant
1286 1315 1322 1386 iu
1348 1317 1533 1409 clamores,
1558 1319 1644 1392 dum

229 1459 291 1533 per
311 1437 537 1514 dissensionis
559 1460 650 1513 nove
676 1437 857 1510 materiam
879 1436 927 1509 ad
949 1456 1055 1530 quam
1081 1435 1287 1512 universalis
1304 1439 1456 1512 Ecclesia
1477 1450 1588 1514 rector
1610 1451 1645 1516 at

229 1561 390 1656 pontifex
408 1561 562 1634 violenta
576 1581 640 1634 nos
663 1559 818 1655 quadam
839 1559 1076 1654 oompulsiouo
1093 1559 1225 1652 coegit,
1244 1559 1412 1634 catholico
1431 1560 1512 1635 fldei
1531 1563 1644 1638 delri-

229 1693 348 1756 menta
378 1684 636 1778 cognoscimus,
666 1683 825 1778 eclipsim
850 1681 984 1774 iustitio
1012 1679 1194 1752 manifeste
1227 1682 1453 1776 perspicimus
1481 1693 1516 1756 et
1541 1686 1644 1760 Terre

229 1808 354 1880 &note
369 1806 590 1902 dispendium
610 1804 849 1880 miserabiliter
860 1804 1095 1900 deploramus.
1110 1803 1181 1876 Sed
1198 1803 1254 1876 illa
1272 1826 1341 1877 uon
1356 1806 1470 1878 miuus
1483 1785 1644 1900 augustia

229 1951 456 2025 perurgemur
483 1930 580 2024 qnod
612 1929 700 2025 llely
728 1921 917 2002 sucerdotis
945 1928 1040 2001 oculi
1068 1928 1255 2018 caligantes
1280 1931 1413 2002 nullum
1445 1931 1644 2025 hujusmodi

229 2055 425 2150 periculum
448 2054 640 2150 aspiciunt;
658 2051 722 2126 sed
748 2061 843 2124 wate
868 2051 959 2124 circa
982 2071 1045 2124 nos
1067 2049 1248 2124 iracundia
1267 2063 1522 2148 commovetur,
1551 2065 1644 2130 lenm

229 2177 321 2250 circa
338 2177 615 2250 Mediolanenses
628 2187 663 2250 et
681 2198 800 2250 eorum
815 2175 965 2248 fautores
977 2174 1122 2247 rebelles
1133 2173 1268 2269 imperii
1283 2175 1468 2251 dilectione
1482 2181 1645 2274 perstrin-

229 2303 324 2396 gitur
342 2311 382 2374 ut
398 2302 483 2375 orbe
503 2312 573 2376 toto
594 2301 693 2376 dubii
715 2321 897 2374 successus
914 2299 1098 2374 eventibus
1113 2300 1170 2371 vel
1194 2300 1331 2372 fortune
1352 2301 1515 2394 periculis
1531 2305 1645 2398 potios

231 2447 376 2520 prorsus
392 2425 567 2521 exposito,
581 2425 627 2500 ad
641 2423 915 2498 conculcandam
931 2422 1067 2518 imperii
1082 2423 1170 2496 sacri
1180 2423 1349 2514 justitium
1362 2434 1397 2498 et
1410 2426 1645 2502 Mediolanen-

229 2550 321 2622 sinm
343 2550 526 2622 rebellium
551 2558 745 2622 nostrorum
765 2547 938 2620 auxilium
963 2556 1055 2619 totus
1079 2555 1250 2642 assurgat.
1273 2548 1344 2620 Noc
1369 2570 1432 2622 noe
1453 2571 1558 2646 nuper
1580 2551 1646 2626 boc

232 2675 303 2746 lese
316 2674 527 2747 conscientie
538 2673 677 2746 stimulo
691 2672 882 2767 pungimur
895 2692 962 2743 nec
978 2671 1126 2744 ledentis
1138 2671 1229 2744 fame
1237 2672 1409 2764 judicium
1422 2685 1646 2768 expectamus

228 2801 314 2894 quin
333 2821 355 2870 a
375 2798 492 2870 multis
504 2809 594 2870 retro
610 2795 823 2892 temporibus
841 2794 1071 2890 periculorum
1089 2793 1231 2866 istorum
1249 2795 1404 2870 omnium
1422 2797 1542 2872 diviua
1558 2823 1646 2895 qua·

230 2924 313 2996 dam
333 2921 558 3016 inspiratione
569 2921 719 3016 presagi‚
739 2939 881 3014 presens
895 2937 1032 3012 semper
1049 2919 1296 2990 evitaverimus
1311 2920 1531 3012 scandalum;
1547 2926 1645 3000 istius

227 3047 358 3120 summi
377 3043 548 3140 pontilicis
561 3045 707 3138 gratiam
725 3041 820 3115 omni
836 3061 1058 3135 quocumque
1073 3041 1251 3136 potuimus
1268 3042 1504 3137 ingeniolicet
1520 3049 1645 3124 frustra

229 3170 468 3244 laboravimus
481 3168 650 3258 obtinere,
663 3187 808 3261 persone
821 3173 937 3238 nostre
953 3186 1023 3236 uon
1039 3163 1212 3258 parcendo
1227 3165 1416 3258 laboribus,
1430 3192 1546 3244 rerum
1563 3195 1643 3248 uos·

227 3305 362 3368 trarum
378 3315 449 3366 non
471 3291 628 3366 cavendo
649 3290 843 3386 dispendiis
862 3297 898 3362 et
913 3309 1058 3384 persepe
1074 3287 1230 3362 fidelium
1247 3301 1441 3365 nostrorum
1456 3296 1564 3370 vitam
1582 3319 1644 3393 pro

228 3419 303 3491 suis
324 3428 361 3490 et
384 3416 534 3488 Ecclesia
551 3416 702 3488 Romane
718 3411 884 3486 subsidiis
901 3411 1085 3484 liberaliter
1104 3413 1326 3507 exponendo.
1350 3415 1438 3506 Sed,
1462 3422 1558 3514 qnod
1576 3424 1645 3497 dc-

227 3543 341 3616 lentes
354 3539 548 3630 referimus,
561 3538 646 3610 nibil
660 3539 798 3632 penitus
815 3536 970 3633 cepimus
983 3545 1053 3608 toto
1067 3545 1221 3630 tempore
1233 3537 1440 3632 laborantes,
1455 3545 1585 3618 nullam
1598 3549 1645 3621 ab

229 3665 307 3760 ipso
326 3685 390 3760 pro
413 3663 537 3736 nostris
556 3661 735 3754 obsequiis
760 3659 975 3732 allectionem
995 3659 1198 3748 retulimus;
1218 3683 1356 3758 semper
1377 3685 1415 3738 se
1433 3671 1644 3744 contrarium

229 3789 332 3862 nobis
349 3788 478 3882 posuit,
499 3805 635 3879 semper
650 3783 786 3880 imperii
799 3783 887 3856 sacri
905 3781 1116 3878 profectibus
1132 3783 1308 3875 obviavit;
1324 3786 1393 3859 imo
1405 3791 1501 3881 quod
1517 3795 1644 3869 crude·

229 3913 298 3985 lius
311 3913 358 3984 ab
372 3909 534 3984 omuibus
550 3908 654 3982 debet
670 3907 838 4002 reputari,
850 3905 1079 3978 existentibus
1092 3905 1192 3978 nobis
1210 3910 1246 3978 in
1260 3907 1409 3984 Ecclesia
1425 3925 1542 3988 sancte
1558 3920 1643 3993 sub-

230 4037 330 4110 sidiis
343 4035 440 4129 apud
457 4055 551 4124 eum,
564 4033 738 4107 civilatem
752 4030 894 4104 Castelle
905 4027 1141 4124 (l)subtruxit
1151 4030 1311 4125 imperio,
1330 4045 1433 4128 prout
1443 4039 1644 4130 perlitteras

230 4180 313 4232 snas
331 4179 422 4252 quas
437 4156 616 4230 Castellani
634 4156 736 4228 nobis
754 4155 891 4228 noviter
912 4154 1133 4245 assignarunt
1151 4155 1332 4228 manifeste
1351 4159 1539 4253 probatur..
1552 4163 1644 4237 Nihil

230 4291 312 4354 tuno
327 4281 494 4377 temporis
507 4280 609 4354 etiam
626 4279 802 4375 potuimus
817 4277 953 4372 abipso
969 4276 1014 4348 de
1027 4277 1159 4350 cunctis
1171 4278 1394 4372 petitionibus
1406 4285 1531 4358 nostris
1544 4288 1644 4361 nobis

231 4416 267 4478 ot
284 4405 431 4500 imperio
447 4403 637 4476 favorabile
650 4410 838 4497 reportare.
852 4402 982 4495 Legalo
994 4421 1099 4495 quem
1112 4409 1194 4472 tunc
1208 4401 1284 4497 ipso
1300 4413 1453 4500 tempore
1463 4430 1527 4502 pro
1543 4409 1643 4484 nobis

230 4550 270 4627 se
286 4530 423 4603 misisse
444 4529 533 4602 dixit
549 4529 585 4600 in
603 4527 736 4624 Syriam
753 4538 792 4598 ut
809 4527 1039 4600 Aconensium
1061 4536 1096 4598 et
1113 4527 1343 4621 quorumdam
1366 4531 1463 4622 regni
1480 4532 1644 4606 Hieroso-

266 4784 303 4858 lll
321 4784 432 4842 Scilicet
444 4785 523 4844 citttl
535 4781 565 4842 di
576 4783 702 4856 contu,
715 4797 787 4840 nuno
797 4781 826 4839 in
837 4779 935 4839 finibus
946 4780 1068 4853 Tusciae,
1080 4779 1115 4837 de
1130 4779 1296 4860 qoapluries
1306 4796 1389 4856 supra
1399 4784 1499 4843 mentio
1511 4785 1572 4847 fuit.
