4374 6010
219 678 318 739 rma.
336 675 399 754 ra]
671 671 867 734 msroma
893 673 1184 741 nrrnouamca
1569 675 1630 738 aas

220 821 375 884 statuens
389 812 466 884 loco
481 809 536 882 sui
551 809 751 903 Gregorium
767 807 812 882 de
830 810 1045 904 Montalougo
1064 811 1257 906 predictum
1275 819 1311 883 et
1328 812 1464 884 tratrem
1482 812 1630 883 Leonem

218 935 415 1008 ministrum
437 931 569 1006 ordinis
591 934 731 1005 fratrum
757 933 947 1024 hlinornm,
974 934 1034 1026 qui
1057 955 1126 1006 nou
1147 935 1259 1006 solnm
1285 935 1427 1007 accincti
1454 934 1577 1028 gladiis
1596 945 1631 1007 ot

219 1059 338 1132 loricis
352 1055 468 1130 induti
480 1057 582 1128 falsas
600 1056 746 1127 militum
766 1057 934 1151 imagines
947 1056 1191 1146 ostendebam,
1211 1059 1449 1131 verumetiam
1471 1058 1630 1153 predica·

220 1182 305 1254 tioni
328 1181 524 1252 insistentes
540 1178 812 1252 Mediolanenses
830 1189 864 1252 et
882 1180 969 1252 alios
989 1179 1192 1274 quicunque
1208 1191 1358 1253 nostram
1381 1189 1416 1252 et
1436 1191 1629 1254 nostrorum

222 1325 406 1398 personam
420 1302 645 1394 offenderant,
660 1303 841 1398 apaccatis
854 1303 1015 1376 omnibus
1025 1303 1260 1376 absolvebant.
1277 1303 1388 1376 Hodie
1400 1303 1540 1398 quidem
1558 1325 1631 1399 pre·

223 1427 305 1500 dicti
329 1430 463 1517 legatus
487 1437 522 1498 ct
550 1427 651 1498 irater
678 1435 794 1498 contra
821 1447 885 1498 nos
913 1435 948 1498 et
974 1426 1155 1520 imperium
1179 1427 1395 1501 rescribunt
1422 1439 1570 1501 rectores
1596 1437 1631 1500 et

223 1551 395 1640 dominos,
409 1571 471 1644 per
489 1549 584 1644 quod
599 1547 777 1623 evidenter
793 1549 895 1622 datur
910 1549 1052 1643 intelligi
1069 1548 1164 1643 quod
1177 1569 1266 1644 papa
1279 1571 1348 1622 non
1360 1551 1472 1624 solum
1489 1553 1533 1624 sit
1549 1550 1629 1624 iufi-

224 1675 356 1748 delium
374 1676 488 1746 lautor
505 1695 593 1768 quos
607 1695 726 1746 omnes
739 1695 802 1768 pro
814 1673 934 1767 majori
954 1682 1049 1767 parte
1062 1672 1199 1767 publica
1215 1672 1335 1744 muudi
1350 1674 1470 1768 lingua
1487 1683 1632 1746 testatur

223 1795 408 1886 hereticos,
434 1793 550 1868 sedin
574 1797 801 1891 prejudicium
824 1806 858 1868 et
879 1795 1181 1868 exheredationem
1204 1796 1339 1892 imperii
1360 1797 1426 1869 sihi
1448 1797 1631 1870 Mediolani

223 1920 379 2013 regmen
409 1930 444 1992 et
477 1919 670 1992 dominium
698 1919 930 2015 temporaliter
958 1920 1146 2016 usurpavit.
1178 1921 1253 1992 lam
1284 1921 1389 2012 igitur
1421 1923 1511 1994 ultra
1537 1923 1632 2014 justo

221 2042 355 2133 judicio
370 2051 421 2114 tot
432 2043 609 2140 provocati
628 2042 834 2138 dispendiis,
849 2053 897 2115 tot
914 2043 1049 2134 injuriis
1066 2043 1226 2132 lacessiti,
1242 2065 1365 2116 manns
1379 2053 1510 2116 nostras
1525 2046 1633 2117 conti·

225 2187 308 2238 uere
335 2168 558 2261 nequivimus
586 2168 672 2261 quin
696 2167 1031 2262 apprehenderemus
1058 2189 1154 2239 arma
1181 2176 1215 2240 et
1244 2177 1399 2258 scutum,
1423 2177 1572 2242 nostram
1598 2181 1632 2243 et

225 2289 330 2361 totius
345 2290 482 2384 imperii
502 2311 641 2362 causam
659 2299 777 2362 contm
793 2291 971 2386 publicum
994 2291 1126 2362 hostem
1145 2291 1302 2385 publice,
1321 2301 1437 2364 contra
1456 2301 1632 2387 tempora-

225 2413 291 2485 lem
315 2413 550 2508 temporaliter
574 2424 836 2510 prosequentes,
866 2414 1004 2486 lilialem
1032 2414 1080 2484 illi
1105 2413 1324 2508 nequivimus
1350 2415 1499 2509 amplius
1522 2415 1631 2488 dilec-

226 2537 353 2610 tionem
370 2536 562 2630 ostendere,
581 2537 664 2632 quia
681 2537 810 2610 nedum
825 2538 919 2633 quod
937 2539 1127 2612 allectionis
1144 2547 1284 2632 paterne
1298 2537 1515 2611 dulcedinem
1534 2539 1633 2611 nobis

226 2681 295 2732 non
311 2659 474 2732 redderet
484 2659 635 2732 necdum
649 2661 783 2752 injuriis
799 2661 1076 2735 exheredationis
1093 2661 1254 2745 afficeret,
1276 2661 1339 2733 sed
1356 2661 1461 2734 vitam
1482 2671 1634 2735 nostram

226 2791 261 2854 et
274 2785 480 2876 sanguinem
499 2783 682 2856 crudeliter
697 2785 847 2858 sitiebat.
865 2787 991 2880 Sioque
1007 2785 1143 2879 Ligurio
1161 2783 1317 2879 partibus
1343 2806 1413 2878 que
1428 2785 1462 2855 in
1483 2785 1634 2859 deditio-

227 2926 306 2977 ucm
326 2916 478 2978 nostram
499 2916 534 2978 et
554 2906 689 3002 imperii
707 2917 894 2996 venerant,
914 2907 1059 2980 militnm
1077 2917 1111 2979 ot
1127 2907 1379 2979 balistariorum
1396 2907 1546 3002 presidio
1564 2931 1633 2981 non

227 3028 303 3100 siue
316 3030 434 3100 multis
448 3029 548 3102 erarii
567 3031 673 3102 nostri
692 3030 882 3126 dispendiis
896 3041 997 3126 prout
1013 3030 1157 3126 expedit
1170 3029 1407 3119 communitis,
1426 3051 1467 3101 ac
1483 3029 1518 3101 in
1534 3053 1633 3126 pere-

227 3149 422 3242 grinatione
434 3152 556 3224 Tuscia
570 3153 687 3225 multis
704 3154 836 3249 imperii
846 3155 984 3247 juribus
1003 3153 1213 3243 reformatis,
1229 3152 1395 3247 premisso
1411 3152 1634 3228 nihilominus

228 3273 270 3344 Η.
290 3272 470 3346 karissimo
493 3272 563 3347 filio
588 3285 704 3348 nosuo
725 3277 849 3348 illustri
866 3279 938 3372 regi
956 3277 1115 3349 Turrium
1136 3286 1171 3348 et
1184 3275 1330 3347 Galluris
1342 3276 1429 3348 sacri
1447 3276 1581 3370 imperii
1596 3276 1633 3347 in

228 3395 325 3466 ltalia
348 3396 461 3489 legato
488 3396 534 3469 ad
561 3397 810 3472 Anconitanum
835 3401 1021 3472 marchiam
1053 3398 1301 3489 revocandam,
1326 3421 1389 3472 nos
1414 3401 1636 3494 personaliter

227 3537 350 3589 versus
362 3517 527 3590 ducatum
539 3521 666 3614 Spoleti
683 3543 724 3594 ac
735 3531 850 3618 partes
862 3523 944 3594 Urbi
957 3523 1091 3596 vicinas
1103 3521 1225 3594 erectis
1238 3522 1432 3616 aquilarum
1441 3533 1634 3595 nostrarum

228 3639 430 3712 victricibus
442 3641 551 3732 siguis
564 3645 809 3732 convertimus,
822 3655 926 3716 totam
942 3655 1066 3717 terram
1082 3645 1207 3717 nostris
1224 3645 1440 3740 processibus
1451 3667 1634 3718 occurren·

229 3773 296 3836 tem
311 3785 424 3858 usque
441 3765 650 3856 viterbium,
671 3767 866 3840 civitatibus
882 3767 1071 3842 admodum
1087 3768 1206 3864 paucis
1220 3769 1392 3863 exceptis,
1410 3779 1547 3864 propter
1565 3779 1635 3841 um

226 3907 355 3976 graves
374 3896 409 3958 et
432 3889 572 3962 infestas
590 3890 871 3983 ingratitudinem
888 3904 922 3965 et
948 3894 1112 3966 offensam
1131 3892 1176 3964 ad
1191 3893 1249 3984 jus
1264 3901 1299 3964 et
1311 3892 1552 3987 proprietatem
1570 3893 1635 3964 im·

229 4009 318 4102 perii
333 4021 546 4084 revocantes.
565 4011 596 4086 Α
613 4015 884 4088 viterbiensibus
902 4026 1016 4088 autem
1038 4025 1073 4088 et
1088 4016 1171 4088 locis
1188 4025 1222 4088 et
1241 4015 1438 4088 civitatibus
1454 4016 1636 4088 circumvi-

232 4133 316 4204 ciuis
338 4153 417 4205 cum
435 4155 570 4208 summa
587 4135 770 4212 devotione
787 4141 933 4234 recepti,
953 4139 1037 4212 dum
1053 4141 1125 4230 jam
1145 4139 1234 4211 hosti
1253 4147 1287 4210 et
1303 4137 1500 4210 adversario
1521 4149 1636 4212 nostro

232 4254 489 4328 ostenderemus
507 4261 692 4352 potentiam
710 4283 730 4333 e
751 4263 884 4352 vicino,
908 4263 1028 4335 timore
1045 4262 1185 4334 terribili
1208 4262 1289 4332 licet
1303 4263 1396 4353 juste
1418 4261 1633 4354 perterritus,

193 4409 199 4421 ·
233 4397 309 4448 cum
331 4397 394 4472 per
409 4399 519 4451 seram
535 4381 755 4476 penitentiam
775 4385 840 4456 sibi
857 4385 1093 4457 concrederet
1109 4405 1211 4479 posse
1230 4381 1427 4472 consulere,
1444 4381 1479 4452 in
1496 4384 1637 4476 proluu-

234 4496 315 4570 dum
330 4499 577 4594 desperationis
596 4505 775 4580 immersus
796 4529 838 4579 ac
856 4508 988 4579 viribus
1003 4506 1148 4602 propriis
1162 4505 1303 4579 omnino
1318 4503 1468 4590 diffisus,
1486 4506 1637 4578 Romano

235 4625 359 4716 populo
375 4624 543 4700 clamante
564 4639 717 4702 nostrum
740 4631 786 4704 ad
804 4632 927 4703 Urbem
950 4639 1122 4725 gratanter
1138 4651 1332 4717 accessum,
1355 4649 1518 4723 garsonce
1533 4650 1637 4723 quos·

236 4741 313 4816 dam
339 4755 375 4818 et
398 4751 530 4824 vetulas
556 4773 689 4828 necnon
717 4765 753 4827 et
775 4776 903 4850 paucos
927 4752 1116 4828 admodum
1143 4753 1367 4826 conductivae
1391 4751 1518 4824 milites
1548 4754 1638 4826 veris

307 4867 348 4930 V.
371 4883 458 4935 rnna.
1421 4883 1478 4938 1⁰¹1
