4564 6038
551 783 629 844 1230
1098 780 1408 842 subrusticum.

546 915 693 1013 predicti
711 915 855 988 consilio
872 915 990 986 habito
1008 914 1176 1008 diligenti,
1194 915 1354 990 videntes
1372 915 1469 1010 quod
1483 915 1602 1010 regina
1618 919 1813 1012 postulabat
1830 920 1959 1011 justum

546 1063 636 1131 esse,
653 1039 757 1132 hujus
772 1038 928 1135 petitioni
944 1049 1193 1112 consenserunt
1207 1048 1246 1111 nt
1255 1041 1362 1133 juste.
1381 1039 1424 1114 Et
1440 1037 1534 1112 dicta
1556 1040 1675 1135 regina
1688 1063 1783 1116 more
1799 1053 1960 1116 consueto

542 1163 675 1258 juravit
690 1164 727 1236 in
743 1163 906 1236 manibus
923 1162 1005 1238 dicti
1019 1163 1439 1260 archiepiscopiTprensis
1451 1173 1486 1236 et
1501 1163 1670 1238 baronum
1686 1167 1842 1257 regimen
1860 1167 1957 1260 regni

545 1287 582 1358 in
600 1285 694 1359 hunc
706 1286 862 1376 modum,
883 1285 1047 1360 videlicet
1069 1307 1106 1358 se
1121 1297 1402 1360 conservaturam
1426 1287 1696 1360 consuetudines
1716 1289 1815 1382 regni
1827 1290 1960 1362 boroni·

545 1411 626 1500 bus,
652 1409 821 1483 militibus
851 1418 885 1484 et
906 1410 1068 1484 omnibus
1095 1409 1140 1482 de
1165 1411 1311 1507 populo,
1332 1419 1367 1484 ot
1388 1410 1434 1484 de
1454 1411 1549 1484 omni
1576 1411 1709 1484 ratione
1732 1412 1958 1485 ecclesiastica

543 1533 800 1607 manutenenda
818 1541 852 1606 et
869 1534 1077 1628 religionum
1090 1541 1124 1606 et
1142 1533 1187 1607 de
1200 1534 1430 1609 observandis
1443 1544 1478 1608 et
1493 1535 1759 1609 manutenendis
1769 1535 1958 1631 privilegiis

543 1660 777 1754 singulorum,
798 1667 833 1732 et
855 1658 1048 1754 specialiter
1065 1658 1286 1754 privilegium
1312 1669 1347 1732 et
1370 1659 1552 1754 privilegia
1575 1659 1675 1733 ducis
1701 1669 1737 1732 et
1766 1660 1957 1733 communis

542 1783 687 1856 venetio
705 1783 878 1876 integrum
892 1801 1097 1854 conservare
1111 1791 1146 1854 et
1163 1790 1398 1856 manutenere.
1421 1783 1463 1854 llt
1481 1783 1570 1856 tacto
1587 1793 1801 1856 sacramento
1819 1784 1954 1876 regine,

544 1905 636 1980 idem
657 1905 789 1998 iuravit
815 1905 869 1977 vir
895 1905 972 1997 ejus
1001 1905 1141 1978 nomine
1166 1906 1252 1978 baut
1276 1905 1322 1979 de
1346 1907 1494 1978 Sansum
1522 1905 1590 2002 (ης
1613 1914 1690 2000 post
1709 1915 1957 1980 sacramentum

543 2028 665 2121 regino
682 2037 716 2101 et
731 2029 808 2120 ejus
821 2027 902 2116 viri,
921 2047 1040 2099 omnes
1055 2027 1216 2119 barones,
1237 2028 1362 2102 milites
1379 2037 1415 2102 et
1429 2024 1615 2124 populares
1632 2027 1730 2122 regni
1746 2028 1814 2100 sibi
1831 2031 1957 2124 atejus

542 2152 618 2224 viro
636 2151 837 2243 homagium
855 2152 1009 2224 lecerunt
1028 2150 1223 2224 secundum
1244 2151 1531 2225 consuetudinem
1549 2152 1662 2248 regni.
1683 2152 1727 2224 Et
1738 2150 1806 2224 boc
1824 2153 1888 2224 tuit
1901 2152 1955 2226 dic

543 2275 684 2370 quinto,
705 2275 853 2348 intrante
868 2295 989 2347 mense
1005 2275 1095 2368 junii
1112 2273 1258 2370 predicti
1272 2275 1369 2348 anni.

590 2398 713 2471 Omnia
736 2397 891 2494 predicta
909 2406 986 2471 acta
1010 2406 1045 2472 et
1048 2451 1219 2472 .....
1249 2397 1341 2470 dicta
1360 2397 1500 2492 regina,
1529 2419 1700 2493 apprensa
1723 2397 1956 2472 dominatione

540 2523 655 2616 regni,
678 2543 733 2595 me
749 2522 883 2617 rogavit
899 2521 995 2616 quod
1009 2543 1176 2594 armarem
1195 2521 1329 2614 galeam
1350 2543 1456 2593 unam
1478 2522 1551 2594 suis
1567 2522 1748 2616 expensis,
1766 2522 1848 2616 quia
1862 2524 1956 2596 vole-

539 2647 600 2720 bat
618 2668 694 2719 eam
711 2669 815 2719 cansa
829 2645 938 2720 eundi
957 2654 996 2717 ut
1018 2647 1146 2740 Tyrum
1161 2654 1319 2740 caperet,
1338 2645 1428 2718 sicut
1444 2666 1543 2718 suam
1564 2653 1691 2718 terram
1704 2646 1877 2741 propriam
1895 2665 1954 2740 pro

539 2791 579 2843 ea
599 2779 696 2865 parte
713 2791 819 2864 quam
841 2769 990 2842 debebat
1012 2768 1159 2858 babere,
1178 2775 1213 2841 et
1231 2789 1295 2842 nos
1318 2789 1379 2866 pro
1394 2777 1510 2842 nostra
1528 2778 1624 2864 parte
1644 2769 1880 2864 recuperanda
1902 2770 1954 2842 in·

540 2891 702 2966 docebat.

586 3016 686 3089 Unde
703 3037 769 3110 ego
784 3015 901 3088 habito
916 3013 1059 3088 consilio
1082 3015 1194 3087 taliter
1210 3013 1324 3087 eidem
1339 3035 1545 3110 responsum
1562 3014 1644 3088 dedi
1656 3015 1752 3110 quod
1772 3016 1803 3088 ei
1820 3017 1954 3110 galcam

537 3135 658 3211 libenti
674 3139 789 3212 animo
803 3138 1084 3229 concederemus,
1096 3138 1160 3213 scd
1174 3161 1246 3212 non
1260 3149 1297 3210 ut
1311 3139 1506 3234 postulabat
1519 3139 1593 3211 suis
1605 3139 1782 3234 expensis,
1797 3139 1860 3212 sed
1873 3163 1952 3214 nos

538 3263 599 3334 tris
619 3271 769 3348 tantnm;
789 3272 823 3336 et
846 3261 912 3335 boc
936 3261 1016 3335 ideo
1039 3263 1123 3357 qnia
1144 3262 1308 3336 dominus
1328 3261 1403 3335 dux
1426 3269 1460 3334 et
1477 3282 1626 3336 comune
1646 3263 1790 3336 Venetia
1810 3283 1880 3336 non
1903 3271 1955 3336 est

537 3387 877 3459 consuetum-iacere
899 3384 1040 3479 aliquod
1067 3385 1247 3458 servitium
1276 3385 1379 3458 alicui
1404 3407 1468 3459 suo
1491 3385 1602 3459 amico
1625 3407 1747 3458 eorum
1770 3387 1950 3482 expensis,

537 3507 601 3582 sed
623 3518 756 3582 tautum
778 3509 850 3580 suis
864 3507 1024 3602 propriis.
1046 3509 1119 3580 lloc
1138 3517 1252 3582 tamen
1275 3509 1321 3581 ab
1346 3529 1388 3581 ea
1411 3519 1484 3582 cta
1504 3508 1692 3582 baronibus
1708 3508 1953 3604 postulandum

538 3627 656 3730 [duxi]
673 3641 712 3703 ut
730 3632 760 3703 si
777 3631 944 3704 Dominus
958 3631 1163 3705 concederet
1183 3632 1280 3726 qnod
1297 3641 1421 3704 terram
1434 3632 1639 3704 haberemus
1656 3633 1767 3726 ipsam
1784 3653 1855 3704 nna
1872 3655 1953 3705 cnm

536 3755 741 3846 baronibus,
755 3757 858 3847 juxta
877 3763 1129 3827 sacramentum
1146 3755 1250 3828 vobis
1268 3753 1462 3828 restitueret
1483 3755 1579 3849 qood
1600 3765 1780 3851 acceptum
1801 3765 1836 3828 et
1850 3755 1954 3828 dimi-

538 3887 661 3950 nutum
675 3887 747 3950 erat
762 3878 806 3950 de
822 3899 863 3950 eo
879 3877 975 3971 quod
988 3878 1175 3950 babuimus
1195 3879 1231 3950 in
1248 3879 1340 3974 Tyro
1360 3880 1453 3950 intus
1466 3887 1501 3950 et
1515 3887 1613 3950 extra
1632 3889 1667 3952 et
1683 3879 1813 3974 ubique
1826 3879 1863 3950 in
1882 3889 1953 3953 toto

537 4023 657 4096 regno,
672 4009 707 4073 et
722 4001 817 4095 quod
833 4010 987 4075 nostrum
1003 4001 1222 4096 privilegium
1236 4003 1410 4092 integrum
1425 4011 1655 4076 conservaret.
1671 4003 1818 4075 Domina
1833 4005 1953 4097 regina

538 4135 572 4199 et
588 4126 750 4199 dominus
774 4125 859 4198 ltaul
878 4127 954 4217 aios
971 4127 1025 4198 vir
1042 4134 1077 4198 et
1097 4125 1259 4199 dominus
1283 4127 1327 4200 de
1346 4126 1461 4200 Berito
1478 4134 1513 4199 et
1528 4125 1690 4198 dominns
1711 4125 1890 4223 Philippus
1912 4127 1957 4200 do

537 4249 723 4322 lllontlorte
740 4249 994 4344 responderunt
1009 4249 1104 4342 quod
1116 4250 1184 4322 boc
1196 4259 1270 4323 erat
1280 4251 1474 4323 maximum
1487 4249 1666 4324 servitium
1682 4250 1957 4345 etpromiserunt

538 4372 683 4466 quilibet
701 4372 738 4442 in
763 4373 914 4444 animam
931 4392 1051 4444 eorum
1069 4381 1103 4444 et
1121 4393 1183 4467 per
1203 4383 1474 4462 sacramentum,
1494 4373 1590 4468 quod
1610 4395 1659 4446 ex
1680 4375 1844 4448 societate
1861 4383 1958 4446 tene·

538 4495 665 4566 bantur
683 4494 772 4566 inter
794 4517 857 4568 nos
873 4503 908 4566 et
924 4516 983 4568 eos
1002 4495 1093 4568 lacta
1116 4497 1296 4568 occasione
1316 4497 1532 4592 imperatoris
1549 4505 1585 4570 et
1608 4497 1644 4570 in
1659 4495 1729 4570 lide
1745 4518 1816 4592 qua
1831 4497 1957 4569 milites

538 4640 576 4691 sc
593 4617 738 4710 babent,
757 4616 853 4712 quod
870 4619 1087 4691 restituerent
1100 4628 1134 4691 ct
1156 4619 1277 4693 darent
1295 4641 1435 4716 operam
1454 4620 1484 4692 si
1502 4621 1669 4694 Dominus
1683 4621 1734 4695 eis
1749 4619 1956 4694 concederet

572 4871 610 4946 (t)
631 4869 738 4928 Scilicet
750 4869 837 4928 Rooot
846 4869 878 4928 dc
892 4871 1026 4930 sussen.
1041 4870 1083 4930 Cl.
1097 4871 1287 4944 Introduction,
1301 4889 1331 4948 p.
1346 4889 1461 4934 occurri.
