4358 5996
540 595 618 659 1026
938 655 941 662 .
1038 600 1253 664 sutnnutct
1274 599 1449 662 SECUNDI
1764 597 1848 682 [Au.
1869 596 1961 662 lato.

538 741 692 804 vestrum
704 732 741 804 in
751 733 924 809 austriam
937 735 1000 808 tuli
1011 737 1226 829 relaxarunt,
1237 743 1273 808 et
1283 733 1437 810 utaudio
1446 732 1964 828 excommunicationemquam

538 855 573 926 in
589 856 619 948 ej
624 877 664 928 us
677 877 858 950 personam
878 859 961 951 toli,
983 870 1203 934 revocarunt.
1224 858 1512 954 Archiepiscopus
1527 856 1723 931 Bromensis
1738 865 1779 930 ut
1795 858 1895 930 tama
1911 865 1966 930 est

537 977 740 1053 mandatum
757 980 822 1052 sibi
842 981 1036 1074 injunctum
1060 993 1178 1058 eontra
1197 980 1409 1054 Friderioum
1426 981 1616 1075 exequitur
1634 977 1807 1072 intrepide
1828 989 1873 1050 ut
1890 980 1962 1052 leo.

537 1101 576 1174 ln
592 1103 751 1177 Bawaria
766 1105 882 1176 nullus
896 1105 1015 1179 adhuc
1029 1108 1271 1203 episcoporum
1289 1103 1423 1195 obedit,
1437 1103 1502 1178 ssd
1515 1124 1635 1178 omnes
1652 1109 1822 1176 attentant
1842 1103 1964 1198 perni-

537 1225 629 1299 ciose
643 1227 814 1318 resistere,
830 1229 1074 1322 Salzburgensi
1087 1231 1345 1326 archiepiscopo
1357 1227 1600 1325 persuadente.
1614 1225 1882 1318 argentinensis
1893 1228 1964 1323 epi·

537 1369 664 1445 scopus
681 1351 730 1422 nil
746 1351 838 1441 iacit,
864 1352 927 1426 sed
945 1353 992 1426 de
1010 1353 1120 1426 disin
1137 1355 1230 1428 diem
1251 1351 1338 1426 mihi
1356 1353 1524 1448 promittit
1540 1349 1637 1445 quod
1657 1353 1753 1445 prius
1772 1353 1862 1426 velit
1875 1353 1963 1425 alios

536 1473 717 1570 episcopos
733 1475 800 1547 sibi
818 1477 950 1550 sociare
969 1487 1004 1550 et
1021 1487 1106 1551 tunc
1123 1477 1326 1552 mandatum
1348 1499 1429 1550 cum
1449 1476 1534 1572 ipsis
1549 1475 1690 1569 exequi.
1711 1474 1765 1571 (In
1781 1474 1855 1550 flne
1870 1475 1959 1572 ait):

535 1595 655 1683 Vobis,
670 1607 767 1692 pater
782 1609 920 1690 sancte,
938 1599 1119 1694 quoddam
1141 1621 1307 1694 magnum
1320 1609 1489 1674 secretum
1506 1597 1657 1672 declaro.
1674 1598 1759 1670 Cum
1781 1599 1881 1672 enim
1898 1598 1962 1672 (lo-

535 1718 669 1790 minum
686 1742 801 1794 meum
828 1721 953 1796 ducem
971 1744 1100 1818 magno
1122 1723 1264 1796 consilio
1282 1743 1387 1818 super
1410 1731 1502 1794 statu
1525 1729 1764 1794 sacrosanctae
1779 1721 1962 1794 Romanae

534 1843 708 1915 Ecclesiae
729 1846 968 1918 convenissem
988 1856 1023 1920 et
1043 1847 1134 1919 inter
1151 1855 1264 1919 nemra
1285 1845 1521 1918 conculcarem
1537 1842 1589 1939 (o)
1605 1844 1670 1916 sibi
1693 1844 1873 1938 soli-quod
1894 1843 1960 1916 hac

535 1966 613 2038 vice
622 1968 681 2059 jus
693 1969 869 2042 electionis
885 1970 960 2063 ipse
971 1978 1006 2042 et
1020 1970 1075 2042 sui
1089 1971 1295 2044 coelectores
1309 1968 1517 2054 amisissent,
1530 1988 1578 2040 ex
1592 1988 1635 2040 eo
1648 1966 1744 2062 qnod
1760 1967 1853 2040 intra
1870 1977 1960 2040 tem-

534 2111 602 2184 pus
622 2091 814 2184 legitimum
836 2093 894 2184 jus
920 2114 1024 2166 suum
1048 2115 1119 2166 non
1143 2093 1288 2186 iuusent
1304 2091 1496 2187 prosecuti,
1520 2091 1628 2164 alium
1653 2089 1818 2164 videlicet
1836 2111 1959 2184 regern

534 2211 709 2305 eligendo,
719 2223 753 2286 et
768 2213 864 2308 quod
875 2214 1028 2288 Ecclesia
1040 2217 1195 2290 llomana
1207 2235 1300 2310 quae
1312 2215 1484 2288 advocato
1496 2213 1664 2288 catholico
1679 2211 1742 2285 diu
1755 2233 1875 2288 msere
1888 2233 1957 2286 non

534 2343 659 2430 potest,
683 2338 837 2410 maxime
855 2359 934 2410 cum
957 2338 1002 2410 ab
1025 2337 1184 2412 hereticis
1210 2340 1451 2434 impugnetur,
1473 2337 1540 2410 sibi
1562 2336 1744 2432 providere
1767 2336 1896 2432 poterit
1913 2335 1959 2408 de

534 2480 681 2555 persona
695 2461 784 2534 alius
798 2461 918 2536 Gallici
937 2463 994 2534 vel
1010 2461 1194 2536 Lcmbardi
1209 2470 1269 2535 aut
1282 2461 1422 2534 alterins
1438 2460 1475 2532 in
1491 2481 1611 2554 regem
1629 2461 1685 2532 vel
1697 2460 1882 2554 patricium
1897 2469 1958 2532 ant

535 2583 640 2656 etiam
658 2583 880 2676 advocatum,
898 2585 1093 2658 Teutonicis
1107 2585 1323 2676 inconsultis,
1339 2595 1374 2658 et
1383 2606 1446 2680 par
1456 2584 1524 2658 hoc
1539 2591 1657 2679 posset
1669 2583 1856 2679 imperium
1869 2583 1958 2660 siem

535 2706 634 2802 prius
654 2706 701 2780 ad
722 2716 861 2782 exteras
880 2709 1037 2782 nationes
1055 2709 1256 2804 pervenire,
1275 2709 1437 2783 dominus
1458 2707 1536 2780 dux
1558 2707 1680 2780 leniter
1698 2716 1733 2780 et
1758 2727 1848 2804 pure
1870 2705 1956 2780 mihi

536 2829 744 2926 respondit:
771 2831 840 2903 «0
867 2831 1000 2905 utinam
1024 2831 1187 2906 domiuus
1213 2840 1329 2906 noster
1351 2851 1444 2928 papa
1468 2830 1537 2902 hoc
1558 2830 1674 2926 ipsum
1695 2831 1768 2922 jam
1794 2823 1950 2902 iecisset!

536 2963 674 3048 propter
686 2954 753 3027 hoc
768 2955 861 3027 enim
870 2955 996 3028 vellem
1008 2955 1147 3050 utrique
1161 2955 1239 3030 voci
1252 2955 1469 3044 renuntiare,
1490 2954 1656 3028 videlieet
1666 2953 1787 3027 Palatii
1802 2963 1839 3026 et
1851 2953 1957 3026 duca·

535 3087 611 3167 tus,
631 3087 666 3150 et
688 3077 773 3152 dare
790 3099 895 3174 super
912 3077 979 3153 hoc
995 3078 1171 3152 Ecclesiae
1191 3100 1255 3174 pro
1275 3098 1332 3152 me
1355 3087 1391 3151 et
1409 3076 1597 3152 heredibus
1618 3076 1798 3172 publicum
1819 3076 1954 3150 instru-

537 3209 742 3274 mentum.»

584 3326 686 3398 Porro
710 3324 931 3420 conqueritur
948 3325 1078 3398 litteras
1098 3345 1210 3420 papae
1231 3345 1336 3421 super
1356 3324 1486 3398 ducatu
1506 3322 1668 3396 Austriae
1691 3323 1737 3396 ab
1753 3319 1957 3396 Eberhardo

536 3444 821 3545 [archi]episcopo
834 3447 1086 3541 Salisburgensi
1101 3458 1135 3520 et
1153 3447 1194 3520 U.
1213 3446 1473 3543 (t)1>ataviensi
1494 3445 1645 3542 pedibus
1662 3447 1894 3538 conculcatas,
1914 3462 1954 3516 ac

535 3570 684 3644 minatus
698 3571 840 3666 publico
853 3571 968 3643 edicto
981 3571 1011 3644 si
1027 3570 1171 3666 posthac
1185 3571 1359 3667 quispiam
1375 3569 1576 3664 hujusmodi
1590 3569 1710 3642 afferat
1723 3569 1869 3658 litteras,
1882 3567 1953 3640 sive

456 3705 461 3715 ·
537 3691 685 3766 clericus
702 3693 779 3766 sive
791 3692 912 3785 laicus,
933 3713 1003 3766 non
1022 3693 1165 3788 impune
1184 3693 1323 3767 habeat.
1342 3695 1409 3766 Dat
1428 3693 1610 3766 consilium
1626 3713 1675 3764 sx
1687 3711 1859 3766 consensu
1875 3709 1952 3786 par·

536 3816 623 3888 tium
643 3837 755 3912 papae
770 3815 818 3890 ad
839 3825 1003 3890 terrorem
1023 3815 1362 3912 archiepiscoporum
1383 3825 1419 3889 et
1441 3815 1683 3914 episcoporum
1707 3812 1949 3899 Alamanniae,

536 3940 714 4014 canonicis
740 3939 941 4035 injungatur
963 3941 994 4012 si
1013 3961 1135 4014 eornm
1155 3940 1309 4036 episcopi
1331 3939 1442 4012 nolint
1463 3939 1607 4014 obedire
1626 3959 1739 4034 popae
1760 3935 1948 4024 mandatis,

537 4063 604 4158 ipsi
626 4072 708 4136 tunc
726 4063 774 4137 ad
789 4064 971 4136 consilium
997 4064 1194 4138 executoris
1218 4063 1465 4136 sententiarum
1486 4070 1681 4138 vestrarum
1699 4061 1807 4134 alium
1826 4059 1952 4154 eligant

537 4186 750 4283 episcopum.
770 4187 806 4258 Si
823 4187 893 4260 tale
906 4185 1109 4262 mandatum
1126 4187 1162 4258 in
1180 4184 1387 4260 Alamannia
1401 4185 1608 4278 insonuerit,
1620 4184 1697 4258 sine
1710 4183 1820 4258 dubio
1833 4199 1951 4256 omnes

538 4309 694 4406 episcopi
706 4310 871 4405 incipient
886 4309 1031 4384 obedire
1033 4361 1180 4384 .....
1203 4310 1382 4384 Ρταθίθωα
1397 4308 1528 4384 indicat
1543 4311 1588 4384 111
1607 4329 1717 4382 nonas
1737 4306 1896 4400 augusti,
1915 4305 1950 4377 in

536 4433 740 4506 inventione
756 4432 864 4506 sancti
882 4433 1063 4530 Stephani,
1087 4434 1242 4510 decanus
1264 4443 1299 4510 et
1317 4433 1507 4530 capitulum
1529 4433 1733 4509 Patariense
1756 4440 1876 4506 contra
1897 4446 1951 4502 me

576 4587 619 4669 (a)
640 4589 699 4669 su,
716 4606 771 4669 pro
784 4587 968 4652 summram.

580 4693 622 4776 (l)
644 4697 705 4778 Sto,
717 4697 875 4778 legendum
889 4714 959 4760 vcro
973 4697 1010 4760 a.
