4564 6038
563 575 642 640 1198
1088 582 1271 646 coartant
1294 584 1446 657 Qllllll'l'l
1783 579 1865 658 [hm.
1883 578 1969 639 rw.

559 709 607 784 ad
619 710 893 786 comburendum
906 724 941 786 ct
954 725 1144 791 structuras
1153 718 1368 794 edificiorum
1383 716 1545 808 habeant,
1560 721 1705 808 excepta
1718 714 1871 808 quadam
1885 713 1970 784 silva

559 853 630 926 que
651 833 819 908 hactenus
835 837 882 908 ab
906 839 1052 914 ecclesia
1072 841 1284 938 Stainguden
1302 841 1446 916 bannita
1468 839 1660 936 specialiter
1676 837 1742 910 luit
1766 846 1802 910 et
1816 837 1970 932 ipsorum

557 955 722 1030 Bonholtz
744 959 933 1053 vulgariter
956 964 1169 1058 appellatur,
1189 964 1285 1039 unde
1306 987 1372 1038 nec
1395 964 1463 1038 sub
1486 963 1618 1058 prelato
1642 959 1783 1034 arbitrio
1806 981 1970 1055 compre-

557 1077 665 1152 hendi
684 1079 815 1154 debuit.
830 1079 1018 1157 dunarum
1031 1109 1173 1182 quoque
1185 1091 1251 1163 luit
1264 1097 1400 1184 propter
1417 1085 1678 1160 habundantem
1690 1083 1858 1156 cautelam
1875 1081 1970 1177 qnod

556 1223 662 1298 snper
683 1206 835 1280 sectione
853 1207 1022 1303 sepedicti
1042 1211 1192 1286 nemoris
1210 1195 1371 1288 custodes
1389 1233 1451 1284 seu
1470 1212 1681 1306 inspectores
1698 1215 1893 1281 statuantur
1907 1207 1968 1300 qui

555 1324 704 1419 singulis
729 1328 829 1401 annis
854 1329 1039 1426 diligenter
1062 1333 1278 1430 inspiciendo
1302 1343 1510 1432 precaveant
1533 1331 1688 1427 nequid
1715 1331 1751 1402 in
1777 1329 1968 1425 dampnum

555 1450 737 1545 utriusqus
757 1453 900 1526 ecclesie
922 1455 1149 1532 immoderata
1170 1461 1342 1554 lignorum
1367 1458 1519 1532 sectione
1540 1465 1602 1530 aut
1625 1453 1802 1528 novalium
1821 1452 1968 1526 inhibita

554 1572 778 1647 innovatione
792 1576 982 1672 contingat.
1004 1579 1049 1654 Ut
1063 1589 1180 1660 autem
1195 1581 1262 1656 hec
1277 1581 1376 1656 firma
1394 1591 1427 1654 et
1445 1580 1649 1655 inconvulsa
1665 1577 1789 1650 rurum
1806 1577 1966 1671 tempori·

552 1695 620 1768 bus
631 1708 866 1791 permaneant,
885 1701 1118 1776 memorialem
1134 1703 1225 1777 hanc
1243 1704 1327 1778 inde
1340 1705 1503 1801 paginam
1520 1701 1690 1778 conscribi
1702 1702 1834 1796 placuit
1849 1708 1885 1772 et
1897 1709 1964 1772 tam

551 1820 677 1892 nostris
688 1843 792 1915 quam
808 1823 1012 1898 arbitmrum
1025 1827 1081 1899 vel
1097 1826 1201 1900 ctiam
1214 1828 1423 1923 prelatomm
1435 1829 1496 1922 qui
1511 1834 1686 1922 presentes
1703 1832 1787 1896 tunc
1805 1822 1961 1912 aderant,

551 1942 716 2038 prepositi
727 1943 888 2018 videlicet
904 1946 950 2020 de
961 1949 1089 2022 Rotacb
1101 1959 1137 2022 et
1153 1949 1316 2045 prepositi
1328 1950 1373 2024 de
1389 1951 1533 2045 Wyltin,
1551 1948 1673 2042 sigillis
1686 1947 1853 2020 duximus
1862 1946 1961 2018 robo-

550 2071 631 2142 rari.
648 2071 759 2163 Hujus
781 2072 832 2144 rai
848 2081 954 2146 testes
969 2084 1052 2146 sunt
1071 2077 1263 2170 Witlegovv
1277 2077 1476 2173 prepositus
1491 2075 1538 2149 dc
1553 2072 1797 2164 Raittenbuch3
1817 2071 1864 2144 de
1888 2093 1963 2144 con·

548 2202 655 2264 ventu
680 2193 790 2288 ipsius
814 2195 996 2269 Conradus
1015 2198 1261 2292 Frisingensis,
1280 2201 1498 2272 hermannus
1513 2197 1758 2286 Zachcrlinus,
1785 2195 1960 2268 Conrados

547 2314 682 2408 Custos,
701 2317 835 2391 Ulricus
849 2317 897 2392 de
909 2321 1128 2416 llunsolgen,
1146 2321 1324 2398 Corradus
1340 2315 1563 2415 Scheranus,
1577 2321 1759 2394 llainricrm
1776 2318 1822 2392 ds
1838 2318 1962 2392 Schon·

546 2463 631 2537 gow
656 2443 870 2534 sacerdotem
887 2466 934 2517 ex
951 2445 1107 2519 diaconis
1121 2443 1236 2532 Arno,
1260 2447 1458 2538 Conradns,
1480 2445 1662 2518 Hainricus
1687 2443 1888 2517 scolasticus
1904 2441 1962 2536 qni

545 2566 612 2640 hoc
627 2569 779 2664 scripsit3
796 2591 843 2642 ex
854 2569 985 2643 familia
998 2569 1180 2643 hainricus
1195 2571 1334 2644 villicus
1350 2570 1395 2645 de
1412 2571 1630 2664 Behengavv,
1649 2569 1728 2641 Otto
1751 2566 1959 2654 cellerarius,

545 2691 790 2788 ililteprandus
806 2702 840 2766 et
854 2691 1076 2766 Burclrardus
1092 2693 1257 2787 pictores,
1278 2694 1400 2767 etalii.
1422 2695 1506 2767 Item
1526 2689 1751 2765 berchtoldus
1768 2689 1962 2785 prepositus

544 2813 591 2888 de
607 2816 836 2910 staingaden,
857 2824 892 2888 et
913 2813 959 2888 de
972 2836 1038 2890 suo
1052 2824 1225 2889 conventu
1247 2816 1471 2890 Eberhardua
1488 2817 1602 2912 prior,
1623 2814 1818 2887 Fridaricus
1834 2811 1881 2886 de
1893 2811 1962 2884 An·

517 2973 521 2982 .
543 2947 664 3036 gusta,
682 2939 877 3013 Fridaricus
902 2939 948 3012 de
964 2941 1095 3028 Home,
1115 2940 1315 3032 Heinricus,
1334 2941 1534 3033 Bezelinns,
1555 2936 1775 3034 liudolphus,
1793 2937 1961 3009 Dietricus

542 3061 756 3148 sacerdotem
776 3083 824 3136 ex
843 3061 999 3136 diacoms
1017 3056 1264 3156 Manegol'dus,
1286 3063 1488 3155 hainricus,
1515 3084 1562 3136 ex
1576 3061 1751 3136 conversis
1768 3059 1959 3148 Conradns,

543 3185 697 3279 Ulricos3
718 3207 767 3260 ex
783 3185 911 3258 lamilia
931 3186 1114 3260 Hainricus
1129 3185 1333 3277 Chcleman,
1352 3188 1487 3261 Ulricus
1502 3187 1673 3276 Murator,
1699 3185 1959 3279 llngclscalcus,

543 3321 579 3384 et
598 3311 674 3400 alii;
695 3309 741 3384 de
756 3310 931 3384 extraneis
949 3311 1166 3383 Hermannus
1189 3309 1234 3382 de
1252 3311 1461 3406 Sulzperch,
1482 3311 1664 3384 Hainricus
1688 3308 1734 3382 dc
1754 3305 1961 3380 hludlhneen

543 3433 799 3520 subdiaconus,
816 3433 1030 3505 Wemherus
1046 3432 1244 3522 Zachcrlin,
1263 3434 1457 3507 choldus
1471 3435 1570 3508 miles
1586 3443 1621 3506 at
1645 3433 1705 3506 alii
1725 3433 1959 3526 quamplures.

544 3555 632 3630 Acta
647 3565 729 3628 sunt
745 3554 810 3628 hec
826 3575 919 3629 anno
932 3557 1071 3628 Domini
1089 3559 1135 3629 M.
1154 3556 1216 3628 CC.
1229 3555 1419 3646 xxxvnr,
1433 3557 1622 3632 indictione
1632 3557 1701 3646 Xl,
1721 3563 1889 3650 regnante
1899 3554 1961 3626 llo·

544 3697 726 3750 manorum
742 3677 946 3772 imperatore
963 3677 1139 3750 Friderico
1151 3678 1323 3770 secundo,
1346 3680 1502 3752 feliciter.

593 3799 729 3892 Adjccit
740 3821 884 3894 quoqne
893 3800 1006 3872 dictus
1017 3800 1183 3895 pincerna
1194 3801 1380 3876 statuendo
1395 3813 1433 3874 ut
1448 3803 1543 3876 bona
1555 3823 1626 3896 que
1638 3800 1759 3874 schilte
1773 3797 1962 3892 vulgariter

545 3925 780 4021 appellantur,
796 3921 842 3998 de
858 3925 987 4019 quibus
1006 3934 1080 3998 arat
1097 3925 1252 4019 questio,
1271 3934 1470 3998 remaneant
1486 3925 1630 3998 ccclesia
1646 3923 1693 3998 da
1710 3921 1956 4011 Raittenbucb,

545 4049 595 4122 itu
612 4046 708 4144 quod
726 4047 829 4119 ineis
848 4047 934 4119 nibil
952 4069 1108 4142 unquam
1128 4047 1253 4121 debeat
1275 4048 1454 4137 innovari,
1469 4047 1533 4121 sed
1553 4048 1590 4118 in
1610 4069 1652 4120 eo
1669 4054 1758 4119 statu
1774 4064 1845 4140 quc
1866 4065 1962 4116 nnnc

545 4179 627 4245 sunt
641 4180 809 4266 perpetuo
825 4171 1066 4244 remanebunt.
1085 4172 1124 4242 ln
1140 4191 1290 4266 qnorum
1303 4172 1473 4245 bonorum
1487 4169 1727 4244 concambium
1745 4179 1779 4240 et
1793 4167 1961 4262 dampno-

545 4319 625 4370 rum
638 4295 920 4370 restaurationem
932 4295 1077 4391 accipiat
1090 4295 1538 4391 Staingadinensisecclesia
1550 4294 1644 4392 apud
1658 4297 1882 4368 Ostemrr'iten
1898 4291 1962 4364 nbi

546 4420 613 4493 sibi
626 4419 811 4516 placuerit,
828 4427 975 4515 excepta
993 4427 1089 4492 curte
1105 4419 1293 4510 villicaria,
1312 4420 1349 4492 in
1362 4420 1491 4516 prediis
1512 4417 1657 4493 ecclesie
1671 4416 1716 4490 da
1731 4414 1960 4490 Raittenbuch

547 4541 777 4638 Augustamis
799 4551 936 4616 monete
957 4563 1092 4616 annuos
1118 4543 1276 4616 redditus
1296 4545 1402 4616 unius
1425 4545 1524 4616 libra.
1544 4543 1639 4616 Idem
1668 4540 1772 4614 mam
1795 4539 1961 4635 pincerna

548 4667 723 4759 adjecerat
747 4665 947 4740 arbitrando
970 4675 1009 4738 ut
1028 4665 1058 4738 si
1085 4665 1190 4740 ultera
1214 4665 1447 4763 predictarum
1474 4666 1699 4740 ecclesiarum
1724 4671 1841 4736 oonba
1867 4663 1959 4734 hanc
