4524 6012
549 699 611 770 682
803 735 808 744 ·
1046 702 1260 767 nardulum
1285 702 1460 764 sectum
1769 701 1848 780 [Am.
1868 703 1953 764 leto.

550 845 645 910 catus
666 839 819 912 officium
838 850 993 935 spectare
1006 847 1209 928 noscuntur,
1227 837 1414 910 intendetis
1436 835 1481 908 de
1504 845 1616 909 cetero
1635 845 1798 930 tanquam
1819 837 1956 929 publico

550 959 726 1033 tabellioni
750 971 784 1034 et
796 964 907 1054 judici
930 963 1105 1038 ordinario'
1130 984 1151 1034 a
1175 961 1350 1051 maiestate
1374 968 1490 1032 nostra
1513 965 1640 1030 statuto
1663 957 1710 1029 ad
1735 957 1900 1030 honorem
1922 967 1958 1032 et

549 1081 748 1156 fidelitatem
768 1096 937 1179 nostram,
957 1097 991 1159 et
1011 1087 1128 1158 nullus
1150 1085 1194 1157 sit
1217 1083 1278 1176 qui
1305 1101 1388 1154 enm
1410 1101 1514 1176 snper
1539 1079 1661 1152 eodem
1689 1079 1801 1154 officio
1825 1082 1956 1177 publici

551 1186 789 1282 tabertioriatns
802 1219 836 1282 et
847 1211 1025 1302 judicatus
1039 1220 1166 1283 temere
1180 1206 1348 1302 impedire
1360 1207 1418 1278 vel
1434 1205 1635 1300 perturbare
1649 1213 1835 1299 presumat.
1855 1206 1957 1290 Quod

549 1331 610 1424 qni
625 1333 870 1428 presumpserit
883 1333 1158 1426 indignationem
1170 1338 1323 1403 nostram
1338 1351 1377 1402 se
1391 1328 1525 1402 noverit
1537 1328 1768 1400 incursurum.
1784 1327 1840 1402 Ad
1852 1329 1957 1422 hujus

549 1465 663 1528 antem
689 1455 738 1527 rei
770 1457 969 1529 memoriam
998 1465 1032 1528 st
1058 1455 1215 1528 stabilem
1245 1451 1440 1530 firmitatem
1463 1471 1604 1546 presens
1632 1452 1797 1545 scriptum
1825 1451 1900 1526 deri
1923 1463 1958 1525 et

549 1578 737 1667 maiestatis
750 1589 866 1651 nostre
883 1580 997 1672 sigillo
1006 1578 1173 1671 jussimus
1189 1576 1407 1651 communiri.

597 1703 721 1772 Datum
737 1702 834 1795 apud
851 1702 1051 1792 Cortonam,
1070 1722 1162 1773 enno
1175 1700 1347 1773 dominice
1361 1698 1604 1771 incarnationis
1617 1697 1665 1770 Μ.
1676 1697 1741 1772 CC.
1752 1699 1954 1789 xxxvlsst,

549 1843 667 1896 mense
674 1825 850 1916 januario,
873 1827 1105 1900 tertiodecime
1119 1822 1342 1919 indictionis(
1367 1823 1394 1919 ).
1974 1895 1979 1903 .

598 1949 728 2020 Extant
745 1948 781 2020 in
794 1949 915 2022 eodem
932 1951 1076 2041 registro
1094 1959 1162 2022 tres
1181 1950 1269 2022 aliae
1285 1947 1509 2020 tabellionum
1529 1946 1759 2019 institutiones
1772 1947 1817 2018 ab
1834 1946 1955 2020 eodem

550 2071 756 2165 imperatore
770 2073 806 2142 in
823 2072 944 2146 eodem
964 2072 1042 2144 loco
1060 2083 1094 2145 et
1112 2081 1263 2165 tempore
1279 2072 1408 2144 saeue:
1422 2069 1673 2166 primascilioet
1688 2069 1956 2165 proCresoentio

550 2191 621 2266 filio
634 2195 716 2266 oiim
734 2196 903 2267 Simeonis
917 2194 963 2268 de
978 2195 1139 2268 Baciada.
1402 2273 1406 2281 ,

597 2318 722 2388 Datum
737 2317 898 2409 Cortone,
918 2339 1009 2390 anno
1030 2317 1202 2390 dominice
1217 2315 1464 2388 incarnationis
1481 2315 1529 2388 Μ.
1542 2313 1606 2389 CC.
1620 2295 1821 2408 xxxvtnt,
1838 2337 1957 2390 mense

547 2439 728 2530 ianuario,
746 2440 824 2511 Xlll
841 2438 1038 2513 indictionis
1055 2438 1129 2532 (soi.
1149 2441 1195 2512 96
1211 2438 1322 2530 recto).

597 2562 757 2636 Secunda
772 2583 835 2658 pro
850 2562 1009 2636 Gnidone
1028 2563 1074 2636 de
1091 2565 1235 2636 Cortona
1253 2560 1326 2634 filio
1344 2559 1520 2655 qnondam
1538 2560 1703 2634 iohannis
1725 2561 1770 2636 de
1794 2562 1953 2640 Cortona.

599 2687 722 2756 Datum
742 2685 839 2780 apud
853 2686 1053 2776 Cortonam,
1069 2707 1161 2759 enno
1173 2683 1345 2758 dominice
1358 2685 1602 2757 incarnationis
1614 2685 1662 2758 M.
1678 2683 1739 2758 CC.
1754 2687 1955 2779 XXXVIIII,

550 2827 669 2880 mense
678 2807 854 2900 januario,
871 2809 948 2880 Xlil
964 2805 1159 2882 indictionis
1176 2807 1250 2902 (sot.
1265 2807 1312 2880 98
1330 2804 1444 2902 recto).

599 2931 709 3004 Tertia
722 2953 785 3026 pro
802 2931 960 3004 Rainerio
978 2931 1049 3004 filio
1065 2933 1284 3005 Riccomanni
1302 2931 1346 3004 de
1361 2929 1518 3003 Cortona.

598 3055 722 3126 Datum
739 3054 834 3149 apud
848 3055 1048 3147 Cortonam,
1066 3077 1158 3128 anno
1173 3055 1347 3130 dominice
1363 3053 1605 3126 incarnationis
1618 3053 1665 3126 M.
1680 3052 1743 3126 CC.
1757 3055 1955 3152 XXXVIIII,

551 3185 649 3250 sexto
666 3177 800 3249 decimo
819 3179 947 3251 mensis
961 3179 1129 3271 januarii,
1151 3178 1209 3252 die
1222 3177 1306 3272 (iope
1319 3175 1437 3273 tercio)
1454 3175 1588 3250 decime
1605 3175 1802 3251 indictionis
1819 3177 1890 3274 (sot.
1911 3183 1958 3258 98

551 3299 668 3392 verso).

601 3423 695 3507 Quas
709 3443 789 3493 oum
803 3421 921 3494 similis
936 3422 1103 3495 iormnlae
1119 3421 1203 3514 sint,
1220 3421 1277 3494 hic
1295 3421 1411 3496 denno
1427 3422 1654 3496 transcribere
1664 3445 1958 3520 supervacaneum

553 3546 732 3622 duximus.

762 3843 1745 3864 *um-amm

348 4136 524 4246 rpgffgpppp
603 4121 826 4206 Mandatum
858 4122 907 4204 ed
935 4121 1183 4232 justitiarium
1217 4123 1353 4208 Terrae
1385 4123 1543 4208 Laboris
1575 4133 1619 4208 nt
1650 4125 1753 4210 bona
1787 4125 1960 4236 magistri

549 4253 734 4337 Iohannis
752 4255 800 4338 de
829 4253 983 4338 Coserta
1001 4253 1042 4336 in
1064 4255 1170 4338 ouria
1197 4280 1318 4364 papae
1341 4258 1527 4340 morantis
1550 4257 1635 4365 capi
1661 4256 1775 4342 saciat
1803 4267 1840 4342 et
1864 4256 1960 4340 Rio-

1712 4429 1950 4444 §vn-mo·

588 4504 624 4579 (t)
643 4505 771 4562 testante
788 4502 933 4572 Gnazneei,
953 4503 1108 4562 Drtt'ontr‘o.
1122 4503 1193 4562 doru.
1206 4503 1250 4562 dei
1264 4505 1376 4562 Varoooo
1388 4503 1528 4577 derasae,
1548 4505 1683 4564 noscimus
1703 4507 1869 4566 Fridaricum
1889 4506 1960 4580 apud

549 4603 691 4661 Cortonam
701 4604 734 4656 48
745 4601 860 4674 januarii
871 4601 939 4660 ttto
949 4601 1117 4660 universitati
1132 4603 1332 4660 Cortonensium
1341 4602 1416 4661 varia
1426 4603 1565 4677 privilegia
1579 4603 1742 4664 concessisse
1756 4610 1783 4661 ot
1794 4603 1831 4660 ibi
1842 4603 1961 4678 judicem

550 4701 715 4759 ordinarium
730 4685 885 4758 instituisee.
899 4699 1051 4757 Notandum
1063 4705 1153 4758 tamen
1167 4706 1209 4758 est
1222 4701 1339 4759 Laumm
1353 4701 1381 4758 in
1395 4716 1445 4758 sua
1458 4699 1615 4760 Cortonensi
1622 4700 1742 4770 historia,
1756 4705 1834 4775 parte
1847 4701 1881 4772 11,
1895 4700 1961 4757 dnm

550 4797 643 4855 sedem
656 4796 780 4855 Friderici
792 4797 922 4854 Cortonaa
935 4797 1063 4854 morantis
1075 4797 1273 4869 memoraverit,
1288 4799 1322 4854 de
1331 4797 1381 4855 hoe
1392 4797 1502 4871 speciali
1513 4798 1673 4856 documento
1682 4797 1799 4854 siluisse.
