4564 6038
354 662 451 722 raom.
470 657 529 741 rs]
803 653 1000 716 ursroura
1025 634 1315 716 nrrnouarrcu.

1299 919 1555 934 m

409 1192 537 1276 Mense
556 1202 720 1302 augusto
737 1191 944 1301 imperator
960 1192 1100 1302 recepit
1112 1183 1300 1275 civitatem
1319 1191 1555 1276 Tiburtinam
1574 1201 1612 1276 et
1629 1192 1766 1276 exinde
1817 1196 1943 1251 [uma]

355 1349 488 1406 uersus
505 1323 644 1408 Urbem
660 1325 777 1410 vadit.
798 1324 847 1408 Et
864 1335 956 1408 tunc
977 1333 1146 1407 castrum
1169 1327 1274 1434 quod
1291 1325 1430 1408 dicitur
1446 1323 1554 1410 Mons
1574 1323 1762 1431 Albanus,

359 1457 463 1566 quod
481 1465 561 1538 erat
579 1457 698 1540 sancti
715 1457 824 1540 Pauli
837 1458 886 1540 de
898 1457 1011 1564 Urbe,
1030 1457 1067 1540 ui
1085 1457 1183 1564 oepit
1200 1467 1237 1540 ct
1254 1456 1343 1566 igne
1360 1459 1609 1566 consumpsit.
1631 1457 1766 1541 Castra

360 1589 475 1672 ctiam
493 1591 682 1698 quaedam
704 1589 896 1673 Farfensis
915 1590 1135 1674 monasterii
1153 1600 1312 1700 occupat
1334 1601 1372 1673 et
1388 1592 1571 1674 devastat.
1593 1590 1766 1700 burgum

359 1723 508 1809 Novum
529 1726 687 1808 desertis
709 1724 843 1808 incolis
865 1724 955 1835 igne
972 1734 1177 1832 crematur,
1198 1735 1235 1808 et
1254 1725 1357 1833 apud
1377 1725 1556 1834 Gryptam
1573 1723 1766 1808 Ferratam

360 1856 467 1965 ponit
492 1865 616 1940 castra
644 1882 713 1939 sua
742 1867 780 1940 et
808 1858 849 1939 in
881 1856 1131 1940 exterioribus
1155 1856 1294 1940 Urbem
1316 1856 1500 1939 deuastat.
1526 1856 1574 1940 Et
1600 1867 1691 1940 tunc
1718 1856 1768 1940 de

362 1989 543 2097 Gregorio
564 2013 664 2097 papa
683 1989 788 2098 quod
806 1988 942 2072 obierit
958 1987 1102 2072 Romae
1120 1989 1204 2071 XXI
1222 1988 1374 2098 augusti
1392 2013 1463 2096 pro
1485 1998 1586 2072 certo
1609 1990 1764 2099 accepit.

361 2119 416 2204 De
433 2120 543 2230 cujus
567 2120 719 2204 licentia
741 2120 954 2204 cardinales
981 2146 1116 2204 omnes
1139 2121 1206 2230 qui
1229 2131 1334 2203 extra
1353 2120 1492 2205 Urbem
1511 2120 1680 2230 fuerant,
1700 2148 1770 2232 pro

362 2251 542 2336 electione
559 2279 680 2362 papae
699 2253 875 2336 facienda
897 2254 948 2336 ad
965 2251 1104 2336 Urbem
1122 2254 1295 2336 redeunt.
1312 2254 1413 2338 Rrec.
1434 2281 1479 2336 nu
1499 2254 1538 2337 S.
1562 2255 1682 2339 Ganu.
1704 2281 1767 2363 ap.

362 2383 568 2492 Macedon,
589 2385 796 2496 scriptor„
815 2396 845 2468 t.
867 2384 948 2492 VU,
968 2412 1008 2494 p.
1034 2385 1150 2469 1048.

417 2910 644 3016 Friderious,
666 2913 926 2996 Romanorum
945 2913 1164 3022 imperator,
1181 2913 1263 3022 regi
1282 2910 1442 3020 Angliae
1460 2921 1498 2994 et
1515 2911 1669 3020 regibus
1688 2910 1774 2992 aliis
1798 2923 1979 3034 ngdffi,

365 3053 528 3126 mortem
548 3045 719 3154 Gregorii
738 3045 830 3130 noni
847 3071 970 3155 papae
996 3046 1164 3151 nuntiat,
1189 3069 1346 3153 sperans
1369 3043 1444 3126 aiio
1463 3054 1614 3152 pastore
1635 3043 1675 3124 in
1695 3043 1771 3125 Se·
1836 3039 1941 3138 atto

365 3175 453 3258 dem
485 3177 743 3286 Apostolicam
766 3177 991 3284 substituto,
1021 3201 1154 3284 pacem
1185 3176 1224 3256 in
1254 3174 1397 3285 populo
1421 3175 1627 3258 christiano
1654 3201 1771 3256 secu-

367 3317 511 3417 turam,
533 3311 635 3392 unde
657 3309 806 3392 facibus
824 3309 1010 3392 invasioni
1037 3309 1282 3392 Tartarorum
1300 3319 1533 3390 occurratur.

449 3520 543 3600 (Edit.
563 3539 613 3600 up.
630 3522 713 3583 Par.
729 3521 764 3582 de
786 3523 850 3582 Vin.
871 3524 980 3602 Epist,
1002 3523 1055 3584 Ub.
1078 3522 1109 3598 Ι,
1125 3539 1190 3599 cap.
1210 3523 1270 3596 xl;
1289 3523 1358 3583 coli.
1378 3539 1448 3583 cum
1465 3525 1556 3584 vartts
1574 3522 1653 3586 Bibi.
1675 3521 1772 3584 Umor.

486 3627 580 3688 Parta.
601 3629 767 3707 codicibus3
786 3636 817 3689 et
833 3630 866 3690 tn
886 3635 1016 3706 excerpt.
1030 3628 1145 3690 Atheni
1158 3628 1295 3701 bohemi,
1310 3645 1359 3707 ap.
1374 3628 1514 3706 Herm,
1534 3625 1613 3690 stol.
1626 3625 1679 3689 der
1695 3626 1773 3690 liter.

493 3733 609 3796 Vereins
620 3734 846 3816 mnsruttqart,
861 3741 884 3796 t.
900 3735 983 3812 XVI,
998 3751 1027 3813 p.
1047 3735 1110 3814 58.)

417 3913 643 4014 [Fridericus,
660 3930 743 4009 etc,
758 3921 832 4015 regi
846 3921 988 4017 Anglie,
1007 3918 1091 4020 eto]
1103 3917 1293 3994 victorioso
1310 3921 1464 3994 exercitu
1482 3931 1598 3994 nostro
1614 3923 1776 3995 Romanis

370 4036 499 4112 finibus
518 4040 706 4133 insidente,
728 4044 774 4116 ad
796 4066 883 4138 qnos
906 4044 1072 4118 aviditate
1093 4043 1330 4138 componenda
1349 4043 1445 4138 pacis
1461 4053 1496 4116 et
1510 4053 1592 4116 voto
1606 4046 1776 4139 generatis

369 4161 503 4236 dissidii
516 4165 717 4238 removendi
733 4167 926 4262 specialiter
936 4167 1105 4241 celsitudo
1118 4175 1233 4240 nostra
1248 4167 1418 4262 pervenit,
1432 4167 1591 4262 publicus
1602 4167 1648 4240 ad
1665 4177 1777 4242 castra

369 4295 484 4359 nostra
499 4307 616 4360 rumor
626 4289 750 4380 exivit,
765 4289 860 4384 quod
873 4289 975 4362 die...
991 4291 1157 4386 presentis
1171 4291 1297 4364 mensis
1307 4291 1459 4384 angusti,
1472 4291 1655 4385 Gregorius
1664 4313 1777 4365 nonus

370 4431 460 4506 papa
480 4410 584 4483 rebus
607 4421 659 4484 est
676 4411 837 4484 humanis
859 4423 1041 4509 exemptus
1059 4414 1125 4509 (t),
1148 4424 1186 4486 nt
1205 4413 1266 4508 qui
1282 4435 1403 4509 pacem
1423 4423 1458 4488 et
1475 4423 1656 4488 tractatum
1682 4415 1778 4512 pacis

917 4582 995 4590 ..-
1003 4583 1042 4590 --.
1049 4581 1462 4591 ..--.-..-..--.--—---.-——
1668 4583 1771 4595 ..—

407 4661 443 4734 (t)
461 4661 607 4734 Gregorius
620 4676 692 4736 papa
706 4662 781 4720 senio
795 4667 822 4719 et
837 4663 926 4720 undio
940 4662 1077 4721 contectus
1090 4665 1163 4738 apud
1176 4665 1291 4722 Romam
1302 4647 1432 4723 vicesimo
1443 4663 1531 4739 primo
1545 4664 1652 4738 augusti
1665 4663 1778 4725 dissita

371 4755 478 4815 iunctus
490 4764 542 4829 est,
554 4764 679 4832 utsupra
690 4759 852 4818 monuimus.

451 4857 487 4919 V.
508 4873 598 4922 ΡΜ.
1583 4871 1639 4927 147
