4468 6010
239 672 331 730 rm.
350 663 411 748 rar
685 663 880 726 ursronra
907 665 1199 729 rrrconnrrcn

294 1192 455 1276 Litterae
485 1191 721 1302 responsales
758 1193 808 1275 ad
843 1192 1092 1302 justitiarium
1128 1193 1371 1303 capitanatae
1401 1193 1450 1275 de
1490 1191 1649 1302 pecunia
1676 1204 1856 1308 *offla-³

242 1335 373 1408 mutuo
392 1333 542 1433 recepta
564 1351 633 1433 pro
650 1323 752 1407 lacto
776 1325 1073 1409 marinariorum
1092 1335 1129 1409 et
1146 1325 1344 1434 prisonum
1363 1325 1596 1409 restituenda
1613 1333 1650 1408 et
1711 1313 1820 1358 ‘m'

242 1457 498 1567 computanda
516 1467 686 1566 tempore
704 1456 892 1539 ratiocinii
906 1456 1003 1566 ejus.

320 1657 448 1740 (nque.
462 1656 566 1737 erpa.
584 1653 700 1716 Γηὼν.
717 1656 757 1732 11,
771 1655 823 1717 tol.
840 1664 878 1716 ta
893 1673 994 1730 ramo3
1009 1658 1042 1717 ln
1055 1655 1126 1717 adlt.
1141 1655 1280 1729 caream,
1294 1671 1325 1732 p.
1342 1657 1426 1734 tot.)

288 1829 338 1902 De
352 1829 525 1923 imperiali
543 1829 701 1900 mndata
717 1829 802 1919 [ecto
813 1851 877 1922 per
895 1830 1094 1922 magistrum
1112 1825 1282 1902 eilbertum
1299 1831 1429 1923 scripsit
1450 1831 1589 1903 Iacobus
1611 1833 1651 1903 de

245 1956 369 2025 Bactra
383 1954 512 2024 licterm
529 1950 732 2046 responsales
746 1973 756 2017 :

288 2076 514 2167 Fredericus,·
532 2086 615 2164 otc,
640 2073 807 2148 lliccardo
822 2074 869 2148 do
889 2075 1140 2148 llontelusculo
1154 2073 1340 2166 justitiario
1354 2074 1566 2170 Capitinam,
1584 2089 1649 2152 etc.

246 2199 441 2273 &vodonis
458 2207 517 2270 tue
532 2197 669 2272 lieteras
686 2198 901 2292 benignitate
919 2199 1112 2294 recepimus
1125 2207 1290 2272 consueta
1311 2209 1346 2274 et
1367 2221 1486 2273 aarum
1501 2211 1654 2276 tenorem

246 2323 477 2396 intelleximus
493 2320 687 2414 diligenter.
706 2322 810 2408 Quod
829 2331 945 2395 autem
964 2321 1166 2416 significasti
1184 2322 1285 2396 nobis
1301 2322 1400 2416 qnia,
1418 2345 1498 2398 cum
1516 2335 1654 2422 propter

247 2447 331 2520 aeris
346 2446 600 2519 inclementiam
619 2446 815 2541 perplures
835 2445 912 2518 dies
935 2446 1086 2541 oportuit
1105 2455 1140 2520 te
1156 2446 1268 2520 lacera
1288 2467 1420 2520 moram
1441 2469 1521 2520 cnm
1544 2449 1655 2543 galeis

247 2569 369 2644 nostris
381 2569 478 2665 apud
491 2569 671 2642 Civitatem
686 2569 844 2642 Veterem
861 2579 896 2642 et
911 2568 1088 2641 marinarii
1104 2569 1202 2662 galee
1219 2570 1372 2642 Surrenti
1387 2579 1421 2642 et
1436 2571 1534 2662 galee
1553 2571 1655 2647 Yscle

247 2693 429 2766 terminum
443 2693 699 2788 compleverant
716 2712 779 2786 pro
794 2711 864 2788 qno
891 2693 1027 2765 fuerant
1049 2691 1206 2784 solidati,
1227 2713 1288 2787 pro
1312 2693 1503 2768 solidandis
1524 2695 1655 2770 eisdem

247 2839 306 2913 pro
327 2815 527 2913 quindecim
548 2816 671 2889 diebus
693 2824 728 2888 at
746 2836 810 2912 pro
830 2815 1077 2889 sustentatione
1097 2815 1252 2912 ipsomm
1274 2817 1336 2910 qui
1357 2818 1492 2890 fucrant
1513 2819 1655 2893 ducenti

247 2942 418 3037 octoginta
437 2951 506 3014 tres
518 2949 554 3013 et
573 2961 637 3036 pro
655 2939 864 3013 comestione
882 2939 987 3013 etiam
1009 2939 1224 3035 captivorum
1247 2961 1337 3034 quos
1353 2961 1432 3012 cnm
1450 2941 1534 3036 ipsis
1548 2943 1657 3036 galeis

247 3088 305 3164 par
320 3076 356 3139 te
377 3065 536 3138 misimus
550 3065 588 3136 in
603 3085 750 3159 regnum
764 3064 826 3160 qni
845 3065 981 3137 luerent
999 3065 1140 3137 trecenti
1156 3064 1408 3160 quinquaginta
1428 3073 1462 3137 et
1488 3075 1653 3159 quatuor,

248 3201 366 3264 mutuo
376 3209 554 3285 receperas
569 3188 689 3261 uncias
704 3188 886 3282 sexaginta
901 3188 990 3262 duas
1007 3196 1042 3260 et
1060 3196 1197 3262 tarenos
1210 3197 1341 3284 septem
1353 3195 1389 3260 at
1401 3186 1522 3262 decem
1534 3197 1569 3262 et
1584 3211 1657 3264 ma·

250 3313 354 3403 diam,
369 3315 483 3411 placet
495 3313 640 3390 nobiset
657 3295 865 3386 mandamns
877 3310 972 3384 atde
985 3311 1211 3407 proventibus
1224 3311 1464 3405 justitiariatus
1477 3313 1528 3385 tui
1544 3313 1656 3386 credi·

249 3440 379 3512 toribus
402 3437 563 3511 roetitnas
588 3437 710 3510 uncias
735 3434 975 3532 supradictas,
1004 3435 1162 3508 volentes
1189 3435 1288 3530 ‘quod
1310 3445 1462 3531 tempora
1489 3437 1657 3509 ratiocinii

251 3565 297 3636 tui
311 3565 388 3659 ipse
402 3561 467 3635 tibi
485 3561 588 3634 uncie
602 3567 857 3656 computentur,
872 3559 962 3632 sicut
977 3579 1037 3632 eas
1053 3579 1117 3658 pro
1133 3555 1227 3632 dicto
1244 3559 1385 3634 servitio
1399 3569 1518 3635 nostro
1534 3581 1658 3634 neees-

250 3683 560 3781 sariocxpendisti.

296 3814 423 3886 natum
434 3807 530 3906 apnd
548 3807 699 3882 llontem
714 3805 849 3895 Altum,
867 3803 897 3878 V
914 3803 1045 3896 martii,
1063 3803 1140 3878 Xlll
1155 3803 1361 3878 indictionis.

454 4073 949 4087 ....--··-—--.--.-----...--.
980 4073 1166 4080 --...-..‚....-.
1185 4075 1191 4078 .
1218 4073 1306 4080 .---...
1340 4075 1344 4078 .
1408 4076 1451 4082 „-

305 4327 466 4412 litterae
482 4323 720 4434 responsales
748 4323 798 4405 ad
824 4321 1035 4406 iohannem
1058 4322 1107 4404 de
1126 4319 1244 4404 Giollo
1269 4321 1318 4404 de
1342 4323 1449 4407 novis
1465 4327 1513 4408 de
1530 4327 1659 4411 ultra-
1686 4351 1869 4454 *effice

254 4482 475 4569 marcquae
501 4453 740 4567 significavit,
758 4453 807 4535 de
824 4449 971 4536 balistis
989 4452 1125 4561 emptis
1152 4454 1192 4533 in
1210 4452 1351 4562 palatio
1368 4455 1563 4542 Messanae
1590 4489 1660 4546 re-
1725 4460 1830 4504 amaea

254 4590 453 4699 ponendis,
478 4590 527 4672 de
543 4586 717 4698 expensis
735 4585 959 4670 nardorum
977 4584 1046 4693 qui
1064 4585 1267 4668 mittuntur
1285 4587 1335 4669 ad
1352 4589 1511 4672 curiam.

335 4767 461 4850 (aaut.
476 4767 581 4848 imper.
594 4763 714 4828 stede.
726 4763 768 4844 11,
782 4764 836 4826 tol.
854 4771 893 4824 tt
907 4777 1007 4838 rerem
1023 4765 1055 4824 tu
1066 4763 1139 4824 edlt.
1154 4763 1291 4838 caream,
1302 4782 1333 4843 p.
1352 4766 1433 4844 teu.)
