4524 6012
310 719 405 778 Irturm.
426 715 487 799 lb}
754 715 950 777 HISTORIA
975 715 1270 778 nleuouuvlca
1586 737 1589 744 ’
1656 716 1716 777 665

309 853 430 924 vestris
449 851 632 924 desideriis
648 850 873 942 adfectatum,
890 851 1038 923 brachiis
1057 851 1170 922 velitis
1188 852 1383 945 patentibus
1401 851 1602 944 amplexari,
1623 853 1716 924 nullo

310 975 478 1046 contrario
504 974 626 1069 spiritu
654 973 820 1070 propositi
853 973 957 1046 vestri
984 975 1208 1046 constentiam
1241 975 1456 1046 immutante.
1485 973 1568 1044 Cum
1599 975 1715 1067 itaque

309 1107 444 1191 tempus
468 1097 666 1186 advenerit,
680 1117 750 1190 quo
773 1095 873 1169 noble
891 1107 926 1168 et
945 1096 1089 1190 imperio
1105 1117 1241 1191 semper·
1255 1097 1360 1190 grati,
1378 1097 1517 1192 potestis
1538 1096 1610 1168 fieri
1636 1120 1714 1188 gra·

310 1221 426 1311 bores,
449 1242 513 1292 voe
526 1241 666 1293 cramus
686 1221 864 1313 exurgite,
883 1227 1015 1292 mentes
1041 1229 1173 1294 vestras
1198 1222 1244 1294 ad
1260 1221 1559 1316 contemplandam
1580 1221 1713 1315 imperii

309 1343 511 1436 sapientiam
532 1357 568 1415 et
584 1343 747 1414 virtutem
769 1343 906 1436 erigite,
930 1365 1063 1438 nosque
1084 1345 1271 1439 principem
1289 1355 1443 1418 vestrum
1464 1366 1505 1416 ac
1526 1345 1713 1437 gratiosum

309 1467 486 1561 agnoscite
506 1488 754 1562 possessorem,
771 1475 889 1562 parate
910 1469 1002 1538 viam
1027 1467 1175 1550 domini,
1202 1479 1311 1541 rectas
1339 1469 1437 1540 tacite
1460 1469 1599 1542 semitas
1623 1471 1710 1561 ejus,

310 1591 413 1662 tollite
427 1611 523 1662 seras
544 1599 721 1686 portarum
747 1600 956 1682 vestrarum,
977 1599 1016 1660 ut
1035 1591 1137 1664 Cesar
1155 1600 1270 1664 voster
1292 1591 1479 1664 rebellibus
1501 1591 1661 1663 terribilis
1681 1600 1715 1664 et

308 1713 407 1785 vobis
428 1713 548 1786 veniat
573 1723 795 1802 mansuetus,
822 1714 857 1784 in
881 1716 980 1806 cujus
1002 1713 1156 1787 adventu
1177 1715 1357 1808 quiescant
1380 1715 1540 1809 spiritus,
1565 1717 1624 1810 qui
1653 1737 1714 1788 voe

310 1837 473 1910 hacteuus
492 1837 692 1931 fatigabant.
709 1839 799 1912 Ecce
813 1849 942 1928 auum,
962 1848 1000 1910 nt
1015 1859 1120 1934 snper
1135 1839 1177 1910 iis
1194 1849 1229 1910 et
1248 1838 1325 1910 aliis
1345 1837 1446 1910 vobis
1460 1838 1713 1932 beneplacitum

307 1971 419 2034 nostre
442 1961 629 2054 majestatis
652 1983 842 2035 reseremus
867 1963 968 2057 plene
989 1962 1217 2050 verbotenus,
1247 1962 1414 2033 mittimus
1443 1961 1488 2032 ad
1514 1983 1578 2036 vos
1603 1963 1645 2034 U.
1669 1963 1714 2036 de

306 2086 497 2175 Saxolorti,
516 2084 653 2158 fidelem
678 2095 850 2176 nostrum,
878 2087 934 2158 oni
955 2107 995 2158 ea
1016 2108 1087 2180 que
1106 2086 1206 2158 vobis
1225 2107 1272 2157 ex
1301 2095 1396 2179 parte
1421 2085 1527 2157 nostri
1554 2087 1714 2160 culminis

306 2208 453 2298 dixerit,
481 2218 646 2304 tanquam
665 2209 710 2282 ab
727 2229 787 2282 ore
807 2219 921 2284 nostro
941 2209 1088 2304 prolata,
1109 2209 1235 2281 curetis
1258 2209 1493 2281 indubitanter
1518 2209 1657 2284 credere
1679 2224 1714 2284 et

303 2333 484 2406 efficaciter
500 2333 702 2429 adimplere.

975 2568 1038 2638 III.

384 2758 481 2836 (Edlt.
504 2776 554 2835 ap.
572 2760 656 2819 Petri
674 2756 709 2818 de
729 2757 792 2818 Via.
808 2758 919 2837 Epire„
934 2757 985 2818 llb.
1004 2757 1045 2832 11,
1061 2774 1123 2834 cap.
1140 2757 1240 2836 XIIII,
1255 2759 1354 2818 collat.
1373 2775 1440 2818 cum
1460 2761 1549 2820 varfls
1570 2759 1709 2820 Blbltoth.

422 2864 522 2925 Cesar.
535 2865 629 2925 Paris.
644 2862 819 2942 codicibus.)

349 3060 567 3150 Fredeu'cus,
587 3069 670 3148 etc,
697 3057 914 3155 Tyburtinis,
937 3067 1003 3132 etc.
1030 3060 1164 3142 Quanta
1188 3058 1233 3128 sit
1259 3055 1337 3128 fidei
1362 3067 1475 3128 vestre
1500 3059 1707 3152 synceritas,

302 3206 407 3278 qnam
425 3205 508 3276 erga
527 3203 590 3254 noe
605 3195 638 3254 et
652 3181 834 3276 imperinm
851 3192 1009 3276 prompta
1030 3181 1154 3252 mentis
1170 3179 1344 3252 alacritate
1362 3180 1581 3276 protenditis,
1599 3182 1711 3255 aliena

302 3307 496 3400 cujuspiam
521 3305 706 3378 verborum
735 3313 937 3396 argumenta
964 3325 1032 3374 nou
1059 3303 1271 3396 querimus:
1301 3325 1381 3374 eum
1408 3302 1550 3374 effectus
1575 3305 1707 3398 operis,

300 3427 392 3499 dicto
409 3427 684 3522 preponderans,
704 3447 816 3498 coram
843 3425 943 3496 noble
972 3426 1207 3521 experimenta
1234 3425 1419 3512 dilucidet,
1443 3437 1477 3496 et
1503 3427 1710 3500 conscientie

302 3561 417 3622 nostre
448 3550 613 3644 prolessIo
645 3549 783 3622 testium
814 3548 1026 3642 quantalibet
1056 3547 1270 3644 depositione
1298 3549 1470 3620 solennior
1505 3550 1705 3644 interpellet.

299 3675 439 3746 Scimus
452 3673 593 3762 etenim,
608 3672 679 3744 imo
691 3673 764 3764 jam
779 3691 916 3766 semper
921 3671 1040 3764 judice
1056 3673 1144 3744 Iacto
1157 3671 1394 3766 probavimus,
1410 3673 1558 3766 qualiter
1570 3675 1709 3768 Tybur-

301 3799 374 3868 tine
390 3797 585 3870 devotionis
601 3797 780 3889 integritas
795 3805 948 3891 puatam
960 3797 1122 3869 continue
1137 3817 1174 3868 se
1187 3797 1311 3868 nostris
1325 3797 1499 3890 obsequiis
1516 3806 1710 3870 reverenter

298 3919 474 4011 exhibuIt,
491 3929 525 3990 et
544 3920 580 3990 in
599 3917 679 3990 fidei
700 3927 815 3991 nostre
829 3919 1024 3992 constancia
1038 3917 1257 3991 devntIouem
1276 3919 1434 4012 puritatis
1451 3920 1610 3992 ostendit.
1632 3921 1709 3992 Sci-

303 4041 499 4114 mnsetiam
523 4041 618 4137 quod
635 4039 717 4113 fidei
738 4051 851 4114 vestre
873 4041 1034 4136 perfectio
1056 4039 1232 4113 damnosis
1255 4041 1404 4114 bostium
1427 4043 1574 4136 impulsa
1598 4065 1708 4114 cona-

299 4164 414 4256 tibus,
435 4173 470 4236 et
487 4165 686 4236 conducam
707 4165 859 4236 sentiens
880 4185 927 4235 ex
946 4163 1120 4235 vicinitate
1137 4163 1303 4236 olfensam
1324 4165 1377 4235 vel
1399 4165 1513 4258 potIus
1533 4184 1579 4236 ex
1595 4167 1707 4237 otien-

298 4289 408 4362 sionIs
432 4289 610 4361 viciuitate
623 4293 811 4382 jacturam,
832 4287 868 4359 in
890 4310 932 4362 eo
955 4309 1090 4383 semper
1110 4297 1162 4360 est
1188 4289 1224 4358 in
1248 4289 1372 4359 nostris
1393 4289 1542 4360 servitiis
1566 4289 1707 4383 probata

299 4411 501 4504 ferventior,
530 4435 601 4507 qno
618 4414 780 4486 lesionem
805 4413 943 4507 pertulit
965 4413 1130 4484 bedenas
1154 4412 1362 4502 graviorem.
1383 4411 1438 4483 Ad
1460 4412 1706 4506 compassionis

300 4539 418 4632 itaque
431 4545 546 4609 nostre
558 4536 751 4632 precordia,
766 4537 871 4609 Immo
882 4536 928 4608 ad
938 4545 1049 4608 vestre
1060 4535 1386 4630 recompensationis
1398 4551 1546 4608 examen
1564 4531 1707 4608 libenter

300 4660 515 4733 admittimus
531 4659 765 4731 universitatis
780 4669 896 4732 vestre
908 4659 1122 4752 gravamina,
1140 4659 1201 4752 qui
1219 4668 1288 4730 tam
1306 4653 1459 4730 hilariter
1475 4665 1588 4731 nostra
1608 4681 1706 4730 man-

299 4783 381 4856 data
400 4783 572 4858 servanda
595 4782 789 4878 suscipitis,
807 4789 876 4854 mm
898 4782 1020 4854 devote
1043 4803 1105 4877 pro
1127 4783 1244 4856 debita
1267 4793 1463 4855 nostrornm
1487 4783 1705 4856 servitiorum
