4374 6010
572 671 634 734 3⁶3
1074 663 1288 724 rnrnnnrcr
1313 663 1490 728 sacuam
1543 684 1545 690 r
1803 669 1882 754 [aaa.
1900 671 1985 736 taen

573 813 740 877 tenorem.
762 800 865 886 Quod
886 796 1052 892 scripsisti
1077 797 1249 870 derebus
1273 799 1447 874 Laurentii
1467 800 1644 896 quondam
1668 803 1863 896 granio-terii
1889 808 1988 881 vallis

572 927 674 1000 Nothi
692 947 761 998 non
775 923 885 1018 posita
902 921 1034 994 ratione
1056 921 1151 993 curie
1167 931 1284 994 nostra
1302 921 1470 1015 defuncti,
1489 947 1578 1020 quas
1591 925 1710 1021 cepisti
1726 927 1773 1000 ad
1787 949 1876 1023 opus
1893 931 1988 1002 curie

574 1061 689 1124 nostre
704 1059 739 1122 et
754 1048 901 1142 inquiris
917 1047 1006 1119 sicut
1024 1046 1188 1142 scripsisti
1203 1047 1288 1120 alias
1307 1048 1507 1142 capiendas,
1524 1059 1659 1144 gratum
1677 1052 1829 1144 gerimus
1845 1062 1881 1124 et
1893 1075 1987 1128 mun·

574 1175 759 1248 damnent
781 1173 827 1246 de
848 1171 929 1244 dote
951 1181 986 1244 ot
1005 1170 1139 1244 dotario
1166 1170 1292 1245 dandis
1317 1173 1421 1245 uxori
1444 1171 1602 1264 eiusdem
1620 1175 1792 1248 laurentii
1815 1196 1934 1248 serves
1952 1187 1987 1250 ot

574 1299 679 1371 iacias
700 1295 796 1391 quod
819 1296 883 1367 erit
906 1294 951 1368 do
968 1297 1048 1387 jure
1068 1294 1168 1368 etde
1193 1295 1446 1370 consuetudine
1462 1297 1624 1392 regionis.
1647 1299 1696 1370 lle
1713 1300 1877 1394 expensis
1898 1299 1988 1372 datis

574 1422 737 1517 magistro
749 1419 892 1516 Symoni
910 1419 956 1492 de
971 1419 1071 1514 Syria
1088 1419 1263 1492 balistario
1280 1421 1345 1514 qni
1361 1420 1494 1493 laborat
1513 1429 1553 1492 nt
1570 1421 1692 1492 scribis
1708 1422 1834 1495 cotidie
1849 1423 1988 1496 balistas

448 1559 450 1564 ·
574 1567 638 1642 pro
652 1544 748 1617 curia
760 1553 895 1635 nostra,
910 1543 1019 1638 placet
1034 1542 1134 1615 nobis
1149 1541 1246 1637 quod
1266 1543 1312 1616 ad
1328 1543 1508 1616 utilitatem
1527 1543 1623 1616 curie
1639 1553 1753 1618 nostre
1771 1546 1899 1636 lecisti3
1919 1546 1988 1620 de-

574 1668 681 1742 buisti
706 1675 821 1740 mmen
849 1665 975 1738 lictoris
1001 1663 1070 1738 tuis
1098 1665 1342 1738 conscientiam
1370 1677 1520 1739 nostram
1548 1667 1715 1740 instruere
1739 1679 1824 1763 quot
1846 1669 1986 1742 balistas

574 1792 705 1865 laboret
726 1813 789 1886 per
804 1810 957 1862 mensem
974 1799 1010 1862 et
1024 1789 1172 1883 qualiter
1190 1787 1328 1883 prolicit
1344 1790 1380 1860 in
1400 1811 1504 1884 opere
1520 1811 1585 1862 suo
1600 1811 1661 1885 per
1683 1791 1929 1885 septimanam,
1948 1803 1986 1864 ut

574 1937 621 1988 ex
633 1915 747 1986 lrnotu
759 1912 872 2010 operia
884 1911 939 1984 sui
951 1933 1124 2006 expensas
1136 1911 1245 2006 ipsius
1260 1911 1440 1984 commode
1453 1913 1667 2004 metiremur,
1683 1913 1728 1986 de
1741 1935 1812 2008 qno
1824 1915 1985 1986 volumus

575 2050 615 2110 nt
630 2037 877 2134 negligentiam
894 2044 988 2108 tuam
1008 2035 1180 2108 redimens
1204 2035 1242 2108 id
1265 2035 1367 2108 nobis
1390 2033 1564 2130 significes
1586 2037 1751 2110 seriatim.
1775 2039 1824 2110 De
1844 2038 1988 2132 pulvere

576 2160 787 2234 inveniendo
805 2180 868 2255 pro
889 2157 1125 2232 destructione
1148 2159 1311 2252 lnporum
1325 2161 1427 2251 juxta
1451 2157 1653 2232 mandatnm
1681 2169 1857 2248 nostrum,
1888 2161 1989 2233 intel·

435 2331 438 2338 ·
575 2283 725 2356 leximns
740 2281 836 2376 qnod
860 2281 988 2372 iecisti,
1008 2291 1043 2352 et
1055 2301 1136 2353 ecoe
1160 2279 1323 2352 dedimus
1341 2281 1377 2352 in
1394 2280 1567 2354 mandatis
1582 2281 1764 2354 Thomasio
1786 2280 1834 2354 de
1848 2281 1989 2376 Aquino

575 2405 692 2479 comiti
705 2404 910 2478 Acerrarnm
925 2402 1019 2477 lideli
1040 2411 1157 2476 nostro
1181 2411 1218 2475 ut
1238 2402 1284 2476 de
1299 2405 1443 2499 pulvere
1459 2404 1535 2499 ipso
1553 2403 1615 2476 tibi
1632 2405 1789 2499 proxime
1808 2405 1927 2477 mictat
1941 2404 1988 2478 ad

575 2530 707 2623 copiam
717 2555 727 2620 ;
739 2529 856 2602 miotat
869 2529 972 2600 etiam
987 2525 1033 2598 ad
1044 2537 1077 2600 te
1090 2527 1180 2601 duos
1193 2527 1352 2600 homines
1365 2526 1410 2600 de
1419 2527 1579 2600 iaciendo
1594 2529 1737 2622 pulvere
1750 2538 1786 2601 et
1798 2528 1890 2623 lupis
1900 2529 1988 2602 occi·

576 2651 701 2726 deudis
717 2652 913 2743 instructos,
932 2651 1159 2745 quibuscum
1178 2651 1225 2724 ad
1243 2660 1277 2723 te
1295 2651 1516 2747 pervenerint
1529 2651 1741 2724 naeessarias
1762 2673 1935 2748 expansas
1954 2661 1989 2724 te

484 2793 487 2798 ’
575 2777 737 2847 volumus
750 2773 929 2847 exhibere.
947 2775 997 2846 De
1013 2773 1195 2846 thomasio
1214 2774 1358 2846 Fabiani
1382 2775 1443 2869 qui
1459 2784 1596 2846 tenetur
1612 2775 1708 2846 curie
1723 2783 1838 2846 nostre
1852 2774 1888 2845 iu
1908 2796 1989 2847 sex·

576 2897 686 2968 centis
700 2895 812 2968 unciis
830 2895 877 2968 de
891 2894 1024 2968 ratione
1040 2905 1199 2990 portum
1215 2895 1332 2967 Sicilie
1349 2905 1387 2967 nt
1404 2895 1590 2990 scripsisti,
1612 2916 1675 2966 cur
1688 2894 1799 2990 ipsum
1817 2893 1863 2967 de
1875 2903 1987 2968 oestro

576 3018 811 3112 Calatagoroni
828 3040 899 3114 qno
917 3017 1094 3114 qnondam
1110 3027 1263 3094 secretus
1284 3041 1364 3092 eum
1391 3019 1506 3114 posuit
1522 3015 1744 3116 [amoverisl]
1762 3029 1798 3092 et
1821 3019 1857 3089 in
1877 3027 1989 3092 casto

575 3143 734 3216 Bubalini
766 3142 941 3236 posueris,
972 3163 1019 3214 ex
1047 3141 1174 3214 lictoris
1202 3141 1271 3212 tuis
1298 3139 1589 3235 comprehendere
1613 3141 1848 3234 nequivimus.
1876 3141 1990 3214 Placet

576 3277 690 3339 tamen
706 3264 807 3338 nobis
828 3264 857 3336 si
877 3285 940 3359 pm
959 3265 1105 3336 utilitate
1126 3264 1222 3336 curie
1239 3273 1354 3336 nostro
1376 3264 1428 3336 sic
1445 3264 1568 3337 iecisti.
1588 3265 1639 3336 lla
1662 3265 1790 3338 Jacobo
1813 3265 1989 3357 Peregrini

576 3390 622 3463 de
638 3387 783 3462 Lentino
804 3398 839 3460 et
857 3387 959 3459 sociis
983 3387 1094 3460 tribus
1116 3388 1177 3482 qui
1201 3385 1399 3460 habuerunt
1420 3387 1457 3458 in
1480 3386 1612 3459 cabella
1635 3387 1810 3460 vivarium
1834 3389 1985 3476 bantini,

576 3511 706 3584 flumen
732 3518 767 3582 et
783 3509 956 3605 piverinm
978 3518 1012 3582 et
1034 3509 1161 3583 debent
1183 3519 1222 3581 ut
1244 3509 1410 3606 scripsisti
1431 3509 1477 3582 de
1502 3509 1642 3582 residuo
1658 3507 1706 3598 *El-¹
1722 3511 1989 3584 occxxxvlttt

576 3643 712 3706 tarenos
729 3641 764 3705 et
784 3632 869 3726 qnia
891 3633 1076 3706 noluerunt
1093 3635 1245 3724 solvero,
1267 3653 1327 3706 eos
1344 3653 1481 3705 caream
1501 3633 1722 3728 mancipasti,
1743 3633 1848 3706 rebus
1867 3655 1989 3707 eorum

577 3757 686 3852 ceptis
696 3755 742 3830 ad
756 3777 843 3850 opus
852 3756 948 3828 curia
960 3765 1086 3849 nostro,
1101 3756 1213 3851 placet
1225 3755 1327 3828 nobis
1340 3755 1436 3849 quod
1450 3755 1534 3828 inda
1549 3756 1672 3827 iecisti.
1687 3757 1737 3828 De
1749 3757 1897 3851 pecunia
1907 3757 1989 3831 data

576 3859 756 3955 ammirato
778 3878 872 3952 fideli
892 3889 1007 3953 nostro
1019 3901 1083 3974 pro
1106 3879 1256 3952 servitiis
1272 3879 1397 3952 nostris
1413 3887 1526 3973 preter
1538 3879 1645 3952 salem
1667 3888 1702 3951 et
1716 3879 1865 3971 ferrum,
1880 3901 1989 3974 quam

576 4004 742 4099 scripsisti
765 4003 872 4076 luisse
894 4003 930 4074 in
948 3999 1115 4088 summa}
1130 4001 1202 4074 CXl
1222 4002 1360 4092 uncias,
1383 4001 1568 4075 laudamus
1590 4001 1803 4092 diligentiam
1821 4012 1935 4093 tuam,
1955 4013 1991 4076 et

577 4128 653 4224 ipse
665 4125 748 4201 indo
761 4135 865 4221 ponet
879 4126 1032 4200 debitam
1046 4126 1225 4198 rationem.
1239 4127 1290 4198 lle
1304 4125 1453 4220 pecunia
1467 4125 1549 4197 data
1562 4123 1699 4196 dudum
1712 4125 1864 4198 lordauo
1876 4125 1990 4198 Filan·

577 4253 673 4348 gerio
689 4251 867 4345 capitaneo
882 4270 944 4344 pro
962 4249 1111 4322 servitiis
1125 4249 1267 4341 nostris,
1284 4249 1330 4322 do
1344 4248 1559 4323 mcccxvltl
1571 4245 1713 4347 [unciis]
1725 4248 1816 4322 datis
1827 4250 1991 4324 Romanis

576 4372 824 4450 mercatoribus
837 4373 940 4465 juxta
957 4372 1158 4445 mandatnm
1182 4381 1361 4460 nostrum,
1387 4371 1432 4444 de
1452 4381 1591 4444 centum
1609 4371 1722 4444 unciis
1739 4370 1830 4444 datis
1850 4373 1991 4446 Nicolao

576 4498 622 4571 de
638 4499 750 4570 Trana
765 4497 911 4568 vallecto
928 4495 1127 4569 marescallo
1144 4503 1259 4568 nostre
1271 4517 1334 4591 pro
1350 4495 1513 4590 expensis
1526 4513 1695 4588 equorum
1716 4515 1805 4587 quos
1824 4493 1931 4567 duxit
1945 4494 1991 4568 ad

575 4621 707 4696 ouriam
729 4628 902 4708 nostram,
929 4617 975 4690 da
1000 4617 1149 4713 pecnnia
1173 4617 1255 4690 data
1277 4639 1340 4713 pro
1361 4617 1545 4712 expensis,
1566 4639 1629 4713 pro
1654 4617 1804 4690 servitiis
1829 4628 1865 4690 at
1883 4617 1991 4692 rebus

524 4790 527 4798 ,
576 4742 777 4819 necessariis
793 4762 930 4814 camere
951 4741 1176 4836 imperatricis
1199 4741 1367 4816 consortis
1392 4750 1524 4830 nostre,
1543 4739 1879 4834 tnamdiligeutiam
1893 4763 1991 4815 com·
