4468 6010
273 645 368 706 tamer.
385 639 446 726 la]
698 639 894 702 utsuouta
918 639 1212 702 utuuouttutca
1622 637 1683 700 825

274 779 416 868 boltnnn,
443 787 545 872 prout
566 776 634 850 atio
653 797 739 850 oves
754 777 850 849 curie
874 786 989 848 nostre
1015 775 1089 848 dori
1110 781 1375 849 consueverunt.
1397 771 1511 857 Quare
1529 770 1683 846 fidelitati

274 911 332 972 tue
345 897 570 996 precipiendo
583 899 791 973 mandamus
807 909 979 994 quatenns
1001 920 1087 972 oves
1104 899 1198 994 ipsas
1214 917 1335 972 omnes
1351 895 1398 968 ad
1419 915 1508 991 opus
1529 905 1681 968 nostrum

276 1023 468 1118 recipisset
483 1045 564 1096 oum
581 1023 698 1097 debita
719 1021 901 1116 diligentia
923 1022 1029 1096 facias
1053 1021 1248 1116 procurari,
1267 1019 1433 1094 rationem
1454 1018 1683 1092 detractibus

276 1168 335 1220 seu
355 1148 488 1220 caballo
506 1145 657 1242 preteriti
678 1145 842 1240 temporis
857 1155 1056 1242 recepturus
1071 1165 1115 1218 ne
1129 1145 1163 1217 in
1177 1145 1228 1218 eis
1244 1145 1342 1218 curia
1357 1152 1472 1216 nostra
1489 1141 1679 1216 fraudetur.

321 1272 447 1343 Datum
466 1267 518 1368 [ot
535 1266 664 1368 cupro}

1266 1585 1466 1596 un-u-o--a-——u

326 1847 550 1931 Mandatum
578 1848 627 1929 ad
659 1856 845 1930 secretum
873 1846 1068 1930 Messanae
1094 1856 1136 1929 ut
1161 1845 1374 1930 obbertum
1400 1844 1684 1928 commendem
1740 1851 1862 1948 ,3³2th

276 1979 323 2062 dc
340 1979 516 2090 Augusta
538 1991 577 2063 et
597 1979 743 2062 socium
764 1977 847 2088 ejus
865 1979 906 2060 in
924 1978 1096 2088 pertibus
1115 1979 1309 2088 Augustae
1327 1979 1377 2059 ad
1398 1978 1596 2061 thesauros
1614 1978 1683 2058 in-

276 2112 480 2194 veniendos
502 2111 630 2196 fodere
646 2112 852 2220 permittat.

354 2332 484 2414 (aqna
499 2335 602 2414 rapa.
615 2305 733 2394 aaa.
748 2333 787 2405 ιι,
802 2332 855 2395 rot.
871 2339 910 2392 aa
922 2339 1018 2407 rom
1033 2335 1065 2393 n
1078 2332 1150 2393 eut.
1164 2331 1342 2409 cunm.
1361 2331 1443 2409 an.)

322 2529 373 2600 sse
387 2530 547 2602 mndata
562 2529 728 2624 imperiali
749 2533 837 2620 sacto
849 2549 913 2622 per
931 2527 1127 2618 mopiatmm
1150 2528 1284 2596 Petram
1308 2527 1348 2596 dc
1376 2529 1475 2600 Viaco
1490 2531 1621 2622 scripsit
1639 2532 1680 2600 P.

273 2653 312 2722 do
324 2653 443 2746 Capua
455 2676 467 2720 .·

320 2773 535 2865 Prodericus,
551 2783 636 2864 etc,
651 2775 772 2866 Majori
788 2773 833 2847 de
846 2775 1051 2846 Plancatona
1061 2781 1193 2846 secreto
1207 2768 1405 2871 [Messane],
1422 2784 1489 2848 etc.
1506 2776 1683 2849 Accedens

274 2894 318 2968 ad
331 2897 541 2990 presentiam
554 2907 703 2970 nostram
719 2896 1129 2970 ObbertnsCommenaiis
1142 2894 1188 2968 de
1201 2895 1355 2987 Augusta
1370 2897 1484 2990 legum
1499 2901 1679 2992 professor,

275 3017 383 3090 fidelis
399 3029 534 3110 noster,
553 3041 616 3114 pro
633 3030 729 3114 parto
755 3041 819 3093 sua
838 3028 873 3092 et
894 3020 1030 3092 Bactari
1049 3019 1132 3091 socii
1152 3018 1207 3090 sui
1231 3018 1278 3091 de
1299 3018 1421 3092 cadem
1441 3030 1547 3114 terra,
1567 3036 1682 3097 nostro

275 3143 452 3238 proposuit
467 3145 634 3236 majestati
653 3143 748 3236 quod
768 3143 804 3215 in
823 3143 979 3238 partibus
997 3142 1152 3236 Auguste
1174 3151 1255 3214 sunt
1272 3143 1347 3214 loca
1365 3143 1399 3214 in
1418 3146 1548 3238 quibus
1568 3159 1681 3242 sperat

274 3263 415 3338 tirmiter
439 3267 657 3338 inventiones
684 3267 856 3339 maximas
883 3267 1055 3358 invenire,
1080 3267 1109 3338 si
1137 3287 1201 3338 nos
1223 3265 1290 3338 sibi
1322 3265 1484 3340 daremus
1510 3269 1681 3344 licentiam

274 3388 416 3461 iodondi
439 3389 476 3459 in
499 3388 655 3483 partibus
681 3391 766 3485 ipsis
784 3391 859 3463 sina
884 3391 1152 3463 contradictione
1173 3391 1230 3462 vel
1256 3390 1408 3462 molestia
1427 3392 1586 3486 alicujus.
1613 3397 1682 3468 Nos

274 3521 388 3583 autern
406 3521 580 3605 sperantes
598 3511 680 3584 indo
701 3511 829 3585 habere
845 3533 947 3607 poseo
969 3511 1179 3608 proficuum,
1200 3511 1355 3586 fidelitati
1378 3523 1438 3588 tuo
1462 3517 1682 3614 precipiendo

274 3633 480 3708 mandamns
497 3634 661 3729 quatinus
685 3635 722 3706 in
745 3635 829 3708 locis
852 3657 922 3730 que
942 3635 1008 3731 ipsi
1027 3635 1242 3708 decreverint
1257 3638 1406 3730 partium
1430 3640 1678 3734 predictarum,

274 3757 410 3830 eadem
430 3757 564 3852 absque
582 3757 830 3851 impedimento
850 3759 998 3852 alicujus
1015 3759 1197 3853 permictas
1219 3759 1337 3834 todem
1359 3761 1433 3834 suis
1452 3762 1628 3837 laboribus
1648 3776 1683 3838 et

276 3881 449 3974 expensis,
472 3879 602 3973 obgens
622 3879 868 3953 nichilominus
884 3878 974 3952 dnos
991 3881 1086 3953 viros
1102 3881 1266 3976 providos
1286 3882 1413 3956 divites
1434 3895 1469 3956 et
1488 3885 1605 3960 fideles
1620 3891 1682 3982 qui

275 4023 351 4074 cum
376 4002 429 4074 eis
447 4021 511 4096 pro
527 4009 625 4097 parte
645 4002 740 4075 curia
766 4012 881 4075 nostre
902 4013 1078 4074 morentur
1095 4012 1135 4075 nt
1153 4005 1323 4100 principia
1341 4005 1445 4096 hujus
1468 4007 1517 4078 rei
1541 4007 1682 4080 videant

271 4133 305 4196 et
319 4133 480 4214 eventus,
498 4145 560 4219 per
574 4143 663 4219 qnos
683 4126 788 4198 etiarn
807 4135 921 4198 certus
938 4125 984 4200 de
1001 4127 1159 4221 singulis,
1175 4129 1292 4202 omnia
1303 4130 1433 4202 scribas
1451 4129 1562 4219 nobis,
1579 4151 1681 4204 omno

270 4247 424 4319 studium
444 4257 479 4320 ct
497 4248 711 4342 diligentiam
728 4249 923 4338 babituros,
938 4257 1005 4322 etc.

320 4371 444 4443 Datum
461 4371 699 4462 Viterbii,X11
715 4373 847 4464 martii,
866 4372 944 4444 Xlll
958 4373 1167 4448 indictionis.
