4468 6010
545 677 606 740 rea
1044 678 1259 740 rnrnnnrcr
1284 667 1457 740 sncu'nnr
1771 677 1849 761 [sn.
1869 677 1954 740 rste.

545 809 770 884 destinamus.
790 809 844 883 Ad
863 831 907 884 ea
926 819 1077 884 ceterum
1090 833 1160 906 que
1175 813 1298 886 misisti
1314 811 1361 886 de
1380 811 1609 908 prothontinis
1622 809 1790 886 faciendis
1805 813 1843 883 in
1860 813 1956 886 Mes-

543 958 645 1022 sana,
667 934 872 1008 mandamus
890 935 952 1006 tihi
976 945 1148 1029 quatenns
1174 935 1265 1010 dues
1288 935 1409 1010 fideles
1425 943 1560 1010 nostroe
1581 935 1627 1008 de
1650 956 1777 1028 genere
1794 935 1954 1008 fidelium

542 1069 635 1132 ortos
650 1069 684 1132 et
700 1059 746 1132 ad
763 1059 998 1132 exercendum
1012 1060 1163 1132 officium
1179 1061 1291 1154 ipsum
1308 1061 1516 1134 sufficientes
1528 1079 1570 1130 ac
1588 1058 1727 1152 dignos,
1741 1059 1827 1130 alios
1843 1071 1956 1134 tamen

543 1204 646 1276 quam
664 1204 722 1255 eos
740 1181 785 1256 de
803 1183 931 1276 quibus
950 1182 1146 1256 celsitudini
1167 1193 1282 1256 nostre
1302 1183 1487 1279 scripsisti,
1504 1183 1705 1278 perquirere
1719 1182 1862 1256 studeas
1876 1184 1957 1258 dili·

543 1315 663 1398 genter
680 1315 714 1378 et
731 1306 807 1378 illos
819 1327 908 1400 quos
924 1306 1117 1399 quasiveris
1131 1308 1231 1380 nobis
1249 1329 1310 1402 per
1324 1307 1459 1380 licteras
1475 1315 1554 1378 tuae
1570 1306 1765 1400 significare
1779 1327 1954 1401 procures.

542 1431 654 1526 Super
667 1431 745 1502 aliis
758 1451 841 1502 vero
860 1430 1018 1524 capitulis
1040 1453 1110 1525 que
1125 1430 1303 1526 predictus
1322 1430 1466 1504 nuntius
1484 1439 1567 1502 tuus
1582 1429 1694 1502 fidelia
1711 1439 1825 1502 noster
1841 1451 1956 1534 coram

542 1564 657 1628 nostra
672 1555 849 1648 proposuit
861 1553 1065 1626 celsitudine
1077 1555 1271 1648 diligenter,
1290 1554 1374 1648 quia
1390 1564 1504 1626 tecum
1521 1552 1713 1627 deliberare
1727 1553 1954 1647 disponimus,

541 1678 748 1750 mandamus
764 1675 919 1749 fidelitati
937 1685 997 1748 tue
1017 1677 1182 1771 quatinus
1198 1699 1260 1772 pro
1273 1677 1340 1774 hys
1358 1685 1394 1752 at
1409 1677 1488 1750 aliis
1506 1676 1553 1751 ad
1574 1677 1782 1772 presentiam
1804 1687 1955 1752 nosuam

541 1801 683 1874 studeas
697 1809 730 1872 te
747 1802 914 1872 conlerre.

589 1927 714 1998 Datum
727 1923 889 2014 viterbii,
906 1923 1027 1996 ultimo
1042 1924 1224 2016 februarii,
1246 1925 1323 1997 lllll
1339 1923 1549 1998 indictionis.

589 2049 761 2119 Decedam
775 2047 932 2118 mandato
947 2049 1078 2142 scripsit
1089 2049 1205 2120 idem:
1488 2142 1492 2152 Ι

589 2173 808 2261 Fredericus,
828 2181 911 2261 ate,
930 2171 1084 2244 Nicolino
1107 2172 1270 2267 spinule,
1290 2181 1357 2244 etc.
1377 2171 1518 2244 Licterr's
1539 2171 1609 2242 tuis
1624 2167 1756 2268 [super]
1776 2171 1864 2244 lucto
1883 2172 1957 2244 vio-

540 2297 685 2369 tnalium
705 2295 908 2367 excellentia
931 2304 1045 2367 nostre
1070 2295 1185 2367 missis
1207 2295 1307 2368 solita
1331 2295 1545 2391 benignitate
1568 2295 1715 2390 receptis
1733 2305 1768 2366 et
1786 2295 1956 2368 intellecta

540 2420 723 2513 diligenter
741 2419 950 2492 continentie
973 2418 1195 2507 earumdem,
1221 2419 1377 2493 studium
1400 2431 1498 2491 tuum
1514 2429 1549 2491 et
1569 2417 1837 2492 sollicitudinem
1849 2441 1955 2512 quam

539 2544 630 2617 circa
645 2545 824 2616 utilitatem
838 2543 933 2615 curie
951 2553 1066 2614 nostra
1080 2543 1172 2636 geris
1194 2545 1364 2616 actantiae
1382 2541 1678 2615 commendamus.
1695 2543 1747 2615 lle
1762 2541 1954 2616 vendendis

537 2667 711 2763 siquidem
735 2666 988 2761 quinquaginta
1007 2667 1160 2738 millibus
1178 2668 1295 2740 salmis
1314 2667 1517 2739 victualium
1537 2687 1600 2762 pro
1621 2665 1852 2760 quadraginta
1874 2667 1952 2738 mil·

537 2793 629 2864 libus
646 2793 826 2864 unciarum
842 2789 1039 2864 deferendis
1053 2790 1088 2861 in
1103 2791 1254 2862 navibus
1270 2791 1395 2864 nostris
1408 2791 1502 2886 apud
1512 2791 1704 2879 Tunisium,
1718 2813 1806 2884 quas
1818 2790 1953 2862 onerari

537 2916 642 2990 ladas
657 2916 693 2988 in
714 2915 993 3010 quibuscumque
1007 2915 1174 3008 portubus
1191 2915 1315 2986 melius
1331 2924 1366 2987 ct
1384 2915 1504 2986 utilius
1520 2935 1585 3010 pro
1604 2923 1720 2986 nostra
1734 2913 1832 2987 curia
1847 2935 1951 3008 repu-

537 3041 643 3130 tabis,
663 3048 802 3135 gratnm
815 3038 977 3113 ducimus
994 3046 1029 3110 et
1045 3038 1187 3109 culmini
1207 3047 1323 3111 nostro
1339 3038 1463 3134 placet.
1481 3037 1651 3112 Fidelitati
1673 3047 1733 3111 tue
1746 3037 1953 3110 mandamus

536 3174 708 3260 quatenus
727 3185 789 3259 per
806 3171 911 3236 wtam
923 3161 1074 3234 Siciliam
1090 3162 1295 3256 generaliter
1312 3162 1454 3234 studeas
1472 3161 1656 3258 prohibere
1670 3157 1834 3234 ne'alicni
1851 3162 1961 3234 liceat

537 3289 743 3360 frumentum
767 3286 949 3360 extrahere
972 3306 1154 3380 quousque
1179 3307 1288 3358 naves
1306 3287 1402 3358 curie
1423 3297 1538 3359 nostre
1560 3286 1685 3358 fuerint
1706 3293 1859 3358 onerate.
1884 3285 1953 3358 Nos

536 3413 640 3486 etiam
654 3433 759 3507 super
775 3410 840 3482 hoe
854 3409 1069 3505 prohibendo
1084 3419 1241 3504 patentes
1256 3419 1390 3482 nostras
1403 3410 1539 3482 licteras
1554 3409 1778 3482 destinamus.

584 3537 710 3608 Datum
729 3529 780 3630 [ct
793 3529 932 3630 supro}

585 3659 634 3731 Ilo
646 3659 756 3730 eodem
770 3657 928 3730 mudule
946 3657 1077 3751 scripsit
1093 3657 1208 3730 idem:

583 3783 802 3872 Fredaricns,
822 3791 906 3870 etc,
923 3782 1094 3854 universis
1105 3782 1297 3876 portulanis
1309 3803 1373 3876 per
1388 3783 1538 3854 Siciliam
1556 3781 1764 3868 constitutis,
1779 3789 1845 3852 etc.
1865 3780 1950 3852 Cum

535 3907 691 3980 Nicolino
709 3907 853 4003 Spinule
871 3907 970 3999 regni
985 3905 1099 3978 Sicilie
1114 3905 1294 3976 ammirato
1311 3904 1406 3978 fideli
1424 3915 1540 3978 nostro
1563 3904 1723 3977 dedimus
1743 3906 1868 3976 nostris
1886 3905 1951 3978 lic·-

535 4031 617 4104 terie
639 4031 675 4102 in
694 4029 866 4104 mandatis
890 4038 931 4100 nt
950 4027 1202 4123 quinquaginta
1227 4029 1335 4100 millia
1354 4029 1480 4101 salmas
1503 4027 1707 4100 victualium
1729 4027 1827 4123 apud
1844 4029 1950 4100 Tuni-

535 4153 625 4226 eium
657 4153 805 4226 navibus
835 4152 961 4225 nostrie
995 4151 1122 4225 deierri
1154 4150 1256 4224 iaciat
1283 4160 1319 4224 et
1346 4150 1480 4224 onerari
1514 4171 1574 4224 eas
1604 4151 1642 4222 in
1672 4151 1952 4247 quibuscumque

535 4277 704 4372 portubus
722 4277 845 4348 malins
858 4285 893 4346 et
909 4274 1028 4346 utilius
1044 4295 1107 4368 pro
1123 4283 1240 4346 nostra
1254 4273 1350 4348 cuma
1367 4274 1554 4370 reputabit,
1568 4273 1725 4348 fidelitati
1740 4282 1854 4348 vestre
1873 4297 1951 4370 pre·

535 4399 697 4495 cipiendo
709 4398 915 4474 mandamns
928 4397 1281 4493 quatennsdeS'rcilia
1293 4398 1411 4492 aliqua
1425 4399 1589 4471 victualia
1603 4399 1800 4472 nullatenus
1813 4398 1948 4474 extrahi

535 4523 744 4618 permictatis
759 4543 943 4619 quousque
965 4543 1073 4598 naves
1091 4529 1207 4596 nosue
1231 4521 1358 4596 luerint
1377 4531 1517 4596 onerate
1539 4521 1743 4595 victualium
1758 4521 1948 4617 quantitate

535 4645 704 4742 predicta.

582 4772 708 4844 Datum
727 4764 778 4866 [at
795 4765 929 4867 ruprc1.
