4384 6004
269 731 447 816 luntcr.14.]
716 729 911 792 HISTORIA
935 727 1226 792 utrtottarlctt.
1600 717 1678 780 tlte

267 870 380 944 'seculi
393 869 470 941 Xlll
486 889 507 940 a
521 865 710 939 Boebmero
722 863 882 957 lundato;
902 867 963 939 ubi
980 887 1120 962 quoqne
1134 875 1235 938 notae
1253 859 1513 954 chronologicae
1526 858 1677 930 relernn·

272 1005 340 1086 tur,
359 1015 451 1088 quae
467 1001 549 1064 sunt
564 990 612 1064 ita
631 1015 640 1061 ε

321 1120 444 1190 uarum
457 1117 492 1188 in
507 1113 627 1188 asna
640 1094 928 1209 inaspectum,
949 1113 1011 1187 xn
1026 1112 1190 1186 kalendas
1204 1111 1294 1206 juna
1311 1109 1392 1204 (uae
1404 1106 1511 1204 jutis),
1531 1107 1608 1180 xrv
1625 1107 1678 1179 tn-

271 1241 444 1318 dictionis.

321 1367 493 1460 Scriptum
509 1371 562 1437 est
576 1362 680 1435 simili
695 1360 798 1435 modo
815 1361 993 1436 Lndovioo
1008 1362 1082 1454 regi
1095 1361 1302 1434 Francorum
1318 1357 1531 1452 caeterisque
1544 1355 1676 1452 princi-

275 1490 377 1587 pibus
385 1486 587 1578 occidentis,
597 1495 684 1562 teste
693 1484 860 1560 Ricoardo
871 1484 917 1560 de
929 1496 1048 1559 sancto
1060 1483 1242 1576 Germano,
1253 1483 1405 1555 Circuic.
1416 1483 1461 1554 cd
1472 1504 1552 1553 oua.
1569 1477 1676 1570 tuti,

275 1635 394 1690 mense
404 1614 517 1706 junio,
537 1611 600 1706 qni
616 1610 726 1705 prima
740 1609 848 1682 verba
866 1619 998 1682 tantum
1015 1607 1160 1704 inserit(
1183 1607 1210 1704 l.

1066 1881 1408 1894 mann-—

327 2147 560 2256 Fridericus,
593 2147 854 2230 Romanorum
884 2146 1108 2256 imperator,
1142 2143 1271 2227 scribit
1304 2143 1385 2254 regi
1420 2142 1605 2252 Ungariae
1635 2142 1684 2224 de
1746 2163 1847 2248 mgqg

277 2279 440 2364 adventu
458 2280 734 2386 lecturorum,
761 2289 799 2362 et
829 2278 1074 2389 conqueritur
1104 2277 1139 2360 ei
1169 2278 1217 2360 de
1244 2302 1363 2386 papa,
1393 2285 1546 2385 propter
1574 2275 1683 2386 cujus

276 2413 590 2522 impedimentum
621 2438 699 2496 non
735 2421 858 2521 potest
893 2411 947 2494 eis
987 2408 1163 2517 obviare,
1200 2435 1362 2492 monens
1404 2409 1509 2518 quod
1553 2436 1685 2494 versus

276 2543 438 2629 Romam
457 2547 528 2628 iter
544 2543 677 2652 faciet,
697 2569 830 2654 pacem
848 2543 880 2626 si
898 2543 978 2626 lieri
998 2543 1118 2654 possit
1135 2551 1377 2626 tractaturus.

358 2759 454 2838 (Edit.
469 2776 519 2838 ap.
532 2759 617 2821 Petri
631 2757 666 2820 dc
685 2760 782 2820 Vincis
795 2759 892 2839 epist,
903 2757 957 2819 llb.
969 2759 995 2835 1,
1010 2775 1076 2836 cap.
1091 2757 1216 2837 xxtx.)

325 2947 534 3041 Fridericus,
553 2958 622 3024 etc.
635 2951 752 3023 Honor
763 2948 911 3044 imperii,
926 2947 988 3042 qui
1005 2957 1144 3043 propter
1155 2946 1365 3020 turbationes
1376 2955 1567 3042 temporum
1585 2946 1688 3020 valde

278 3073 390 3147 luerat
408 3073 443 3146 io
461 3073 558 3178 ltalia
582 3073 793 3162 diminutus,
815 3093 876 3167 per
896 3093 1000 3166 quem
1019 3081 1137 3143 nostra
1155 3081 1189 3143 et
1206 3071 1369 3150 exaltatio
1389 3070 1582 3166 principum
1610 3093 1686 3166 pro·

279 3207 430 3284 curatur,
450 3196 583 3270 tamdiu
601 3217 677 3288 nos,
696 3217 743 3268 ex
759 3195 901 3268 consilio
916 3204 976 3268 tuo
994 3194 1191 3267 stallorum
1210 3195 1422 3290 principum,
1443 3195 1560 3268 adsui
1579 3196 1686 3268 retor-

279 3321 463 3394 mutionem
485 3321 597 3393 tenuit
617 3321 653 3392 in
676 3318 808 3392 eisdem
830 3319 984 3414 partibus
1000 3327 1199 3413 occupatos,
1218 3328 1257 3390 ut
1275 3319 1486 3412 quibuslibet
1503 3317 1637 3392 deliciis
1654 3333 1689 3392 et

280 3445 383 3536 regiis
398 3443 713 3540 opportunitatibus
730 3443 967 3538 pretermissis,
984 3463 1128 3536 persone
1141 3451 1255 3516 nostre
1269 3463 1311 3516 ao
1324 3455 1518 3516 nostrorum
1534 3441 1686 3518 fidelium

281 3569 485 3642 continuatis
505 3567 704 3658 laboribus,
728 3589 790 3663 per
808 3567 1031 3662 quamplures
1053 3587 1161 3640 annos
1178 3567 1296 3640 estivis
1316 3568 1530 3664 temporibus
1556 3578 1590 3642 et
1604 3569 1687 3667 byc-

280 3691 428 3764 malibus
437 3692 579 3764 minime
591 3711 811 3787 parceremus
823 3719 832 3763 :
845 3712 992 3784 regnum
1006 3688 1266 3782 hereditarium,
1282 3701 1396 3764 nostre
1409 3693 1526 3766 matris
1542 3703 1689 3786 auguste

280 3815 541 3903 obventionem,
569 3824 604 3888 et
624 3813 807 3888 commoda
829 3834 900 3910 que
929 3814 1163 3908 undecunque
1187 3815 1414 3910 perveniunt,
1441 3827 1554 3912 preter
1578 3837 1690 3891 mores

323 3991 364 4072 (a)
385 3992 477 4052 Extat
490 4007 608 4069 qnoque
623 3991 741 4052 initlum
759 3991 898 4069 eplutolae
914 3991 1046 4069 ejusdem
1066 3991 1113 4052 vel
1131 3993 1236 4054 slmllls
1255 4007 1305 4070 cp.
1328 3991 1478 4053 bitumum
1496 3999 1527 4054 ct
1545 3993 1688 4070 Dumnn,

281 4094 418 4178 Ampliat.
436 4092 509 4158 cott.
525 4103 550 4158 t.
559 4096 601 4174 11,
613 4096 669 4157 col.
684 4103 772 4176 rtet,
788 4105 821 4156 n·
831 4095 914 4172 xlx,
927 4098 991 4158 stne
1002 4097 1091 4158 tltulo
1104 4104 1135 4159 at
1145 4098 1347 4159 cnmcxordlo
1358 4099 1555 4176 discrepanti:
1572 4119 1588 4158 u
1605 4099 1687 4160 Teur-

277 4222 336 4284 pur
348 4204 464 4285 estjam
476 4201 511 4264 de
524 4219 627 4266 mmor
639 4219 756 4284 surpere
760 4221 777 4278 ,·
788 4209 899 4282 tempus
912 4209 954 4266 rrt
965 4205 1089 4282 corporis
1106 4210 1135 4268 rt
1147 4201 1240 4265 cordis
1253 4201 1347 4265 under
1359 4205 1484 4284 aperus
1499 4205 1572 4267 Ecce
1583 4209 1689 4267 emeris

281 4309 323 4372 nd
333 4308 459 4372 radicem
470 4306 608 4370 orborum
619 4310 731 4389 pontu,
749 4325 809 4369 erce
822 4307 937 4390 quidem
954 4307 1069 4391 quotus
1081 4307 1122 4370 ud
1138 4327 1201 4371 erra
1211 4311 1360 4390 peruenit,
1375 4309 1445 4372 rium
1459 4311 1492 4371 in
1504 4329 1616 4372 omnem
1629 4320 1687 4374 ter·

281 4433 346 4478 rom
356 4417 446 4478 estut
458 4433 544 4478 renus
564 4432 663 4476 eorum
675 4416 727 4497 qui
738 4413 871 4496 pecunie
888 4414 1109 4479 christianitatis
1124 4415 1269 4478 aridium
1283 4417 1690 4482 commisereaturque

282 4523 412 4605 irtojom
428 4521 554 4599 dudum,
569 4529 636 4601 eta,
651 4531 686 4583 ut
703 4539 792 4600 supra
805 4540 899 4601 usque
912 4523 950 4584 atl
962 4523 1054 4584 verba
1073 4522 1167 4584 rodem
1185 4531 1381 4604 assumpserat
1399 4521 1690 4606 reprimeretur

282 4646 350 4690 vero
362 4629 472 4691 desunt
486 4645 495 4688 r
508 4628 617 4688 additis
628 4629 836 4690 tantummodo
850 4637 918 4707 post
931 4626 982 4690 red
993 4646 1052 4689 ecce
1065 4650 1076 4688 .-
1091 4627 1176 4708 Quod
1187 4636 1230 4692 ert
1241 4628 1348 4692 auditu
1359 4629 1503 4692 terribile:
1520 4640 1587 4710 post
1598 4650 1690 4694 ruer·

282 4735 356 4796 ruti
369 4753 380 4793 .·
394 4735 465 4796 Jam
477 4750 529 4794 nor
536 4731 633 4816 preda
643 4731 802 4814 florentum
813 4735 968 4818 primoque
981 4743 1078 4798 rostra
1095 4753 1208 4814 mmm,
1223 4743 1253 4798 et
1266 4739 1299 4798 ln
1312 4740 1377 4799 rice
1387 4735 1520 4817 firmiter
1541 4735 1689 4802 aeduus.-

282 4839 367 4904 Nuur
380 4840 472 4922 mopir
484 4837 645 4922 erripuriter
656 4838 703 4904 uel
713 4839 946 4904 indubitabiliter
958 4839 1107 4920 creditu,-
1119 4858 1196 4921 quae
1208 4845 1292 4920 parri
1307 4847 1449 4907 momenti
1462 4853 1543 4909 sunt.
