4564 6038
313 657 491 734 lsnrcr.12.]
760 653 955 714 ttlstoltttl
981 653 1271 716 btrtomstlcrt.
1645 653 1722 718 1183

361 789 552 882 Conradus,
571 787 644 861 divi
660 788 799 881 augusti
819 789 1032 884 imperatoris
1044 789 1207 864 Friderici
1225 789 1328 880 filins,
1348 790 1411 864 Dei
1428 789 1538 882 gratia
1552 789 1587 860 in
1605 811 1721 884 regem

313 917 543 988 Romanorum
560 911 705 994 electus,
721 931 856 1005 semper
873 923 1044 1006 augustus
1060 922 1095 985 et
1112 914 1211 986 heres
1223 913 1321 1007 regni
1342 912 1543 986 Jerusalem.
1560 912 1624 984 Per
1639 934 1723 1007 pre·

313 1059 392 1110 sens
414 1037 577 1130 scriptum
603 1032 650 1106 ed
677 1032 863 1118 modernos
887 1035 1047 1130 protendi
1065 1039 1224 1130 cupimus
1243 1045 1278 1108 et
1299 1036 1345 1109 ad
1369 1037 1501 1108 loturos
1524 1033 1719 1127 quodcum
1768 1133 1773 1140 Ι

313 1161 410 1234 Cuno
430 1160 475 1232 de
493 1157 702 1250 lieilenberg
722 1155 834 1231 fidelis
860 1159 1038 1233 familiaris
1063 1169 1190 1248 noster,
1213 1161 1397 1232 multorum
1420 1157 1665 1232 beneficiorum
1688 1168 1722 1231 et

312 1415 346 1479 et
362 1405 525 1498 genitoris
538 1405 647 1478 nostri
667 1425 737 1476 non
754 1403 900 1492 oblitus,
921 1405 1141 1478 dilectissimo
1160 1405 1302 1478 domino
1324 1414 1359 1478 et
1374 1405 1520 1498 genitori
1544 1413 1661 1476 nostro
1686 1413 1722 1476 et

312 1529 412 1603 nobis
429 1529 538 1601 libere
555 1537 590 1600 et
606 1528 753 1600 scienter
771 1537 921 1600 castrum
939 1549 1042 1600 suum
1054 1529 1271 1621 lleillcnberg
1290 1529 1326 1598 in
1346 1549 1464 1600 veram
1477 1528 1721 1623 proprietatem

312 1653 486 1744 obtulerit,
502 1649 759 1726 considerantes
774 1651 877 1723 talem
895 1649 1000 1724 fidem
1014 1660 1049 1723 et
1063 1651 1283 1724 devotionem
1296 1673 1378 1744 erga
1392 1673 1455 1724 nos
1468 1661 1503 1724 et
1521 1650 1718 1746 imperium,

313 1775 507 1871 predictum
524 1783 675 1847 castrum
694 1774 827 1846 Cunoni
843 1775 988 1869 ejusque
1006 1775 1125 1865 uxori,
1151 1773 1231 1846 filiis
1251 1783 1286 1848 et
1301 1773 1438 1848 filiabus
1455 1795 1502 1848 ex
1520 1774 1615 1868 regia
1635 1773 1720 1846 libe·

312 1899 445 1971 ralitate
460 1899 496 1969 in
513 1896 658 1971 lendum
678 1903 849 1970 castrense
867 1907 1072 1991 perpetuum
1092 1897 1317 1983 contulimus,
1342 1897 1408 1970 boc
1428 1918 1509 1969 cum
1525 1894 1722 1970 discrimine

311 2020 408 2117 quod
432 2021 586 2117 prelatus
607 2020 704 2093 Cuno
725 2019 762 2090 in
785 2030 973 2092 memorato
989 2019 1040 2112 (a)
1065 2029 1175 2092 castro
1197 2019 1376 2092 honestam
1403 2019 1649 2093 habitationem
1675 2019 1721 2092 ad

312 2167 397 2218 usus
413 2143 623 2218 serenissimi
642 2141 772 2215 domini
789 2141 953 2236 genitoris
969 2151 1004 2216 et
1023 2152 1159 2216 nostros
1183 2141 1345 2216 edificare
1363 2152 1532 2215 teneatur.
1556 2142 1612 2216 Ad
1631 2143 1722 2214 hunc

312 2269 564 2344 edificationem
591 2266 754 2340 dabimus
780 2267 813 2340 ei
835 2267 1010 2341 materiam
1033 2277 1267 2341 cementorum
1295 2276 1329 2340 et
1357 2289 1510 2341 arenam.
1538 2269 1598 2340 llle
1625 2268 1722 2340 Cuno

312 2401 496 2488 quoquest
513 2411 632 2463 omnes
646 2392 702 2462 sui
715 2390 861 2464 heredes
877 2390 923 2463 ad
941 2413 1030 2486 quos
1048 2391 1154 2465 bocco
1166 2401 1317 2464 castrum
1335 2390 1584 2487 possidendum
1599 2413 1722 2485 perve-

313 2518 418 2604 nerit,
439 2537 502 2610 pro
519 2537 581 2588 sua
600 2514 825 2609 possibilitate
843 2523 960 2587 contra
982 2524 1114 2587 nostros
1137 2524 1173 2587 ct
1193 2515 1329 2610 imperii
1349 2515 1464 2588 hostes
1482 2537 1547 2587 cen
1567 2514 1612 2586 de
1629 2523 1720 2587 recte

313 2650 428 2712 nostre
446 2639 652 2734 proprietate
676 2636 846 2730 adjuvare
873 2637 1024 2710 debebit.
1053 2637 1109 2710 Ad
1129 2640 1228 2729 cujus
1248 2639 1299 2711 rei
1324 2639 1526 2710 memoriam
1551 2648 1586 2711 et
1607 2639 1721 2709 stabi-

312 2764 380 2837 lem
397 2761 591 2836 firmitatem
613 2781 755 2856 presens
774 2761 940 2855 scripturn
960 2758 1034 2832 lieri
1063 2761 1209 2833 fecimus
1232 2761 1344 2855 sigillo
1367 2771 1482 2834 nostre
1506 2761 1723 2834 celsitudinis

313 2887 522 2976 roboratum.

360 3013 477 3084 Testes
491 3009 595 3101 hujus
613 3009 663 3082 rei
679 3007 866 3082 adfuerunt
881 3027 997 3080 comes
1018 3005 1064 3080 de
1081 3008 1306 3100 Henneberg,
1325 3029 1440 3082 comes
1459 3008 1504 3081 de
1522 3009 1723 3082 Hebenlohe

311 3123 419 3210 ct'alii
437 3135 672 3228 quamplures.

359 3259 445 3330 Aeta
480 3266 562 3330 sunt
597 3256 663 3328 bec
693 3253 790 3351 apud
827 3255 1106 3346 Francolurtum,
1139 3277 1231 3330 anno
1269 3256 1443 3329 dominice
1476 3256 1723 3332 incarnationis

312 3383 359 3456 11.
372 3381 433 3454 CC.
443 3381 606 3472 XXXIX,
627 3401 745 3453 mense
759 3379 864 3472 julio,
885 3379 1073 3453 indictione
1091 3378 1308 3453 duodecima.

368 3910 584 4024 Conrudus2
613 3918 654 3999 in
682 3919 945 4005 Romanorum
969 3949 1099 4035 regem
1124 3924 1284 4034 electus,
1315 3929 1545 4013 monasterio
1572 3928 1722 4012 seucti-
1762 3951 1903 4050 affin

314 4044 539 4130 monialium
558 4048 606 4132 de
624 4049 829 4136 Meirolden
851 4055 1052 4139 confirmat
1073 4057 1314 4168 privilegium
1337 4058 1500 4170 Philippi
1525 4060 1626 4172 regis
1648 4062 1724 4143 da·
1786 4068 1889 4113 W·
1914 4032 1922 4060 ’

313 4183 397 4257 tum
434 4181 536 4288 apud
573 4181 834 4294 Gelnbausen‚
873 4191 923 4269 et
954 4187 1374 4302 junuarii1207‚quo
1412 4219 1479 4276 rex
1514 4195 1723 4302 quemdem

313 4303 504 4394 bonorem
525 4317 862 4402 commutationem
883 4319 973 4403 huic
996 4321 1174 4406 ecclesiae
1196 4323 1328 4408 utilem
1352 4325 1585 4435 approbavit.

397 4490 566 4572 (Memorat.
581 4499 615 4558 ln
627 4496 744 4582 Beilaqc
754 4519 823 4562 zum
835 4500 1003 4584 Archicfrtr
1016 4503 1121 4566 Korada
1136 4505 1261 4569 onte-r.
1278 4505 1389 4585 dact„
1402 4509 1615 4590 Notlzanblatt,
1632 4519 1721 4587 18⁵2,

433 4609 468 4660 n⁰
482 4609 512 4679 9,
526 4619 558 4679 p.
576 4612 646 4684 132,
660 4623 699 4667 ex
712 4606 933 4672 confirmatione
946 4611 1044 4674 Geruli
1057 4613 1159 4688 Qulntl
1170 4615 1208 4678 de
1221 4632 1300 4678 enno
1315 4615 1419 4698 155⁰.)
1628 4617 1631 4622 ’

358 4751 401 4835 (a)
422 4756 460 4818 1n
474 4762 644 4840 apographo
658 4767 844 4845 mmtcnato,
859 4769 946 4832 mule.
