<?xml version="1.0" encoding="UTF-8"?>
<!DOCTYPE html PUBLIC "-//W3C//DTD XHTML 1.0 Transitional//EN"
    "http://www.w3.org/TR/xhtml1/DTD/xhtml1-transitional.dtd">
<html xmlns="http://www.w3.org/1999/xhtml" xml:lang="en" lang="en">
 <head>
  <title>
</title>
<meta http-equiv="Content-Type" content="text/html;charset=utf-8" />
  <meta name='ocr-system' content='tesseract 3.04.00' />
  <meta name='ocr-capabilities' content='ocr_page ocr_carea ocr_par ocr_line ocrx_word'/>
</head>
<body>
  <div class='ocr_page' id='page_1' title='image "./historiadiploma01fredgoog_0120.png"; bbox 0 0 4468 6010; ppageno 0'>
   <div class='ocr_carea' id='block_1_1' title="bbox 555 670 1970 2764">
    <p class='ocr_par' dir='ltr' id='par_1_1' title="bbox 558 670 1969 1018">
     <span class='ocr_line' id='line_1_1' title="bbox 558 670 1966 756; baseline 0.004 -25"><span class='ocrx_word' id='word_1_1' title='bbox 558 673 619 734; x_wconf 71' lang='lat'><strong>754</strong></span> <span class='ocrx_word' id='word_1_2' title='bbox 1059 671 1272 735; x_wconf 79' lang='lat' dir='ltr'><strong>FIIIIIEIIICI</strong></span> <span class='ocrx_word' id='word_1_3' title='bbox 1298 673 1473 736; x_wconf 77' lang='lat' dir='ltr'><strong>suctum</strong></span> <span class='ocrx_word' id='word_1_4' title='bbox 1782 670 1861 756; x_wconf 76' lang='lat' dir='ltr'><strong>[dn.</strong></span> <span class='ocrx_word' id='word_1_5' title='bbox 1879 672 1966 736; x_wconf 72' lang='lat' dir='ltr'><strong>lato.</strong></span> 
     </span>
     <span class='ocr_line' id='line_1_2' title="bbox 606 807 1969 904; baseline 0.001 -26"><span class='ocrx_word' id='word_1_6' title='bbox 606 811 653 879; x_wconf 81' lang='lat' dir='ltr'><strong>Ile</strong></span> <span class='ocrx_word' id='word_1_7' title='bbox 678 807 835 882; x_wconf 74' lang='lat' dir='ltr'><strong>mndata</strong></span> <span class='ocrx_word' id='word_1_8' title='bbox 862 808 1028 904; x_wconf 66' lang='lat' dir='ltr'><strong>dnpcdoli</strong></span> <span class='ocrx_word' id='word_1_9' title='bbox 1052 811 1140 900; x_wconf 75' lang='lat' dir='ltr'><strong>forto</strong></span> <span class='ocrx_word' id='word_1_10' title='bbox 1163 831 1226 903; x_wconf 81' lang='lat' dir='ltr'><strong>per</strong></span> <span class='ocrx_word' id='word_1_11' title='bbox 1253 809 1421 883; x_wconf 82' lang='lat' dir='ltr'><strong>dominum</strong></span> <span class='ocrx_word' id='word_1_12' title='bbox 1444 811 1589 882; x_wconf 80' lang='lat' dir='ltr'><strong>Iinoaom</strong></span> <span class='ocrx_word' id='word_1_13' title='bbox 1613 807 1746 903; x_wconf 73' lang='lat' dir='ltr'><strong>serpsit</strong></span> <span class='ocrx_word' id='word_1_14' title='bbox 1768 808 1908 887; x_wconf 75' lang='lat' dir='ltr'><strong>Jocabor</strong></span> <span class='ocrx_word' id='word_1_15' title='bbox 1929 809 1969 880; x_wconf 85' lang='lat' dir='ltr'><strong>dc</strong></span> 
     </span>
     <span class='ocr_line' id='line_1_3' title="bbox 559 935 1950 1018; baseline -0.001 -12"><span class='ocrx_word' id='word_1_16' title='bbox 559 935 688 1006; x_wconf 81' lang='lat' dir='ltr'><strong>Baetra</strong></span> <span class='ocrx_word' id='word_1_17' title='bbox 707 955 718 1000; x_wconf 88' lang='lat'><em>:</em></span> <span class='ocrx_word' id='word_1_18' title='bbox 898 965 899 970; x_wconf 65' lang='lat'>,</span> <span class='ocrx_word' id='word_1_19' title='bbox 1906 1009 1912 1018; x_wconf 67' lang='grc'>,</span> <span class='ocrx_word' id='word_1_20' title='bbox 1946 945 1950 952; x_wconf 85' lang='grc'><strong>’</strong></span> 
     </span>
    </p>

    <p class='ocr_par' dir='ltr' id='par_1_2' title="bbox 555 1055 1970 2392">
     <span class='ocr_line' id='line_1_4' title="bbox 605 1055 1969 1154; baseline 0.003 -26"><span class='ocrx_word' id='word_1_21' title='bbox 605 1057 824 1148; x_wconf 84' lang='lat' dir='ltr'><strong>Fredericus‚</strong></span> <span class='ocrx_word' id='word_1_22' title='bbox 845 1066 928 1150; x_wconf 79' lang='lat' dir='ltr'><strong>ete,</strong></span> <span class='ocrx_word' id='word_1_23' title='bbox 947 1059 988 1131; x_wconf 83' lang='lat' dir='ltr'><strong>Il.</strong></span> <span class='ocrx_word' id='word_1_24' title='bbox 1008 1055 1054 1131; x_wconf 90' lang='lat' dir='ltr'><strong>de</strong></span> <span class='ocrx_word' id='word_1_25' title='bbox 1068 1058 1283 1154; x_wconf 80' lang='lat' dir='ltr'><strong>Mouteuigm</strong></span> <span class='ocrx_word' id='word_1_26' title='bbox 1299 1057 1482 1153; x_wconf 74' lang='lat' dir='ltr'><strong>justitiario</strong></span> <span class='ocrx_word' id='word_1_27' title='bbox 1500 1058 1601 1132; x_wconf 83' lang='lat' dir='ltr'><strong>Teme</strong></span> <span class='ocrx_word' id='word_1_28' title='bbox 1615 1056 1859 1147; x_wconf 56' lang='lat' dir='ltr'><strong>Laborispctc.</strong></span> <span class='ocrx_word' id='word_1_29' title='bbox 1875 1056 1969 1132; x_wconf 87' lang='lat' dir='ltr'><strong>Lioot</strong></span> 
     </span>
     <span class='ocr_line' id='line_1_5' title="bbox 557 1180 1970 1278; baseline 0 -26"><span class='ocrx_word' id='word_1_30' title='bbox 557 1182 719 1278; x_wconf 79' lang='lat' dir='ltr'><strong>peratiae</strong></span> <span class='ocrx_word' id='word_1_31' title='bbox 738 1181 873 1253; x_wconf 75' lang='lat' dir='ltr'><strong>lictores</strong></span> <span class='ocrx_word' id='word_1_32' title='bbox 895 1191 1030 1254; x_wconf 88' lang='lat' dir='ltr'><strong>nostras</strong></span> <span class='ocrx_word' id='word_1_33' title='bbox 1048 1182 1293 1256; x_wconf 70' lang='lat' dir='ltr'><strong>mandavimus</strong></span> <span class='ocrx_word' id='word_1_34' title='bbox 1315 1183 1378 1256; x_wconf 92' lang='lat' dir='ltr'><strong>tibi</strong></span> <span class='ocrx_word' id='word_1_35' title='bbox 1403 1191 1443 1254; x_wconf 93' lang='grc' dir='ltr'><strong>ιιι</strong></span> <span class='ocrx_word' id='word_1_36' title='bbox 1463 1202 1584 1256; x_wconf 89' lang='lat' dir='ltr'><strong>omues</strong></span> <span class='ocrx_word' id='word_1_37' title='bbox 1606 1201 1735 1276; x_wconf 87' lang='lat' dir='ltr'><strong>equos,</strong></span> <span class='ocrx_word' id='word_1_38' title='bbox 1751 1180 1914 1255; x_wconf 81' lang='lat' dir='ltr'><strong>roncinos</strong></span> <span class='ocrx_word' id='word_1_39' title='bbox 1934 1189 1970 1254; x_wconf 91' lang='lat' dir='ltr'><strong>et</strong></span> 
     </span>
     <span class='ocr_line' id='line_1_6' title="bbox 556 1305 1969 1400; baseline 0.004 -24"><span class='ocrx_word' id='word_1_40' title='bbox 556 1305 669 1378; x_wconf 89' lang='lat' dir='ltr'><strong>mulos</strong></span> <span class='ocrx_word' id='word_1_41' title='bbox 684 1305 746 1400; x_wconf 85' lang='lat' dir='ltr'><strong>qui</strong></span> <span class='ocrx_word' id='word_1_42' title='bbox 769 1307 909 1378; x_wconf 80' lang='lat' dir='ltr'><strong>luerunt</strong></span> <span class='ocrx_word' id='word_1_43' title='bbox 925 1307 1006 1379; x_wconf 92' lang='lat' dir='ltr'><strong>olim</strong></span> <span class='ocrx_word' id='word_1_44' title='bbox 1018 1308 1065 1380; x_wconf 88' lang='lat' dir='ltr'><strong>II.</strong></span> <span class='ocrx_word' id='word_1_45' title='bbox 1081 1307 1301 1382; x_wconf 83' lang='lat' dir='ltr'><strong>Illarchatabe</strong></span> <span class='ocrx_word' id='word_1_46' title='bbox 1314 1307 1435 1382; x_wconf 77' lang='lat' dir='ltr'><strong>secrcti</strong></span> <span class='ocrx_word' id='word_1_47' title='bbox 1448 1307 1604 1382; x_wconf 67' lang='lat' dir='ltr'><strong>Memno</strong></span> <span class='ocrx_word' id='word_1_48' title='bbox 1624 1315 1660 1381; x_wconf 88' lang='lat' dir='ltr'><strong>et</strong></span> <span class='ocrx_word' id='word_1_49' title='bbox 1673 1313 1755 1380; x_wconf 88' lang='lat' dir='ltr'><strong>sunt</strong></span> <span class='ocrx_word' id='word_1_50' title='bbox 1772 1305 1969 1398; x_wconf 82' lang='lat' dir='ltr'><strong>injustitia-</strong></span> 
     </span>
     <span class='ocr_line' id='line_1_7' title="bbox 556 1427 1969 1522; baseline 0 -22"><span class='ocrx_word' id='word_1_51' title='bbox 556 1429 647 1500; x_wconf 88' lang='lat' dir='ltr'><strong>riatu</strong></span> <span class='ocrx_word' id='word_1_52' title='bbox 660 1437 733 1521; x_wconf 88' lang='lat' dir='ltr'><strong>tuo,</strong></span> <span class='ocrx_word' id='word_1_53' title='bbox 751 1431 909 1504; x_wconf 87' lang='lat' dir='ltr'><strong>micteres</strong></span> <span class='ocrx_word' id='word_1_54' title='bbox 925 1431 973 1505; x_wconf 85' lang='lat' dir='ltr'><strong>ad</strong></span> <span class='ocrx_word' id='word_1_55' title='bbox 985 1431 1116 1504; x_wconf 88' lang='lat' dir='ltr'><strong>curiam</strong></span> <span class='ocrx_word' id='word_1_56' title='bbox 1132 1440 1298 1522; x_wconf 84' lang='lat' dir='ltr'><strong>nostram,</strong></span> <span class='ocrx_word' id='word_1_57' title='bbox 1312 1432 1475 1506; x_wconf 88' lang='lat' dir='ltr'><strong>volumus</strong></span> <span class='ocrx_word' id='word_1_58' title='bbox 1487 1439 1601 1504; x_wconf 87' lang='lat' dir='ltr'><strong>tamen</strong></span> <span class='ocrx_word' id='word_1_59' title='bbox 1616 1438 1652 1502; x_wconf 89' lang='lat' dir='ltr'><strong>st</strong></span> <span class='ocrx_word' id='word_1_60' title='bbox 1665 1427 1872 1508; x_wconf 84' lang='lat' dir='ltr'><strong>mandamus</strong></span> <span class='ocrx_word' id='word_1_61' title='bbox 1882 1427 1969 1502; x_wconf 89' lang='lat' dir='ltr'><strong>lide-</strong></span> 
     </span>
     <span class='ocr_line' id='line_1_8' title="bbox 556 1551 1969 1654; baseline 0.004 -30"><span class='ocrx_word' id='word_1_62' title='bbox 556 1553 642 1625; x_wconf 91' lang='lat' dir='ltr'><strong>litati</strong></span> <span class='ocrx_word' id='word_1_63' title='bbox 661 1562 720 1626; x_wconf 89' lang='lat' dir='ltr'><strong>tue</strong></span> <span class='ocrx_word' id='word_1_64' title='bbox 742 1563 914 1649; x_wconf 85' lang='lat' dir='ltr'><strong>quatenus</strong></span> <span class='ocrx_word' id='word_1_65' title='bbox 930 1553 976 1628; x_wconf 90' lang='lat' dir='ltr'><strong>ad</strong></span> <span class='ocrx_word' id='word_1_66' title='bbox 998 1555 1255 1654; x_wconf 79' lang='lat' dir='ltr'><strong>requisitionem</strong></span> <span class='ocrx_word' id='word_1_67' title='bbox 1278 1553 1508 1629; x_wconf 83' lang='lat' dir='ltr'><strong>Lombardelli</strong></span> <span class='ocrx_word' id='word_1_68' title='bbox 1529 1553 1704 1628; x_wconf 81' lang='lat' dir='ltr'><strong>falcouerii</strong></span> <span class='ocrx_word' id='word_1_69' title='bbox 1727 1551 1833 1626; x_wconf 88' lang='lat' dir='ltr'><strong>nostri</strong></span> <span class='ocrx_word' id='word_1_70' title='bbox 1855 1571 1969 1646; x_wconf 77' lang='lat' dir='ltr'><strong>proto</strong></span> 
     </span>
     <span class='ocr_line' id='line_1_9' title="bbox 555 1675 1968 1773; baseline 0 -23"><span class='ocrx_word' id='word_1_71' title='bbox 555 1685 590 1750; x_wconf 88' lang='lat' dir='ltr'><strong>et</strong></span> <span class='ocrx_word' id='word_1_72' title='bbox 606 1677 682 1750; x_wconf 88' lang='lat' dir='ltr'><strong>aliis</strong></span> <span class='ocrx_word' id='word_1_73' title='bbox 701 1675 897 1750; x_wconf 83' lang='lat' dir='ltr'><strong>salconeriis</strong></span> <span class='ocrx_word' id='word_1_74' title='bbox 914 1680 1038 1752; x_wconf 89' lang='lat' dir='ltr'><strong>uostris</strong></span> <span class='ocrx_word' id='word_1_75' title='bbox 1056 1679 1117 1773; x_wconf 90' lang='lat' dir='ltr'><strong>qui</strong></span> <span class='ocrx_word' id='word_1_76' title='bbox 1132 1701 1212 1752; x_wconf 89' lang='lat' dir='ltr'><strong>eum</strong></span> <span class='ocrx_word' id='word_1_77' title='bbox 1231 1701 1273 1752; x_wconf 88' lang='lat' dir='ltr'><strong>eo</strong></span> <span class='ocrx_word' id='word_1_78' title='bbox 1286 1688 1480 1768; x_wconf 88' lang='lat' dir='ltr'><strong>morantur,</strong></span> <span class='ocrx_word' id='word_1_79' title='bbox 1495 1678 1571 1752; x_wconf 86' lang='lat' dir='ltr'><strong>sire</strong></span> <span class='ocrx_word' id='word_1_80' title='bbox 1584 1677 1629 1751; x_wconf 89' lang='lat' dir='ltr'><strong>de</strong></span> <span class='ocrx_word' id='word_1_81' title='bbox 1640 1675 1805 1773; x_wconf 85' lang='lat' dir='ltr'><strong>predictis</strong></span> <span class='ocrx_word' id='word_1_82' title='bbox 1817 1675 1968 1750; x_wconf 76' lang='lat' dir='ltr'><strong>runcinis</strong></span> 
     </span>
     <span class='ocr_line' id='line_1_10' title="bbox 555 1796 1969 1896; baseline 0.004 -26"><span class='ocrx_word' id='word_1_83' title='bbox 555 1801 631 1872; x_wconf 87' lang='lat' dir='ltr'><strong>sive</strong></span> <span class='ocrx_word' id='word_1_84' title='bbox 647 1796 693 1873; x_wconf 91' lang='lat' dir='ltr'><strong>de</strong></span> <span class='ocrx_word' id='word_1_85' title='bbox 707 1800 850 1895; x_wconf 90' lang='lat' dir='ltr'><strong>illisqui</strong></span> <span class='ocrx_word' id='word_1_86' title='bbox 868 1801 1008 1874; x_wconf 84' lang='lat' dir='ltr'><strong>fuerunt</strong></span> <span class='ocrx_word' id='word_1_87' title='bbox 1023 1803 1103 1874; x_wconf 91' lang='lat' dir='ltr'><strong>olim</strong></span> <span class='ocrx_word' id='word_1_88' title='bbox 1121 1802 1276 1896; x_wconf 77' lang='lat' dir='ltr'><strong>magistri</strong></span> <span class='ocrx_word' id='word_1_89' title='bbox 1292 1803 1322 1874; x_wconf 88' lang='lat' dir='ltr'><strong>J.</strong></span> <span class='ocrx_word' id='word_1_90' title='bbox 1345 1801 1390 1876; x_wconf 90' lang='lat' dir='ltr'><strong>de</strong></span> <span class='ocrx_word' id='word_1_91' title='bbox 1407 1801 1590 1876; x_wconf 79' lang='lat' dir='ltr'><strong>laurentio</strong></span> <span class='ocrx_word' id='word_1_92' title='bbox 1605 1810 1666 1874; x_wconf 90' lang='lat' dir='ltr'><strong>aut</strong></span> <span class='ocrx_word' id='word_1_93' title='bbox 1682 1801 1727 1877; x_wconf 88' lang='lat' dir='ltr'><strong>de</strong></span> <span class='ocrx_word' id='word_1_94' title='bbox 1743 1801 1969 1894; x_wconf 87' lang='lat' dir='ltr'><strong>quibuscum·</strong></span> 
     </span>
     <span class='ocr_line' id='line_1_11' title="bbox 555 1924 1964 2021; baseline 0.002 -28"><span class='ocrx_word' id='word_1_95' title='bbox 555 1943 626 2016; x_wconf 88' lang='lat' dir='ltr'><strong>que</strong></span> <span class='ocrx_word' id='word_1_96' title='bbox 637 1924 791 1996; x_wconf 84' lang='lat' dir='ltr'><strong>runcinis</strong></span> <span class='ocrx_word' id='word_1_97' title='bbox 805 1924 901 1996; x_wconf 87' lang='lat' dir='ltr'><strong>curie</strong></span> <span class='ocrx_word' id='word_1_98' title='bbox 914 1934 1030 1998; x_wconf 87' lang='lat' dir='ltr'><strong>nostre</strong></span> <span class='ocrx_word' id='word_1_99' title='bbox 1044 1926 1106 2021; x_wconf 90' lang='lat' dir='ltr'><strong>qui</strong></span> <span class='ocrx_word' id='word_1_100' title='bbox 1124 1925 1193 1997; x_wconf 87' lang='lat' dir='ltr'><strong>sint</strong></span> <span class='ocrx_word' id='word_1_101' title='bbox 1208 1927 1245 1998; x_wconf 92' lang='lat' dir='ltr'><strong>iu</strong></span> <span class='ocrx_word' id='word_1_102' title='bbox 1262 1927 1424 1998; x_wconf 89' lang='lat' dir='ltr'><strong>manibus</strong></span> <span class='ocrx_word' id='word_1_103' title='bbox 1439 1926 1507 1998; x_wconf 90' lang='lat' dir='ltr'><strong>tuis</strong></span> <span class='ocrx_word' id='word_1_104' title='bbox 1522 1933 1584 1998; x_wconf 84' lang='lat' dir='ltr'><strong>sut</strong></span> <span class='ocrx_word' id='word_1_105' title='bbox 1601 1925 1638 1998; x_wconf 92' lang='lat' dir='ltr'><strong>iu</strong></span> <span class='ocrx_word' id='word_1_106' title='bbox 1647 1924 1869 2016; x_wconf 84' lang='lat' dir='ltr'><strong>justitiariatu</strong></span> <span class='ocrx_word' id='word_1_107' title='bbox 1886 1933 1964 2012; x_wconf 90' lang='lat' dir='ltr'><strong>tuo,</strong></span> 
     </span>
     <span class='ocr_line' id='line_1_12' title="bbox 555 2047 1968 2146; baseline 0.002 -29"><span class='ocrx_word' id='word_1_108' title='bbox 555 2056 641 2140; x_wconf 86' lang='lat' dir='ltr'><strong>quot</strong></span> <span class='ocrx_word' id='word_1_109' title='bbox 658 2047 733 2142; x_wconf 87' lang='lat' dir='ltr'><strong>ipse</strong></span> <span class='ocrx_word' id='word_1_110' title='bbox 747 2049 819 2120; x_wconf 84' lang='lat' dir='ltr'><strong>lore</strong></span> <span class='ocrx_word' id='word_1_111' title='bbox 834 2049 1044 2122; x_wconf 83' lang='lat' dir='ltr'><strong>necessarios</strong></span> <span class='ocrx_word' id='word_1_112' title='bbox 1062 2048 1190 2123; x_wconf 88' lang='lat' dir='ltr'><strong>viderit</strong></span> <span class='ocrx_word' id='word_1_113' title='bbox 1205 2057 1241 2121; x_wconf 88' lang='lat' dir='ltr'><strong>ct</strong></span> <span class='ocrx_word' id='word_1_114' title='bbox 1256 2071 1277 2123; x_wconf 90' lang='lat' dir='ltr'><strong>a</strong></span> <span class='ocrx_word' id='word_1_115' title='bbox 1293 2057 1327 2123; x_wconf 88' lang='lat' dir='ltr'><strong>te</strong></span> <span class='ocrx_word' id='word_1_116' title='bbox 1343 2049 1496 2146; x_wconf 87' lang='lat' dir='ltr'><strong>petierit,</strong></span> <span class='ocrx_word' id='word_1_117' title='bbox 1513 2047 1582 2122; x_wconf 90' lang='lat' dir='ltr'><strong>sibi</strong></span> <span class='ocrx_word' id='word_1_118' title='bbox 1594 2049 1700 2124; x_wconf 83' lang='lat' dir='ltr'><strong>iacias</strong></span> <span class='ocrx_word' id='word_1_119' title='bbox 1713 2049 1900 2144; x_wconf 75' lang='lat' dir='ltr'><strong>assignari,</strong></span> <span class='ocrx_word' id='word_1_120' title='bbox 1919 2048 1968 2120; x_wconf 85' lang='lat' dir='ltr'><strong>ita</strong></span> 
     </span>
     <span class='ocr_line' id='line_1_13' title="bbox 556 2170 1967 2268; baseline 0.001 -28"><span class='ocrx_word' id='word_1_121' title='bbox 556 2179 670 2242; x_wconf 87' lang='lat' dir='ltr'><strong>tamen</strong></span> <span class='ocrx_word' id='word_1_122' title='bbox 684 2170 781 2264; x_wconf 90' lang='lat' dir='ltr'><strong>quod</strong></span> <span class='ocrx_word' id='word_1_123' title='bbox 799 2192 868 2243; x_wconf 89' lang='lat' dir='ltr'><strong>nou</strong></span> <span class='ocrx_word' id='word_1_124' title='bbox 888 2171 958 2244; x_wconf 90' lang='lat' dir='ltr'><strong>siut</strong></span> <span class='ocrx_word' id='word_1_125' title='bbox 973 2173 1055 2266; x_wconf 88' lang='lat' dir='ltr'><strong>equi</strong></span> <span class='ocrx_word' id='word_1_126' title='bbox 1071 2172 1117 2244; x_wconf 90' lang='lat' dir='ltr'><strong>de</strong></span> <span class='ocrx_word' id='word_1_127' title='bbox 1132 2173 1237 2246; x_wconf 84' lang='lat' dir='ltr'><strong>armis</strong></span> <span class='ocrx_word' id='word_1_128' title='bbox 1254 2193 1319 2246; x_wconf 89' lang='lat' dir='ltr'><strong>nee</strong></span> <span class='ocrx_word' id='word_1_129' title='bbox 1341 2173 1427 2244; x_wconf 93' lang='lat' dir='ltr'><strong>muli</strong></span> <span class='ocrx_word' id='word_1_130' title='bbox 1446 2194 1512 2246; x_wconf 88' lang='lat' dir='ltr'><strong>neo</strong></span> <span class='ocrx_word' id='word_1_131' title='bbox 1528 2173 1611 2245; x_wconf 92' lang='lat' dir='ltr'><strong>boui</strong></span> <span class='ocrx_word' id='word_1_132' title='bbox 1631 2171 1820 2268; x_wconf 80' lang='lat' dir='ltr'><strong>palafredi,</strong></span> <span class='ocrx_word' id='word_1_133' title='bbox 1837 2180 1967 2267; x_wconf 85' lang='lat' dir='ltr'><strong>etquot</strong></span> 
     </span>
     <span class='ocr_line' id='line_1_14' title="bbox 555 2292 1720 2392; baseline 0.001 -26"><span class='ocrx_word' id='word_1_134' title='bbox 555 2292 588 2366; x_wconf 88' lang='lat' dir='ltr'><strong>ei</strong></span> <span class='ocrx_word' id='word_1_135' title='bbox 604 2293 764 2367; x_wconf 89' lang='lat' dir='ltr'><strong>rouciuos</strong></span> <span class='ocrx_word' id='word_1_136' title='bbox 780 2294 856 2367; x_wconf 90' lang='lat' dir='ltr'><strong>dari</strong></span> <span class='ocrx_word' id='word_1_137' title='bbox 872 2295 978 2368; x_wconf 84' lang='lat' dir='ltr'><strong>facies</strong></span> <span class='ocrx_word' id='word_1_138' title='bbox 992 2298 1060 2368; x_wconf 92' lang='lat' dir='ltr'><strong>tuis</strong></span> <span class='ocrx_word' id='word_1_139' title='bbox 1076 2297 1177 2370; x_wconf 90' lang='lat' dir='ltr'><strong>uobis</strong></span> <span class='ocrx_word' id='word_1_140' title='bbox 1190 2297 1317 2370; x_wconf 89' lang='lat' dir='ltr'><strong>lioteris</strong></span> <span class='ocrx_word' id='word_1_141' title='bbox 1332 2295 1528 2390; x_wconf 77' lang='lat' dir='ltr'><strong>siguificare</strong></span> <span class='ocrx_word' id='word_1_142' title='bbox 1545 2318 1720 2392; x_wconf 88' lang='lat' dir='ltr'><strong>procures.</strong></span> 
     </span>
    </p>

    <p class='ocr_par' dir='ltr' id='par_1_3' title="bbox 604 2422 1571 2516">
     <span class='ocr_line' id='line_1_15' title="bbox 604 2422 1571 2516; baseline 0.003 -24"><span class='ocrx_word' id='word_1_143' title='bbox 604 2422 728 2494; x_wconf 91' lang='lat' dir='ltr'><strong>Datum</strong></span> <span class='ocrx_word' id='word_1_144' title='bbox 745 2422 955 2515; x_wconf 87' lang='lat' dir='ltr'><strong>Coccorone·,</strong></span> <span class='ocrx_word' id='word_1_145' title='bbox 974 2425 1052 2497; x_wconf 86' lang='lat' dir='ltr'><strong>XIII</strong></span> <span class='ocrx_word' id='word_1_146' title='bbox 1070 2425 1252 2516; x_wconf 82' lang='lat' dir='ltr'><strong>februarii,</strong></span> <span class='ocrx_word' id='word_1_147' title='bbox 1270 2426 1347 2498; x_wconf 87' lang='lat' dir='ltr'><strong>XIII</strong></span> <span class='ocrx_word' id='word_1_148' title='bbox 1362 2425 1571 2498; x_wconf 84' lang='lat' dir='ltr'><strong>indictionis.</strong></span> 
     </span>
    </p>

    <p class='ocr_par' dir='ltr' id='par_1_4' title="bbox 555 2544 1966 2764">
     <span class='ocr_line' id='line_1_16' title="bbox 603 2544 1966 2645; baseline 0.004 -29"><span class='ocrx_word' id='word_1_149' title='bbox 603 2545 739 2618; x_wconf 84' lang='lat' dir='ltr'><strong>Similes</strong></span> <span class='ocrx_word' id='word_1_150' title='bbox 757 2546 893 2642; x_wconf 88' lang='lat' dir='ltr'><strong>scripsit</strong></span> <span class='ocrx_word' id='word_1_151' title='bbox 902 2546 1001 2640; x_wconf 85' lang='lat' dir='ltr'><strong>idem</strong></span> <span class='ocrx_word' id='word_1_152' title='bbox 1015 2547 1057 2621; x_wconf 78' lang='grc' dir='ltr'><strong>Α.</strong></span> <span class='ocrx_word' id='word_1_153' title='bbox 1076 2547 1148 2624; x_wconf 87' lang='lat' dir='ltr'><strong>filio</strong></span> <span class='ocrx_word' id='word_1_154' title='bbox 1160 2549 1299 2624; x_wconf 87' lang='lat' dir='ltr'><strong>IIeurici</strong></span> <span class='ocrx_word' id='word_1_155' title='bbox 1318 2570 1380 2645; x_wconf 90' lang='lat' dir='ltr'><strong>pro</strong></span> <span class='ocrx_word' id='word_1_156' title='bbox 1396 2544 1633 2623; x_wconf 86' lang='lat' dir='ltr'><strong>CaiuelevarIo</strong></span> <span class='ocrx_word' id='word_1_157' title='bbox 1651 2547 1697 2622; x_wconf 92' lang='lat' dir='ltr'><strong>de</strong></span> <span class='ocrx_word' id='word_1_158' title='bbox 1713 2547 1819 2643; x_wconf 86' lang='lat' dir='ltr'><strong>Pupia</strong></span> <span class='ocrx_word' id='word_1_159' title='bbox 1833 2556 1868 2622; x_wconf 88' lang='lat' dir='ltr'><strong>et</strong></span> <span class='ocrx_word' id='word_1_160' title='bbox 1888 2547 1966 2624; x_wconf 88' lang='lat' dir='ltr'><strong>aliis</strong></span> 
     </span>
     <span class='ocr_line' id='line_1_17' title="bbox 555 2668 1093 2764; baseline 0.013 -25"><span class='ocrx_word' id='word_1_161' title='bbox 555 2668 748 2742; x_wconf 87' lang='lat' dir='ltr'><strong>Ialeoueriis</strong></span> <span class='ocrx_word' id='word_1_162' title='bbox 765 2671 923 2764; x_wconf 91' lang='lat' dir='ltr'><strong>quisunt</strong></span> <span class='ocrx_word' id='word_1_163' title='bbox 941 2693 1022 2746; x_wconf 90' lang='lat' dir='ltr'><strong>cum</strong></span> <span class='ocrx_word' id='word_1_164' title='bbox 1039 2693 1093 2748; x_wconf 86' lang='lat' dir='ltr'><strong>eo.</strong></span> 
     </span>
    </p>
   </div>
   <div class='ocr_carea' id='block_1_2' title="bbox 554 3185 1965 3488">
    <p class='ocr_par' dir='ltr' id='par_1_5' title="bbox 554 3185 1965 3488">
     <span class='ocr_line' id='line_1_18' title="bbox 606 3185 1965 3358; baseline 0.001 -28"><span class='ocrx_word' id='word_1_165' title='bbox 606 3247 828 3331; x_wconf 87' lang='lat' dir='ltr'><strong>Mandatum</strong></span> <span class='ocrx_word' id='word_1_166' title='bbox 851 3249 900 3330; x_wconf 90' lang='lat' dir='ltr'><strong>ad</strong></span> <span class='ocrx_word' id='word_1_167' title='bbox 918 3246 1069 3356; x_wconf 87' lang='lat' dir='ltr'><strong>bajulos</strong></span> <span class='ocrx_word' id='word_1_168' title='bbox 1096 3247 1225 3331; x_wconf 87' lang='lat' dir='ltr'><strong>Sancti</strong></span> <span class='ocrx_word' id='word_1_169' title='bbox 1251 3185 1407 3332; x_wconf 86' lang='lat' dir='ltr'><strong>Fabiani</strong></span> <span class='ocrx_word' id='word_1_170' title='bbox 1424 3273 1495 3358; x_wconf 91' lang='lat' dir='ltr'><strong>pro</strong></span> <span class='ocrx_word' id='word_1_171' title='bbox 1512 3247 1697 3332; x_wconf 88' lang='lat' dir='ltr'><strong>mittendo</strong></span> <span class='ocrx_word' id='word_1_172' title='bbox 1719 3246 1759 3328; x_wconf 92' lang='lat' dir='ltr'><strong>in</strong></span> <span class='ocrx_word' id='word_1_173' title='bbox 1785 3246 1965 3358; x_wconf 81' lang='lat' dir='ltr'><strong>Apuliam</strong></span> 
     </span>
     <span class='ocr_line' id='line_1_19' title="bbox 554 3378 1314 3488; baseline 0 -26"><span class='ocrx_word' id='word_1_174' title='bbox 554 3379 715 3464; x_wconf 85' lang='lat' dir='ltr'><strong>stellone</strong></span> <span class='ocrx_word' id='word_1_175' title='bbox 734 3381 864 3462; x_wconf 87' lang='lat' dir='ltr'><strong>curiae</strong></span> <span class='ocrx_word' id='word_1_176' title='bbox 880 3378 948 3488; x_wconf 89' lang='lat' dir='ltr'><strong>qui</strong></span> <span class='ocrx_word' id='word_1_177' title='bbox 966 3379 1081 3462; x_wconf 89' lang='lat' dir='ltr'><strong>estin</strong></span> <span class='ocrx_word' id='word_1_178' title='bbox 1099 3380 1183 3488; x_wconf 87' lang='lat' dir='ltr'><strong>ipsa</strong></span> <span class='ocrx_word' id='word_1_179' title='bbox 1201 3389 1314 3463; x_wconf 89' lang='lat' dir='ltr'><strong>terra.</strong></span> 
     </span>
    </p>
   </div>
   <div class='ocr_carea' id='block_1_3' title="bbox 635 3585 1743 3670">
    <p class='ocr_par' dir='ltr' id='par_1_6' title="bbox 635 3585 1743 3670">
     <span class='ocr_line' id='line_1_20' title="bbox 635 3585 1743 3670; baseline 0 -21"><span class='ocrx_word' id='word_1_180' title='bbox 635 3587 764 3670; x_wconf 76' lang='lat' dir='ltr'><strong>(Ilcpcrt.</strong></span> <span class='ocrx_word' id='word_1_181' title='bbox 779 3589 882 3669; x_wconf 74' lang='lat' dir='ltr'><strong>imper.</strong></span> <span class='ocrx_word' id='word_1_182' title='bbox 896 3585 1016 3651; x_wconf 66' lang='lat' dir='ltr'><strong>oreta.</strong></span> <span class='ocrx_word' id='word_1_183' title='bbox 1031 3587 1072 3666; x_wconf 85' lang='lat' dir='ltr'><strong>II,</strong></span> <span class='ocrx_word' id='word_1_184' title='bbox 1087 3587 1140 3650; x_wconf 84' lang='lat' dir='ltr'><strong>tol.</strong></span> <span class='ocrx_word' id='word_1_185' title='bbox 1157 3595 1192 3649; x_wconf 82' lang='lat' dir='ltr'><strong>rt</strong></span> <span class='ocrx_word' id='word_1_186' title='bbox 1208 3603 1311 3663; x_wconf 77' lang='lat' dir='ltr'><strong>vars03</strong></span> <span class='ocrx_word' id='word_1_187' title='bbox 1325 3590 1358 3648; x_wconf 92' lang='lat' dir='ltr'><strong>ln</strong></span> <span class='ocrx_word' id='word_1_188' title='bbox 1372 3587 1444 3650; x_wconf 90' lang='lat' dir='ltr'><strong>edlt.</strong></span> <span class='ocrx_word' id='word_1_189' title='bbox 1458 3587 1594 3665; x_wconf 70' lang='lat' dir='ltr'><strong>oren„</strong></span> <span class='ocrx_word' id='word_1_190' title='bbox 1609 3605 1641 3667; x_wconf 85' lang='lat' dir='ltr'><strong>p.</strong></span> <span class='ocrx_word' id='word_1_191' title='bbox 1658 3585 1743 3669; x_wconf 79' lang='lat' dir='ltr'><strong>tto.)</strong></span> 
     </span>
    </p>
   </div>
   <div class='ocr_carea' id='block_1_4' title="bbox 553 3768 1965 4726">
    <p class='ocr_par' dir='ltr' id='par_1_7' title="bbox 602 3768 1936 3861">
     <span class='ocr_line' id='line_1_21' title="bbox 602 3768 1936 3861; baseline 0 -21"><span class='ocrx_word' id='word_1_192' title='bbox 602 3771 685 3840; x_wconf 81' lang='lat' dir='ltr'><strong>Item</strong></span> <span class='ocrx_word' id='word_1_193' title='bbox 702 3768 869 3861; x_wconf 70' lang='lat' dir='ltr'><strong>scripsit:</strong></span> <span class='ocrx_word' id='word_1_194' title='bbox 1933 3835 1936 3840; x_wconf 79' lang='grc'>,</span> 
     </span>
    </p>

    <p class='ocr_par' dir='ltr' id='par_1_8' title="bbox 553 3887 1965 4726">
     <span class='ocr_line' id='line_1_22' title="bbox 602 3887 1965 3987; baseline -0.001 -24"><span class='ocrx_word' id='word_1_195' title='bbox 602 3891 821 3983; x_wconf 84' lang='lat' dir='ltr'><strong>Fredericus‚</strong></span> <span class='ocrx_word' id='word_1_196' title='bbox 835 3899 918 3984; x_wconf 74' lang='lat' dir='ltr'><strong>ete,</strong></span> <span class='ocrx_word' id='word_1_197' title='bbox 934 3890 1061 3984; x_wconf 90' lang='lat' dir='ltr'><strong>bajulis</strong></span> <span class='ocrx_word' id='word_1_198' title='bbox 1079 3889 1195 3964; x_wconf 87' lang='lat' dir='ltr'><strong>Sancti</strong></span> <span class='ocrx_word' id='word_1_199' title='bbox 1210 3890 1351 3964; x_wconf 73' lang='lat' dir='ltr'><strong>Fahmni</strong></span> <span class='ocrx_word' id='word_1_200' title='bbox 1367 3887 1435 3987; x_wconf 89' lang='lat' dir='ltr'><strong>(o),</strong></span> <span class='ocrx_word' id='word_1_201' title='bbox 1450 3898 1518 3964; x_wconf 88' lang='lat' dir='ltr'><strong>etc.</strong></span> <span class='ocrx_word' id='word_1_202' title='bbox 1536 3889 1704 3964; x_wconf 87' lang='lat' dir='ltr'><strong>Fidelitati</strong></span> <span class='ocrx_word' id='word_1_203' title='bbox 1723 3899 1835 3964; x_wconf 86' lang='lat' dir='ltr'><strong>vestre</strong></span> <span class='ocrx_word' id='word_1_204' title='bbox 1845 3890 1965 3986; x_wconf 89' lang='lat' dir='ltr'><strong>preci-</strong></span> 
     </span>
     <span class='ocr_line' id='line_1_23' title="bbox 555 4013 1965 4111; baseline 0.001 -26"><span class='ocrx_word' id='word_1_205' title='bbox 555 4015 682 4110; x_wconf 88' lang='lat' dir='ltr'><strong>piendo</strong></span> <span class='ocrx_word' id='word_1_206' title='bbox 698 4013 904 4088; x_wconf 89' lang='lat' dir='ltr'><strong>mandamus</strong></span> <span class='ocrx_word' id='word_1_207' title='bbox 920 4025 1092 4110; x_wconf 82' lang='lat' dir='ltr'><strong>quatenus</strong></span> <span class='ocrx_word' id='word_1_208' title='bbox 1109 4016 1286 4088; x_wconf 89' lang='lat' dir='ltr'><strong>stallouem</strong></span> <span class='ocrx_word' id='word_1_209' title='bbox 1304 4023 1459 4087; x_wconf 87' lang='lat' dir='ltr'><strong>nostrum</strong></span> <span class='ocrx_word' id='word_1_210' title='bbox 1482 4015 1543 4108; x_wconf 92' lang='lat' dir='ltr'><strong>qui</strong></span> <span class='ocrx_word' id='word_1_211' title='bbox 1560 4022 1613 4087; x_wconf 88' lang='lat' dir='ltr'><strong>est</strong></span> <span class='ocrx_word' id='word_1_212' title='bbox 1632 4015 1669 4086; x_wconf 93' lang='lat' dir='ltr'><strong>iu</strong></span> <span class='ocrx_word' id='word_1_213' title='bbox 1693 4022 1783 4086; x_wconf 84' lang='lat' dir='ltr'><strong>tarra</strong></span> <span class='ocrx_word' id='word_1_214' title='bbox 1804 4013 1879 4110; x_wconf 84' lang='lat' dir='ltr'><strong>ipsa</strong></span> <span class='ocrx_word' id='word_1_215' title='bbox 1902 4035 1965 4111; x_wconf 87' lang='lat' dir='ltr'><strong>per</strong></span> 
     </span>
     <span class='ocr_line' id='line_1_24' title="bbox 555 4135 1964 4240; baseline 0.001 -30"><span class='ocrx_word' id='word_1_216' title='bbox 555 4139 707 4234; x_wconf 88' lang='lat' dir='ltr'><strong>aliquem</strong></span> <span class='ocrx_word' id='word_1_217' title='bbox 732 4137 871 4212; x_wconf 88' lang='lat' dir='ltr'><strong>fidelem</strong></span> <span class='ocrx_word' id='word_1_218' title='bbox 900 4147 935 4212; x_wconf 90' lang='lat' dir='ltr'><strong>et</strong></span> <span class='ocrx_word' id='word_1_219' title='bbox 965 4139 1112 4240; x_wconf 87' lang='lat' dir='ltr'><strong>probum</strong></span> <span class='ocrx_word' id='word_1_220' title='bbox 1143 4137 1257 4209; x_wconf 88' lang='lat' dir='ltr'><strong>virum</strong></span> <span class='ocrx_word' id='word_1_221' title='bbox 1287 4137 1348 4230; x_wconf 89' lang='lat' dir='ltr'><strong>qui</strong></span> <span class='ocrx_word' id='word_1_222' title='bbox 1375 4138 1487 4232; x_wconf 90' lang='lat' dir='ltr'><strong>ipsum</strong></span> <span class='ocrx_word' id='word_1_223' title='bbox 1517 4146 1618 4211; x_wconf 85' lang='lat' dir='ltr'><strong>caute</strong></span> <span class='ocrx_word' id='word_1_224' title='bbox 1642 4135 1747 4210; x_wconf 88' lang='lat' dir='ltr'><strong>ducat</strong></span> <span class='ocrx_word' id='word_1_225' title='bbox 1769 4135 1964 4212; x_wconf 87' lang='lat' dir='ltr'><strong>moderatas</strong></span> 
     </span>
     <span class='ocr_line' id='line_1_25' title="bbox 556 4259 1965 4355; baseline -0.001 -21"><span class='ocrx_word' id='word_1_226' title='bbox 556 4261 714 4335; x_wconf 84' lang='lat' dir='ltr'><strong>iaciendo</strong></span> <span class='ocrx_word' id='word_1_227' title='bbox 728 4261 855 4350; x_wconf 86' lang='lat' dir='ltr'><strong>dietas,</strong></span> <span class='ocrx_word' id='word_1_228' title='bbox 875 4261 1024 4334; x_wconf 89' lang='lat' dir='ltr'><strong>mictatis</strong></span> <span class='ocrx_word' id='word_1_229' title='bbox 1039 4261 1074 4332; x_wconf 92' lang='lat' dir='ltr'><strong>in</strong></span> <span class='ocrx_word' id='word_1_230' title='bbox 1086 4259 1246 4354; x_wconf 80' lang='lat' dir='ltr'><strong>Apuliam</strong></span> <span class='ocrx_word' id='word_1_231' title='bbox 1262 4259 1357 4355; x_wconf 90' lang='lat' dir='ltr'><strong>apud</strong></span> <span class='ocrx_word' id='word_1_232' title='bbox 1372 4261 1521 4335; x_wconf 85' lang='lat' dir='ltr'><strong>Tertiam</strong></span> <span class='ocrx_word' id='word_1_233' title='bbox 1534 4269 1660 4334; x_wconf 90' lang='lat' dir='ltr'><strong>etcum</strong></span> <span class='ocrx_word' id='word_1_234' title='bbox 1676 4261 1718 4334; x_wconf 85' lang='lat' dir='ltr'><strong>G.</strong></span> <span class='ocrx_word' id='word_1_235' title='bbox 1735 4259 1780 4334; x_wconf 87' lang='lat' dir='ltr'><strong>de</strong></span> <span class='ocrx_word' id='word_1_236' title='bbox 1798 4259 1965 4354; x_wconf 80' lang='lat' dir='ltr'><strong>Casteuga</strong></span> 
     </span>
     <span class='ocr_line' id='line_1_26' title="bbox 554 4383 1965 4478; baseline 0 -22"><span class='ocrx_word' id='word_1_237' title='bbox 554 4383 648 4456; x_wconf 88' lang='lat' dir='ltr'><strong>fideli</strong></span> <span class='ocrx_word' id='word_1_238' title='bbox 668 4394 788 4458; x_wconf 90' lang='lat' dir='ltr'><strong>nostro</strong></span> <span class='ocrx_word' id='word_1_239' title='bbox 804 4383 974 4477; x_wconf 79' lang='lat' dir='ltr'><strong>assIgnari</strong></span> <span class='ocrx_word' id='word_1_240' title='bbox 987 4384 1135 4475; x_wconf 81' lang='lat' dir='ltr'><strong>Iactatis,</strong></span> <span class='ocrx_word' id='word_1_241' title='bbox 1153 4383 1379 4478; x_wconf 86' lang='lat' dir='ltr'><strong>providentes</strong></span> <span class='ocrx_word' id='word_1_242' title='bbox 1391 4383 1547 4478; x_wconf 87' lang='lat' dir='ltr'><strong>predicto</strong></span> <span class='ocrx_word' id='word_1_243' title='bbox 1562 4384 1684 4456; x_wconf 91' lang='lat' dir='ltr'><strong>nuntio</strong></span> <span class='ocrx_word' id='word_1_244' title='bbox 1701 4404 1806 4477; x_wconf 89' lang='lat' dir='ltr'><strong>quam</strong></span> <span class='ocrx_word' id='word_1_245' title='bbox 1827 4404 1907 4474; x_wconf 88' lang='lat' dir='ltr'><strong>eum</strong></span> <span class='ocrx_word' id='word_1_246' title='bbox 1922 4402 1965 4456; x_wconf 90' lang='lat' dir='ltr'><strong>eo</strong></span> 
     </span>
     <span class='ocr_line' id='line_1_27' title="bbox 554 4505 1963 4604; baseline 0.001 -28"><span class='ocrx_word' id='word_1_247' title='bbox 554 4507 715 4580; x_wconf 89' lang='lat' dir='ltr'><strong>miseritis</strong></span> <span class='ocrx_word' id='word_1_248' title='bbox 731 4507 768 4578; x_wconf 94' lang='lat' dir='ltr'><strong>iu</strong></span> <span class='ocrx_word' id='word_1_249' title='bbox 791 4507 955 4604; x_wconf 83' lang='lat' dir='ltr'><strong>expensis</strong></span> <span class='ocrx_word' id='word_1_250' title='bbox 969 4507 1070 4600; x_wconf 84' lang='lat' dir='ltr'><strong>juxta</strong></span> <span class='ocrx_word' id='word_1_251' title='bbox 1092 4507 1236 4580; x_wconf 87' lang='lat' dir='ltr'><strong>assisam</strong></span> <span class='ocrx_word' id='word_1_252' title='bbox 1261 4507 1371 4598; x_wconf 87' lang='lat' dir='ltr'><strong>curie,</strong></span> <span class='ocrx_word' id='word_1_253' title='bbox 1397 4515 1432 4580; x_wconf 91' lang='lat' dir='ltr'><strong>et</strong></span> <span class='ocrx_word' id='word_1_254' title='bbox 1448 4527 1512 4602; x_wconf 86' lang='lat' dir='ltr'><strong>pro</strong></span> <span class='ocrx_word' id='word_1_255' title='bbox 1526 4505 1672 4580; x_wconf 74' lang='lat' dir='ltr'><strong>stelloue</strong></span> <span class='ocrx_word' id='word_1_256' title='bbox 1690 4505 1844 4602; x_wconf 81' lang='lat' dir='ltr'><strong>pmdicto</strong></span> <span class='ocrx_word' id='word_1_257' title='bbox 1866 4505 1963 4578; x_wconf 88' lang='lat' dir='ltr'><strong>suffi-</strong></span> 
     </span>
     <span class='ocr_line' id='line_1_28' title="bbox 553 4627 1963 4726; baseline -0.001 -24"><span class='ocrx_word' id='word_1_258' title='bbox 553 4631 684 4704; x_wconf 88' lang='lat' dir='ltr'><strong>cientes</strong></span> <span class='ocrx_word' id='word_1_259' title='bbox 697 4651 869 4726; x_wconf 86' lang='lat' dir='ltr'><strong>cxpeusas</strong></span> <span class='ocrx_word' id='word_1_260' title='bbox 887 4651 1000 4724; x_wconf 90' lang='lat' dir='ltr'><strong>usque</strong></span> <span class='ocrx_word' id='word_1_261' title='bbox 1018 4629 1065 4703; x_wconf 90' lang='lat' dir='ltr'><strong>ad</strong></span> <span class='ocrx_word' id='word_1_262' title='bbox 1082 4631 1194 4702; x_wconf 89' lang='lat' dir='ltr'><strong>locum</strong></span> <span class='ocrx_word' id='word_1_263' title='bbox 1212 4627 1405 4725; x_wconf 84' lang='lat' dir='ltr'><strong>predIetum</strong></span> <span class='ocrx_word' id='word_1_264' title='bbox 1426 4627 1569 4724; x_wconf 86' lang='lat' dir='ltr'><strong>prebere</strong></span> <span class='ocrx_word' id='word_1_265' title='bbox 1584 4628 1757 4724; x_wconf 82' lang='lat' dir='ltr'><strong>debeatis3</strong></span> <span class='ocrx_word' id='word_1_266' title='bbox 1774 4627 1963 4703; x_wconf 88' lang='lat' dir='ltr'><strong>restituatis</strong></span> 
     </span>
    </p>
   </div>
   <div class='ocr_carea' id='block_1_5' title="bbox 592 4791 1488 4878">
    <p class='ocr_par' dir='ltr' id='par_1_9' title="bbox 592 4791 1488 4878">
     <span class='ocr_line' id='line_1_29' title="bbox 592 4791 1488 4878; baseline 0.004 -22"><span class='ocrx_word' id='word_1_267' title='bbox 592 4796 629 4876; x_wconf 86' lang='lat' dir='ltr'><strong>(a)</strong></span> <span class='ocrx_word' id='word_1_268' title='bbox 643 4797 692 4860; x_wconf 86' lang='lat' dir='ltr'><strong>Stc</strong></span> <span class='ocrx_word' id='word_1_269' title='bbox 705 4799 737 4858; x_wconf 93' lang='lat' dir='ltr'><strong>In</strong></span> <span class='ocrx_word' id='word_1_270' title='bbox 751 4799 910 4878; x_wconf 86' lang='lat' dir='ltr'><strong>Impresso;</strong></span> <span class='ocrx_word' id='word_1_271' title='bbox 925 4794 1049 4858; x_wconf 84' lang='lat' dir='ltr'><strong>torsitan</strong></span> <span class='ocrx_word' id='word_1_272' title='bbox 1059 4795 1218 4877; x_wconf 77' lang='lat' dir='ltr'><strong>legendum</strong></span> <span class='ocrx_word' id='word_1_273' title='bbox 1230 4791 1488 4860; x_wconf 62' lang='lat' dir='ltr'><strong>Samosatam</strong></span> 
     </span>
    </p>
   </div>
   <div class='ocr_carea' id='block_1_6' title="bbox 0 0 2238 6007">
    <p class='ocr_par' dir='ltr' id='par_1_10' title="bbox 0 0 2238 6007">
     <span class='ocr_line' id='line_1_30' title="bbox 0 0 2238 6007; baseline 0 0"><span class='ocrx_word' id='word_1_274' title='bbox 0 0 2238 6007; x_wconf 95' lang='lat' dir='ltr'><strong> </strong></span> 
     </span>
    </p>
   </div>
  </div>
 </body>
</html>
