4564 6038
322 709 502 793 lrrnrcr.14.]
761 707 956 768 HISTORIA
981 709 1272 770 DlPLOMllTlel.
1654 702 1732 763 laer

323 848 516 919 molestare.
538 841 642 930 Quod
662 843 723 937 qni
746 845 993 938 presumpserit
1013 843 1284 938 indignationem
1307 848 1457 914 nostram
1481 848 1517 913 et
1535 837 1671 936 imperii
1695 860 1735 912 se

323 970 459 1043 noverit
474 967 673 1040 iucurrisse.

374 1093 485 1186 Hujus
500 1092 550 1164 rei
568 1099 671 1163 testes
686 1098 768 1161 suut
784 1091 1000 1164 Hermanuns
1020 1089 1309 1186 ilerwipoleusis‚
1329 1087 1527 1161 Fridericus
1545 1087 1735 1162 Heisteten·

325 1217 391 1307 sis,
409 1216 596 1289 landolfus
607 1214 876 1287 Wormaciensis
890 1216 1055 1308 episcopi,
1074 1215 1254 1287 Heinricus
1269 1213 1470 1306 langravius
1482 1212 1656 1306 Turiugie,
1673 1211 1736 1286 Ge·

326 1340 501 1412 bobardus
524 1337 569 1412 de
594 1336 770 1428 Arnstein,
794 1338 969 1410 Gotfridus
996 1338 1042 1410 de
1066 1338 1285 1426 Hoheuloch,
1309 1337 1427 1410 Krafto
1453 1335 1500 1408 de
1521 1335 1732 1424 Bokesberc‚

327 1463 507 1535 Conradus
521 1462 685 1558 pincerna
697 1461 742 1534 de
755 1462 1010 1548 Wintersteten‚
1032 1460 1214 1534 cunradus
1228 1460 1273 1533 de
1286 1459 1492 1551 Smidevelt‚
1507 1459 1736 1552 Marquardus

327 1585 572 1679 buttignlarius
588 1585 633 1656 de
650 1585 879 1673 Nuremberc,
898 1583 1080 1657 Cuuradus
1098 1584 1254 1656 noerius
1272 1593 1306 1656 et
1321 1583 1378 1655 alii
1396 1583 1632 1677 quamplures.

377 1709 463 1780 Acta
486 1731 577 1781 auno
604 1708 777 1780 dominice
802 1709 1045 1780 incarnationis
1070 1707 1250 1778 millesimo
1276 1705 1511 1779 ducentesimo
1539 1706 1739 1800 quadrage-

328 1833 434 1924 simo,
454 1852 572 1904 meuse
585 1831 803 1919 novembris,
821 1831 1077 1924 quartadecima
1094 1830 1304 1902 indictionis.

377 1957 463 2028 Data
481 1953 576 2049 apud
595 1954 817 2041 Nureuberc,
838 1975 971 2044 mense,
991 1954 1179 2026 indictione
1195 1952 1409 2048 prescriptis,
1434 1953 1584 2025 feliciter.
1612 1954 1735 2025 Amen.

717 2544 831 2605 ANNO
858 2543 960 2605 latr.
975 2577 1014 2589 -
1035 2541 1280 2603 lNDlCTIONE
1306 2541 1360 2602 lt.

916 2797 1158 2823 -ιθ-ι-

388 3021 606 3128 Conradus,
626 3021 667 3101 in
685 3045 813 3130 regem
841 3021 1101 3103 Romanorum
1125 3019 1285 3124 electus,
1316 3013 1475 3100 sculteto
1498 3025 1536 3100 et
1561 3015 1746 3101 universis

333 3155 480 3238 civibus
505 3157 553 3237 de
579 3153 783 3262 Esslingen
813 3152 945 3234 scribit
977 3179 1018 3236 se
1047 3151 1230 3234 fratribus
1252 3149 1576 3260 praedicatoribus
1602 3149 1746 3232 ibidem

335 3287 559 3396 degentibus
582 3285 813 3370 concessisse
834 3284 1028 3366 licentiam
1054 3283 1241 3366 vendendi
1264 3283 1331 3366 uni
1354 3284 1402 3365 de
1419 3282 1564 3366 civibus
1586 3282 1747 3365 domum

242 3480 244 3485 -
335 3429 372 3502 et
388 3445 517 3502 aream
535 3444 652 3530 quam
671 3417 814 3500 habent
836 3429 923 3500 ante
936 3427 1086 3526 portem
1105 3415 1265 3500 civitatis
1283 3417 1468 3524 ejusdem.

415 3635 582 3713 (ineditum
603 3651 641 3694 cx
656 3636 739 3712 copla
753 3633 888 3694 authent.
908 3635 941 3692 ln
963 3631 1046 3694 arch.
1062 3631 1235 3712 snagan„
1248 3647 1340 3710 quam
1352 3629 1439 3691 nobis
1457 3629 1592 3692 erhlbult
1605 3632 1650 3693 vlr
1663 3647 1748 3710 egre·

455 3743 522 3820 glus
536 3739 685 3818 Kaualer.)

386 3927 563 4000 Couradus
586 3926 661 4000 divi
691 3929 830 4018 augusti
850 3925 1065 4018 imperatoris
1082 3923 1244 3998 friderici
1275 3923 1385 4016 filius,
1409 3925 1471 3997 Dei
1490 3924 1601 4017 gratia
1622 3925 1748 3998 Roma·

337 4072 461 4122 norum
488 4051 525 4120 iu
549 4070 666 4142 regem
686 4050 815 4121 electus
840 4070 976 4142 semper
998 4057 1166 4142 augustus
1183 4057 1218 4120 et
1234 4047 1335 4121 heres
1351 4048 1451 4139 regni
1470 4047 1747 4138 ierosolimam,

336 4175 481 4246 sculteto
499 4181 534 4244 et
552 4172 725 4244 universis
743 4173 879 4244 civibus
897 4171 942 4243 de
957 4172 1140 4266 Ezelingeu
1158 4170 1319 4244 fidelibus
1335 4171 1408 4244 suis
1429 4171 1575 4264 gratiam
1598 4192 1697 4242 suam
1716 4179 1752 4244 et

337 4297 594 4370 omnebonum.
611 4297 752 4369 Devotis
763 4297 1073 4390 supplicationibus
1086 4297 1229 4367 fratrum
1243 4296 1375 4368 ordinis
1387 4294 1642 4390 predicatorum
1656 4294 1752 4390 apud

337 4442 402 4494 vos
418 4419 619 4514 degentium
645 4421 881 4492 favorabiliter
907 4420 1078 4506 inclinati,
1100 4419 1145 4493 de
1165 4419 1381 4514 plenitudine
1404 4419 1538 4492 consilii
1558 4418 1664 4490 nostri
1683 4419 1751 4512 ple

337 4565 419 4616 nam
433 4543 484 4616 eis
495 4543 656 4616 dedimus
670 4544 867 4615 facultatem
880 4554 919 4615 ot
932 4544 1073 4616 domum
1088 4552 1123 4616 ot
1134 4565 1251 4616 aream
1266 4565 1371 4637 quam
1386 4543 1515 4615 habeut
1527 4552 1607 4616 ante
1617 4553 1753 4637 portam

339 4666 488 4740 civitatis
504 4677 631 4758 vestre,
648 4667 710 4740 uni
727 4667 773 4740 de
788 4667 925 4740 civibus
941 4667 1095 4740 vendere
1104 4667 1244 4739 valeant
1261 4666 1307 4740 da
1325 4665 1457 4739 domini
1473 4677 1508 4739 et
1523 4668 1631 4763 patris
1647 4667 1754 4740 nostri

341 4798 375 4861 et
388 4799 503 4864 nostra
516 4790 656 4865 licentia
667 4801 702 4865 et
720 4813 878 4866 assensu.
897 4791 996 4865 Unde
1010 4813 1055 4864 ue
1070 4791 1255 4886 quisquam
1271 4791 1401 4864 senciat
1411 4791 1620 4865 contrarium
1636 4792 1673 4866 in
1688 4789 1755 4865 lrao
