4384 6004
397 649 400 656 .
508 562 588 624 1074
1006 567 1220 632 nulnnulel
1246 569 1419 632 securint
1734 565 1812 650 [dun.
1831 563 1916 626 mil

507 695 683 770 humiliter
697 699 906 794 supplicavit
919 711 959 774 ut
976 702 1091 798 ipsum
1106 705 1151 777 ab
1167 705 1367 778 hominibus
1389 695 1567 798 qnon'dnm
1585 699 1778 795 patrissui,
1797 699 1918 773 casalis

507 819 637 892 scilicet
654 821 797 910 Sololrc‚
814 824 912 918 quod
928 827 1021 917 juste
1037 836 1155 900 tenere
1171 837 1206 902 et
1222 827 1399 924 possidere
1414 847 1453 900 ee
1470 823 1568 915 dicit,
1581 845 1797 900 assecurare.
1827 875 1837 894 .
1868 875 1878 896 .
1907 877 1916 894 .

511 993 926 1021 ...........
947 949 1048 1023 nohis
1066 951 1163 1046 qnod
1184 953 1337 1047 prelatus
1359 949 1530 1024 londanus
1552 949 1772 1044 privilegium
1798 946 1881 1020 inde
1898 969 1920 1020 a

507 1068 682 1158 majestate
694 1077 813 1143 nostra
831 1092 900 1145 non
914 1072 1037 1146 habuit
1054 1083 1089 1148 et
1106 1075 1202 1168 qnod
1216 1075 1304 1148 illud
1319 1097 1390 1149 non
1408 1073 1558 1149 debebat
1574 1081 1691 1146 tenere
1706 1071 1772 1144 nisi
1797 1072 1833 1142 in
1850 1072 1919 1146 uita

507 1212 569 1262 suu
576 1245 745 1265 .....
745 1197 751 1204 ’
778 1245 1237 1270 ............
1254 1222 1276 1294 q
1279 1198 1431 1272 nondam
1448 1197 1620 1272 Jordanns
1635 1205 1670 1267 et
1686 1195 1761 1289 ipse
1773 1194 1920 1268 lacobus

507 1313 625 1388 fideles
641 1318 750 1390 nostri
768 1319 914 1410 luerint,
932 1330 967 1393 et
987 1321 1084 1416 qnod
1103 1323 1139 1393 in
1156 1323 1308 1396 servitiis
1325 1322 1451 1396 nostris
1471 1342 1511 1394 se
1535 1318 1683 1394 fideliter
1702 1319 1874 1413 gesserint
1887 1327 1921 1390 ct

506 1440 698 1534 specialiter
721 1441 756 1513 in
777 1444 938 1538 preterita
961 1444 1076 1518 discor
1080 1495 1741 1519 .................
1771 1461 1919 1516 necnon

506 1565 609 1636 etium
625 1565 653 1636 si
672 1566 894 1662 privilegium
912 1567 994 1640 inde
1012 1591 1033 1640 a
1050 1569 1154 1642 nobis
1170 1570 1293 1643 hebuit
1310 1580 1346 1642 et
1366 1569 1396 1642 ei
1417 1579 1543 1642 terram
1559 1567 1671 1664 ipsam
1685 1573 1919 1661 postmortem

507 1685 590 1760 dicii
605 1689 746 1762 Jordeni
764 1689 912 1765 heredes
929 1691 984 1765 sni
1001 1691 1185 1784 debebunt,
1203 1693 1385 1788 diligenter
1388 1739 1917 1764 ..............

510 1866 681 1884 .....
711 1813 851 1887 redacta
866 1813 911 1888 ad
930 1817 1061 1890 curiam
1078 1827 1229 1890 nostram
1248 1818 1316 1890 sub
1332 1817 1444 1912 sigillo
1466 1825 1526 1888 tuo
1543 1815 1716 1887 destinare
1735 1832 1918 1910 procurem

507 1957 612 2032 snper
626 1935 692 2010 hoc
712 1938 824 2012 taliter
837 1937 1015 2012 studiosus
1029 1940 1184 2013 existens
1200 1951 1239 2013 nt
1257 1941 1476 2014 devotionem
1493 1949 1588 2011 tuam
1592 1988 1918 2010 .........

511 2114 764 2134 .......
792 2062 921 2135 Thome
940 2063 985 2136 de
1008 2065 1226 2158 Montenigro
1248 2063 1425 2159 qnondam
1440 2063 1634 2156 justiciario
1658 2061 1875 2156 Principctns
1889 2069 1923 2134 et

507 2193 596 2258 terre
616 2185 858 2258 Beneventano
878 2186 923 2259 de
941 2188 1016 2281 ipso
1032 2189 1137 2260 casali
1154 2189 1283 2261 Sololre
1300 2189 1336 2259 in
1340 2236 1921 2260 ...............

511 2361 758 2379 .......
778 2331 839 2404 per
851 2331 932 2383 eum
950 2313 1039 2382 lacta
1056 2313 1124 2384 sub
1139 2303 1253 2408 sigillo
1269 2334 1334 2385 suo
1348 2319 1506 2408 recepte,
1524 2311 1636 2404 ipsam
1649 2310 1695 2383 ad
1711 2307 1924 2405 imperialem

509 2431 747 2504 excellentiam
767 2434 834 2505 sub
851 2433 965 2528 sigillo
980 2443 1098 2507 nostro
1116 2435 1382 2508 transmisimus.
1402 2433 1536 2509 Deinde
1556 2433 1698 2506 domino
1721 2434 1925 2527 imperatore

513 2609 1175 2630 .................
1198 2568 1232 2630 et
1255 2542 1387 2632 curiam
1407 2559 1516 2654 ipsam
1541 2557 1744 2650 regentibus
1762 2557 1807 2630 de
1823 2536 1926 2627 man-⁵

510 2678 591 2750 delo
620 2679 751 2774 ipsius,
779 2680 841 2753 nbi
866 2680 968 2752 nobis
994 2681 1172 2776 predictus
1194 2681 1362 2756 Henricus
1386 2680 1431 2756 de
1456 2681 1567 2756 Tocco
1591 2693 1626 2754 et
1653 2675 1857 2754 Guillclmns
1881 2677 1926 2751 de

510 2803 618 2876 Vince
641 2823 767 2896 magne
793 2804 980 2900 imperialis
1010 2805 1106 2878 curie
1110 2855 1821 2880 ..................
1821 2805 1825 2814 “
1851 2801 1926 2874 cni's

512 2927 619 3020 ipsius
635 2924 863 3000 discussimus
885 2927 1069 3021 diligenter
1094 2937 1129 3001 et
1149 2950 1191 3001 ea
1209 2951 1279 3024 que
1295 2951 1357 3025 por
1374 2929 1632 3024 inquisitionem
1655 2929 1767 3024 ipsam
1785 2927 1926 3022 proheta

512 3053 702 3146 reperimus
718 3051 860 3126 domino
880 3051 1078 3146 imperatori
1097 3053 1277 3126 retulimus
1295 3039 1447 3126 seriatim
1453 3101 1922 3126 ............

517 3227 771 3247 .......
789 3197 918 3247 remur.
940 3176 1009 3247 Nos
1027 3197 1110 3248 vero
1123 3177 1185 3272 qui
1207 3199 1314 3272 supra
1334 3177 1498 3272 magister
1511 3177 1723 3270 justiciarius
1743 3185 1778 3248 et
1791 3173 1926 3266 judices

512 3299 597 3372 visis
612 3307 647 3371 et
665 3299 848 3391 diligenter
861 3299 1024 3394 inspectis
1039 3300 1202 3373 omnibus
1218 3301 1372 3396 probatis
1392 3301 1625 3396 inquisitionis
1643 3299 1771 3394 ipsius,
1794 3297 1891 3391 qnia.
1914 3348 1923 3364 .

517 3475 1226 3498 ..................
1252 3427 1357 3498 limus
1382 3427 1493 3522 ipsius
1517 3425 1712 3502 comilis.et
1734 3419 1831 3518 quod
1855 3422 1928 3514 ipso

514 3565 629 3618 comes
648 3545 759 3618 lidelis
777 3547 842 3618 luit
859 3556 894 3619 ct
906 3545 1053 3621 fideliter
1075 3549 1234 3620 servierit
1247 3561 1281 3621 et
1297 3550 1401 3622 etiem
1418 3559 1573 3644 tempore
1593 3545 1767 3621 discordie
1782 3555 1818 3618 ct
1833 3542 1928 3638 qnod

514 3668 739 3742 demandato
760 3670 929 3766 imperiali
934 3725 1679 3746 ...................
1696 3669 1796 3766 qnod
1814 3689 1927 3742 comes

513 3793 680 3888 Rogerius
697 3794 741 3868 de
755 3793 924 3867 Triccrico
941 3803 976 3867 et
997 3816 1112 3867 comes
1137 3796 1339 3870 Guillclmns
1365 3797 1411 3870 de
1428 3795 1564 3870 Caserte
1589 3797 1710 3868 tratres
1733 3793 1928 3867 diviserunt

514 3919 603 3990 inter
616 3937 654 3989 se
667 3917 714 3990 ad
727 3937 829 3989 usum
847 3915 1154 4010 longobardorum
1159 3971 1820 3992 .................
1840 3913 1928 3988 stu·-

469 4137 474 4150 ·
515 4063 644 4135 ganum
666 4041 824 4136 pervenit
842 4063 888 4114 ex
913 4043 986 4136 ipsa
1009 4041 1182 4116 divisione
1205 4044 1252 4118 ad
1276 4045 1438 4118 comitem
1463 4045 1681 4118 Guillclmnm
1705 4044 1928 4152 Cascrtcnum

514 4174 549 4240 et
560 4165 626 4238 elia
644 4163 810 4238 medietas
823 4164 997 4257 Montcrii,
1015 4166 1166 4238 Sirinum
1181 4179 1215 4240 et
1230 4171 1343 4242 casalo
1347 4217 1925 4242 ...............

518 4344 526 4361 .
558 4344 567 4362 .
599 4344 608 4360 .
639 4284 688 4361 .’.
720 4345 728 4361 .
761 4343 769 4359 .
803 4343 811 4360 .
832 4290 1001 4384 llogerius
1017 4316 1125 4388 qnam
1141 4315 1254 4367 comes
1269 4295 1418 4368 lacobus
1435 4302 1621 4368 tenuerunt
1642 4315 1683 4365 ea
1705 4313 1770 4389 per
1791 4289 1930 4385 triginta

515 4435 624 4487 annos
643 4421 678 4485 et
694 4413 863 4508 emplius,
884 4413 998 4510 ipsum
1014 4418 1182 4492 iacobum
1204 4417 1249 4492 ab
1267 4419 1479 4515 impetitione
1501 4417 1625 4491 notorii
1645 4439 1669 4512 p
1673 4465 1927 4488 .......

518 4589 1423 4616 .......................
1453 4553 1489 4615 et
1507 4551 1708 4638 perpetuam
1734 4538 1929 4612 firmitatem

514 4681 656 4756 presens
682 4659 849 4755 scriptum
878 4661 960 4736 inde
990 4687 1053 4758 per
1077 4686 1202 4738 manus
1227 4665 1319 4739 Petri
1348 4666 1394 4740 de
1421 4666 1561 4740 Cascrte
1593 4684 1718 4759 magne
1746 4659 1931 4754 imperialis
