4358 5996
583 691 644 752 964
1081 689 1294 752 FlllllElllGl
1319 687 1492 752 sscdltttl
1807 691 1888 770 [dar.
1906 694 1991 757 1240.

630 824 850 917 Fredericus‚
870 835 953 922 ete,
973 825 1121 900 Iohanni
1139 825 1185 900 de
1202 825 1309 901 Ciollo
1331 825 1496 919 magistro
1511 827 1702 900 camerario
1720 849 1743 901 a
1764 837 1859 922 porta
1878 831 1992 904 Roseti

583 969 694 1043 nsque
717 948 886 1042 Pharum,
907 959 974 1024 etc.
994 953 1079 1025 Cum
1109 951 1257 1025 velimus
1279 959 1314 1025 te
1339 959 1453 1026 castra
1478 960 1514 1024 et
1542 950 1664 1025 domos
1685 952 1880 1026 solatiorum
1910 976 1993 1028 nos-

581 1085 711 1145 trornm
730 1095 771 1146 ac
786 1083 877 1147 certa
893 1096 999 1170 opera
1014 1075 1110 1148 curie
1125 1084 1241 1148 nostre
1259 1096 1330 1170 que
1352 1083 1434 1148 sunt
1451 1096 1514 1170 per
1525 1074 1802 1168 jurisdictionem
1825 1085 1919 1150 tuam
1934 1077 1993 1151 di-

580 1196 728 1289 ligenter
750 1197 944 1291 inquirere,
972 1206 1007 1270 et
1030 1219 1075 1270 ne
1100 1198 1243 1292 gravium
1268 1219 1315 1270 ex
1340 1197 1608 1292 improvidentia
1632 1198 1873 1272 detrimentum
1897 1199 1992 1273 curie

581 1327 696 1392 nostre
714 1321 903 1413 contingat,
922 1321 1115 1394 necessaria
1128 1321 1341 1416 reparatione
1356 1341 1538 1394 occurrere
1553 1321 1620 1416 hys
1632 1342 1702 1416 qne
1715 1323 1866 1417 reparari
1883 1343 1991 1417 opor-

580 1452 644 1532 tet,
672 1443 877 1516 mandamus
900 1453 1072 1539 quatenus
1093 1465 1198 1541 super
1220 1465 1341 1518 eorum
1369 1441 1527 1518 omnium
1551 1444 1774 1539 inquisitione
1792 1447 1935 1520 sollicita
1959 1455 1992 1519 et

579 1567 797 1662 reparatione
824 1567 1017 1645 necessaria
1034 1566 1182 1660 diligens
1204 1574 1239 1639 et
1258 1564 1435 1640 studiosus
1451 1566 1599 1657 existas,
1626 1577 1738 1642 castra
1756 1577 1792 1642 et
1806 1568 1872 1642 alia
1889 1589 1992 1664 opera

580 1713 649 1784 qua
673 1701 927 1764 consueverunt
950 1700 984 1764 et
1007 1689 1137 1765 debent
1152 1689 1304 1784 reparari
1321 1711 1384 1786 per
1398 1690 1502 1780 alios,
1522 1711 1585 1786 per
1601 1712 1660 1764 eos
1679 1691 1740 1785 qui
1763 1700 1922 1766 tenentur
1942 1694 1989 1765 la·

580 1814 674 1886 ciens
692 1815 859 1908 reparari,
880 1823 915 1886 et
934 1815 969 1886 in
987 1813 1063 1886 aliis
1081 1835 1152 1909 qus
1167 1836 1229 1909 per
1247 1814 1335 1887 alios
1354 1815 1507 1910 reparari
1525 1835 1596 1888 non
1612 1815 1759 1908 debent,
1781 1816 1910 1890 taciens
1926 1839 1991 1890 ox·

578 1959 704 2030 pensas
725 1937 934 2011 necessarias
951 1936 997 2010 de
1014 1937 1239 2033 proventibus
1252 1937 1348 2011 curie
1365 1945 1481 2012 nostre
1500 1937 1561 2034 qui
1581 1945 1662 2010 sunt
1676 1959 1740 2035 per
1761 1961 1884 2012 manus
1900 1950 1986 2032 tuas,

577 2069 682 2154 prout
704 2068 817 2132 nostre
839 2060 935 2133 curie
954 2059 1145 2134 commodis
1172 2059 1301 2134 videris
1329 2059 1452 2134 melina
1478 2060 1661 2157 expedire,
1684 2061 1781 2157 quod
1802 2061 1989 2159 dampnum

579 2183 722 2257 omnino
742 2183 871 2256 vitetur
886 2192 921 2256 et
935 2183 981 2257 de
1001 2173 1119 2259 studio
1136 2183 1400 2258 commenderis.

626 2310 751 2380 Datum
766 2307 859 2399 Orte,
880 2308 925 2380 lll
939 2307 1060 2402 madii,
1078 2309 1155 2382 Xlll
1172 2309 1385 2383 indictionis.

630 2922 808 3008 Mandata
850 2923 900 3004 ad
937 2921 1124 3006 Obertum
1159 2911 1498 3005 Fallamdnachum
1534 2930 1578 3004 ut
1608 2919 1776 3004 officium
1818 2921 1986 3032 magistri

577 3057 747 3140 donnarii
775 3057 823 3138 de
851 3053 1003 3136 secretis
1030 3079 1098 3161 per
1129 3063 1249 3136 totam
1277 3053 1445 3138 Siciliam
1480 3051 1642 3136 fideliter
1668 3064 1859 3158 exerceat,
1889 3054 1985 3138 viros

565 3189 717 3298 probos
735 3188 775 3268 in
793 3184 981 3296 portubus
1005 3193 1164 3293 statuat,
1185 3211 1256 3293 pro
1279 3185 1422 3270 solatiis
1446 3185 1594 3268 Siciliae
1616 3195 1654 3268 et
1674 3185 1885 3268 munitione
1902 3211 1987 3267 oas-

576 3333 724 3404 trorum
747 3318 960 3402 necessaria
982 3317 1176 3422 exhibeat,
1202 3327 1240 3400 et
1263 3318 1431 3404 decimus
1453 3326 1655 3402 consuetas
1678 3317 1844 3400 ecclesiis
1861 3315 1985 3427 juris-

576 3453 752 3536 dictionis
770 3477 861 3535 suae
879 3451 1042 3560 persolvi
1061 3450 1187 3532 faciat.

659 3693 783 3776 (licceat.
798 3693 901 3772 imper.
917 3688 1033 3752 lum.
1048 3691 1088 3766 11,
1103 3688 1153 3752 rol.
1171 3695 1298 3766 trocto;
1313 3693 1346 3751 ln
1358 3689 1431 3752 solt.
1444 3687 1581 3770 Gutum,
1595 3707 1627 3769 p.
1643 3689 1727 3766 286.)

624 3907 671 3976 lle
685 3905 838 3978 modulo
858 3903 1026 3998 imperiali
1043 3905 1132 3996 [acto
1148 3925 1212 3998 pcr
1233 3905 1428 3998 mupirtrum
1451 3905 1493 3976 ll.
1511 3903 1551 3976 dc
1568 3905 1716 3996 Trajecto
1738 3905 1873 3998 scripsit
1888 3903 1929 3974 Ρ.
1946 3900 1984 3973 de

575 4031 717 4124 Capua:

623 4151 843 4242 tiedericus,
869 4160 952 4238 etc,
978 4150 1105 4222 Oberto
1127 4147 1408 4239 Fallamonacho,
1429 4157 1495 4222 etc.
1517 4149 1644 4222 Notum
1665 4147 1809 4221 iacimus
1833 4146 1980 4222 fidelitati

574 4287 634 4348 tue
646 4274 742 4369 quod
759 4293 823 4345 nos
840 4271 960 4345 confisi
981 4273 1026 4346 de
1043 4270 1226 4368 prudentia
1243 4281 1278 4345 et
1295 4273 1469 4367 legalitate
1484 4281 1547 4344 tua
1562 4271 1709 4344 facimus
1730 4281 1764 4344 te
1782 4271 1980 4346 doanerium

574 4400 620 4472 de
637 4399 778 4473 secretis
799 4406 999 4492 questorum
1016 4418 1037 4470 a
1052 4397 1138 4469 Fare
1156 4417 1218 4493 per
1236 4405 1342 4469 totam
1362 4396 1514 4470 Ciciliam
1541 4395 1762 4490 magistrum,
1783 4403 1822 4466 ut
1839 4395 1981 4468 officinm

573 4523 689 4619 ipsum
707 4531 742 4595 et
757 4523 874 4596 omnia
892 4543 964 4616 que
984 4520 1030 4594 ad
1048 4521 1163 4619 ipsum
1179 4529 1354 4616 spectant,
1377 4517 1424 4593 ad
1440 4518 1607 4592 honorem
1631 4527 1667 4592 et
1684 4516 1881 4592 fidelitatem
1905 4537 1983 4589 nos·

573 4657 659 4718 tram
686 4645 848 4718 ammodo
880 4644 1009 4718 debeas
1032 4644 1180 4718 fideliter
1204 4663 1381 4717 exercere.
1406 4643 1576 4730 Quocirca
1600 4641 1756 4716 fidelitati
1785 4651 1845 4715 tue
1872 4639 1980 4736 preci-

572 4768 700 4864 piendo
726 4768 930 4843 mandamus
956 4777 1128 4864 quatenus
1153 4767 1305 4842 officium
1330 4767 1444 4864 ipsum
1475 4765 1619 4840 secretio
1645 4773 1680 4838 et
1706 4765 1822 4840 omnia
1841 4785 1916 4862 qua
1938 4758 1980 4835 ad
