4374 6010
523 575 585 638 art
1025 571 1242 635 ratnnurcr
1262 569 1438 635 securta!
1749 575 1934 663 jaculato.

523 711 646 785 barum
662 710 860 785 lombardos
875 709 1030 805 prisones
1048 707 1109 804 qni
1125 729 1187 804 per
1202 717 1317 805 partes
1327 706 1581 801 jurisdictionis
1600 718 1661 786 tue
1673 713 1931 808 custodiuntur,

523 835 669 932 receptis
679 833 745 930 lips
757 833 887 906 lictoris
902 833 969 905 sub
987 831 1058 905 lida
1071 830 1228 905 custodia
1246 830 1292 906 ad
1308 831 1517 930 presentiam
1530 843 1685 910 nostrum
1702 837 1838 912 mistas.

570 961 695 1031 Datum
711 959 809 1048 Orte,
829 956 939 1052 primo
956 955 1093 1052 aprilis,
1112 955 1189 1028 Xlll
1206 953 1418 1030 indictionis.

570 1082 706 1154 Similes
721 1080 858 1176 scripsit
875 1079 1060 1184 justitiario
1084 1077 1266 1152 Basilicatc
1288 1077 1334 1154 de
1351 1079 1535 1154 miotendis
1556 1081 1645 1156 Gillo
1669 1084 1715 1158 de
1734 1083 1929 1177 Postumia,

522 1206 682 1280 Castilino
695 1203 741 1280 de
757 1205 879 1298 Crucc,
901 1203 1053 1277 Bet-niolo
1068 1203 1114 1278 dc
1127 1204 1358 1302 Pnzuponello
1372 1212 1407 1279 et
1419 1205 1546 1280 Busino
1563 1205 1612 1303 (c)
1626 1205 1671 1282 de
1683 1207 1855 1285 llandello
1872 1213 1933 1308 qni

523 1330 719 1405 detinentur
732 1329 769 1402 in
781 1327 1023 1422 jurisdictione
1037 1349 1115 1400 sua.

570 1453 704 1528 Similes
721 1453 856 1550 scripsit
866 1452 1051 1546 justitiario
1072 1441 1161 1525 terre
1177 1451 1254 1526 Bari
1273 1451 1319 1526 de
1339 1451 1515 1527 mictendo
1534 1453 1662 1528 lanclo
1682 1454 1728 1530 de
1748 1455 1847 1532 Corte
1869 1457 1885 1554 (
1904 1458 1931 1556 ).

569 1581 703 1654 Similes
720 1579 856 1676 scripsit
867 1579 1053 1672 justitiario
1064 1577 1199 1675 Aprutii
1217 1580 1263 1654 de
1275 1577 1451 1654 mielendo
1468 1579 1596 1654 Iacobo
1608 1581 1774 1677 Manerio,
1790 1585 1934 1660 Presbi-

521 1716 594 1777 tero
615 1704 662 1802 (c)
682 1703 810 1796 Burro,
835 1701 974 1776 Alberto
998 1703 1300 1798 Scaceabarrocio,
1324 1705 1437 1780 leone
1458 1703 1612 1780 llanerio
1637 1715 1672 1780 et
1692 1707 1869 1784 Bonilacio
1888 1711 1933 1788 de

520 1829 706 1902 Mandello.
904 1825 907 1832 '

568 1953 704 2027 Similes
725 1949 891 2026 lliooardo
910 1951 956 2025 dc
975 1950 1189 2046 Montenigro
1203 1949 1389 2044 justitiario
1405 1952 1507 2026 Terre
1526 1953 1667 2027 [anons
1690 1953 1735 2028 de
1758 1955 1932 2032 mictendo

520 2076 695 2150 Bonilacio
720 2074 983 2166 acroamata,
1008 2073 1165 2148 Gabriele
1187 2075 1422 2168 Petraaancta,
1450 2074 1581 2150 Sadino
1609 2075 1656 2151 de
1678 2076 1788 2153 Alano
1810 2079 1873 2178 (d),
1898 2091 1932 2163 et

520 2201 646 2275 comite
662 2197 814 2273 Gollrido
830 2195 875 2270 de
888 2197 1096 2270 Curtenova.

568 2325 701 2398 Similes
716 2323 903 2396 Tholomeo
915 2320 960 2395 de
972 2320 1173 2394 Castellione
1187 2319 1372 2414 justitiario
1391 2323 1490 2396 vallis
1503 2324 1615 2398 Gratis
1631 2335 1668 2398 et
1683 2333 1771 2402 terne
1783 2327 1930 2405 Iordane

520 2451 565 2524 de
582 2447 755 2522 mielendo
770 2446 943 2520 Abbatino
961 2443 1005 2518 de
1020 2443 1231 2538 Melignano.

360 2958 375 2990 ³
421 2957 461 3048 *ἡ
572 2943 657 3028 Alia
681 2942 863 3026 mandute
895 2941 944 3024 ad
974 2939 1199 3052 justitiarios
1228 2951 1272 3025 ut
1298 2939 1534 3026 Lombardos
1562 2942 1734 3052 prisones
1762 2944 1812 3026 ad
1845 2945 1926 3028 Aa·

518 3077 648 3161 culum
675 3077 724 3160 de
753 3075 964 3187 Capitinata
985 3073 1158 3184 mittant,
1188 3099 1256 3185 per
1278 3074 1527 3186 justitiarium
1561 3075 1794 3198 capitinatae
1825 3101 1928 3188 quo-

518 3212 633 3294 modo
660 3209 761 3292 ultra
778 3209 980 3317 procedere
997 3206 1160 3291 debeant
1177 3207 1321 3292 scituri.

598 3409 724 3492 (depol.
742 3409 846 3489 imper.
856 3405 974 3470 medo.
989 3407 1031 3488 11,
1045 3405 1098 3470 tot.
1114 3415 1152 3470 ts
1164 3413 1263 3484 recum
1277 3410 1309 3470 lu
1321 3405 1394 3470 entt.
1409 3408 1546 3488 aarum,
1560 3423 1589 3485 p.
1606 3407 1691 3490 aaa.)

565 3583 612 3654 lle
634 3581 801 3677 imperiali
815 3579 973 3654 mandato
994 3583 1082 3673 [octo
1093 3603 1156 3678 per
1173 3581 1370 3676 magistrum
1390 3581 1429 3654 lt.
1451 3579 1490 3654 de
1504 3581 1771 3656 Petrostumu'nc
1791 3583 1926 3678 empsit

516 3709 555 3779 G.
575 3706 615 3778 dc
629 3707 814 3778 Cossutio:

563 3829 781 3919 Fredericus,
804 3837 888 3922 ctu,
911 3827 1112 3902 Boamundc
1132 3828 1273 3902 Pissono
1291 3827 1476 3922 justitiario
1494 3827 1648 3923 Aprutii,
1666 3836 1734 3902 etc.
1753 3825 1923 3904 Fidelitati

514 3964 574 4029 tue
591 3953 812 4050 precipiendo
828 3951 1034 4026 mandamus
1051 3961 1223 4047 quatenus
1242 3951 1438 4026 lombardos
1458 3951 1615 4048 prisones
1636 3972 1727 4048 quos
1752 3951 1923 4025 missurus

513 4101 551 4154 es
565 4079 611 4153 ad
626 4077 833 4173 presentiam
849 4084 1000 4149 nostram
1013 4075 1103 4148 sicut
1119 4074 1180 4147 tibi
1201 4074 1463 4168 mandavimus,
1484 4075 1626 4150 mintere
1643 4073 1772 4148 debeas
1788 4075 1923 4170 equites

514 4206 549 4276 in
565 4202 666 4277 bonis
679 4200 829 4276 roncinis
842 4209 876 4273 et
889 4199 926 4272 in
942 4199 1033 4274 bona
1051 4182 1212 4274 comitiva
1223 4199 1407 4274 custodum
1424 4221 1537 4296 usque
1550 4197 1716 4274 Asculum
1731 4198 1776 4274 de
1790 4197 1923 4295 Capiti-

555 4378 596 4458 (α)
619 4380 655 4440 In
670 4377 774 4441 cedula
785 4374 922 4458 Rufinus.

552 4483 595 4567 (t)
616 4487 652 4547 m
664 4484 768 4546 nunu
780 4483 932 4546 maan
943 4480 980 4546 tt
994 4482 1093 4546 cure.

554 4589 592 4672 (c)
614 4591 650 4652 In
662 4590 766 4653 cadula
778 4585 942 4671 Philippus.

554 4695 597 4778 (d)
618 4699 685 4761 Non
697 4698 848 4759 lnrsnltur
860 4698 893 4758 ln
906 4695 1026 4772 emula,
1038 4695 1096 4758 nlsl
1108 4696 1148 4758 slt
1158 4693 1240 4756 idem
1252 4709 1287 4758 ac
1300 4690 1380 4760 Sede
1391 4690 1428 4757 de
1442 4693 1568 4775 Iduum.
