4468 6010
291 711 379 758 arucr.
399 688 460 773 lia]
731 681 929 742 HISTORIA
955 680 1249 745 otetotta‘rtctt.
1642 685 1702 746 7¹19

277 832 398 904 culum
409 828 585 921 insperata
600 819 754 893 novitate
766 817 955 913 profluxit?
967 818 1117 902 Quisvir
1127 839 1198 892 non
1210 820 1413 915 accingatur
1426 820 1473 893 ad
1487 818 1568 893 fidei
1585 820 1700 890 mnni-

277 961 454 1042 mentum,
468 949 532 1022 ubi
549 943 595 1019 ad
613 964 710 1016 muna
723 943 835 1015 crucis
851 942 1002 1014 occurrit
1025 943 1200 1038 intrepide
1215 966 1324 1017 sexus
1342 944 1472 1038 fragilis
1491 943 1697 1016 mulierum?
1816 1001 1818 1017 .

276 1073 506 1170 Congandeat
521 1070 644 1165 igitur,
662 1068 885 1142 obsecramur
903 1067 939 1140 in
956 1068 1123 1156 Domino,
1148 1079 1301 1142 materne
1323 1069 1430 1142 letitie
1452 1069 1592 1142 devotio
1609 1065 1696 1140 filio·

276 1223 355 1273 rum
380 1209 416 1272 et
440 1205 559 1270 contra
576 1215 701 1266 verum
717 1190 925 1264 Anteobristi
951 1193 1173 1286 prenuntium
1192 1193 1305 1266 crucis
1326 1214 1389 1265 vos
1406 1193 1538 1264 munite
1553 1191 1699 1264 cbarac-

277 1335 369 1412 tere,
389 1320 557 1395 catholice
570 1317 652 1390 tidei
674 1323 867 1406 armatura,
889 1325 927 1385 ut
949 1315 1065 1388 matris
1083 1316 1252 1411 pudorem
1274 1338 1379 1411 quem
1402 1316 1604 1390 temerarius
1622 1317 1698 1389 vio-

276 1451 364 1522 lator
382 1453 581 1542 attemptat,
603 1439 767 1515 defendat
783 1441 978 1512 reverantia
996 1439 1128 1531 filialis,
1147 1453 1182 1514 et
1197 1443 1371 1514 subtracta
1387 1442 1532 1516 Herodis
1549 1443 1692 1532 astutia,

276 1571 367 1645 lilios
393 1571 514 1644 orbato
542 1565 699 1640 ltacbelis
721 1574 841 1636 uterus
875 1564 998 1636 iterum
1025 1586 1095 1637 non
1124 1565 1291 1660 deploret.
1322 1566 1509 1656 Quocirca,
1535 1580 1615 1658 etc,
1652 1566 1696 1639 de

275 1718 380 1769 manu
385 1745 559 1766 .....
579 1711 643 1765 vos
656 1691 796 1782 siguum
814 1688 927 1760 crucis
942 1699 1139 1763 reverenter
1154 1691 1331 1780 assumite,
1347 1690 1564 1766 contradicti
1581 1711 1695 1786 perse-

275 1821 402 1894 cutoris
416 1817 578 1890 astutiam
597 1813 680 1887 fidei
698 1813 914 1908 prosecuturi
932 1815 1108 1906 negotium
1124 1813 1271 1888 fideliter
1284 1825 1318 1888 et
1337 1825 1503 1909 potenter.

326 2387 507 2472 Mandata
525 2409 639 2493 super
658 2382 844 2494 eligendis
862 2383 994 2466 decem
1010 2383 1197 2467 militibus
1215 2383 1346 2492 probis
1363 2393 1402 2465 et
1418 2381 1610 2492 fidelibus,
1625 2385 1692 2493 qui
1732 2399 1887 2502 ,ng

274 2547 342 2630 per
358 2519 601 2630 llaynoldum
623 2518 671 2600 de
695 2517 891 2624 Aquaviva
918 2517 1160 2626 capitaneum
1185 2515 1341 2598 Viterbii
1364 2527 1402 2598 et
1425 2515 1594 2624 partium
1613 2518 1691 2599 ad-

270 2654 481 2764 jacentium
504 2652 553 2736 ad
580 2649 768 2760 regimina
791 2649 988 2733 civitatum
1015 2649 1239 2732 eurumdem
1265 2649 1434 2758 partium
1458 2660 1688 2734 statuantur.

354 2869 484 2952 (lthcst.
499 2868 602 2949 impar.
617 2863 737 2928 Μαι
748 2865 789 2944 11,
801 2864 853 2926 iol.
870 2873 908 2926 tt
921 2881 1025 2940 serso3
1038 2867 1070 2928 ln
1085 2865 1157 2928 edlt.
1173 2863 1311 2944 Caroau„
1323 2883 1354 2944 p.
1371 2865 1457 2946 tot.)

322 3059 369 3128 lle
385 3055 544 3128 mndata
560 3053 732 3148 imperiali
748 3055 837 3146 [octo
850 3073 914 3148 por
931 3055 1128 3146 magistrum
1146 3056 1184 3126 T.
1203 3055 1338 3147 scripsit
1356 3055 1396 3124 P.
1415 3053 1455 3124 dc
1474 3053 1615 3148 Capua.-

320 3180 546 3266 Fredericus,
578 3187 661 3267 eto,
690 3174 870 3274 Rayualdo
898 3175 942 3248 de
968 3174 1176 3270 Aquaviva,
1204 3185 1270 3249 eto.
1301 3176 1386 3249 Cum
1413 3186 1447 3250 te
1469 3179 1688 3274 capitaneum

269 3303 416 3378 viterbii
432 3311 468 3376 et
479 3301 712 3396 adiacentium
730 3301 880 3396 partium
898 3299 1121 3375 statuendum
1138 3300 1356 3393 duxerimus,
1374 3301 1418 3375 de
1432 3311 1492 3376 tua
1504 3303 1689 3400 prudentia

271 3439 307 3504 ct
316 3429 493 3525 legalitate
506 3425 639 3519 conlisi,
653 3435 687 3500 et
699 3425 850 3499 velimus
861 3425 959 3522 qnod
971 3425 1092 3500 decem
1104 3427 1229 3498 milites
1242 3427 1365 3519 bonos,
1381 3427 1508 3522 probos
1521 3439 1556 3500 et
1571 3429 1688 3504 fideles

269 3555 332 3648 qui
350 3553 604 3627 'convenientes
620 3559 655 3624 et
674 3549 805 3647 ydonei
823 3550 892 3623 sint
914 3551 961 3623 ad
982 3551 1151 3646 regimina
1170 3559 1338 3623 terrarum
1360 3551 1513 3647 ipsarum
1537 3555 1687 3648 partium

268 3674 415 3777 doum]
430 3677 559 3768 ducas,
580 3674 737 3750 fidelitati
752 3683 812 3747 tue
829 3674 1052 3770 precipiendo
1073 3673 1282 3747 mandamus
1303 3683 1474 3770 quatenus
1492 3678 1576 3748 situ
1594 3699 1640 3750 ex
1654 3687 1687 3751 te

268 3802 396 3876 milites
411 3803 505 3897 ipsos
517 3799 674 3873 invenire
687 3799 817 3895 poteris
829 3798 963 3871 habiles
976 3808 1015 3871 ut
1031 3807 1084 3872 est
1099 3798 1250 3888 dictum,
1273 3808 1388 3871 tecum
1405 3797 1515 3873 ducas
1530 3801 1683 3874 eosdem.

268 3925 437 4022 Alioquin
452 3945 533 3998 ecoe
548 3923 673 3998 damus
688 3924 730 3995 B.
744 3923 887 3996 Pissono
904 3921 1090 4014 justitiario
1107 3921 1244 4017 Aprutii
1267 3921 1362 3995 fideli
1383 3937 1500 3996 nostro
1523 3947 1584 4020 per
1601 3948 1687 3999 nos-

267 4060 339 4123 tras
352 4050 489 4122 licteras
506 4049 543 4120 iu
558 4046 731 4121 mandatis
744 4056 785 4119 ut
806 4047 853 4121 ad
868 4046 1128 4140 requisitionem
1149 4056 1244 4120 tuam
1261 4046 1382 4120 decem
1401 4048 1567 4122 militibus
1586 4051 1685 4122 bonis

267 4183 302 4244 et
322 4171 489 4246 fidelibus
509 4171 690 4268 Aprutinis
711 4171 871 4264 injungat
891 4169 988 4264 quod
1011 4169 1057 4244 ad
1082 4171 1257 4244 tevenire
1281 4170 1444 4250 debeant.
1466 4175 1516 4244 ‘lu
1541 4195 1624 4246 vero
1649 4174 1684 4244 in

266 4317 408 4371 ornnem
421 4304 587 4370 eventum
600 4295 647 4370 ad
666 4295 873 4390 presentiam
891 4307 1045 4368 nostram
1063 4295 1262 4368 festinanter
1280 4297 1436 4370 accedas.

314 4421 444 4494 Datum
461 4420 621 4509 Viterbii,
640 4421 762 4492 ultimo
781 4420 965 4508 februarii,
985 4420 1063 4492 Xlll
1081 4420 1292 4493 indictionis.

314 4547 401 4616 lwm
420 4544 460 4614 de
471 4545 583 4616 codem
600 4543 757 4616 mundato
776 4546 910 4640 scripsit
922 4544 1011 4616 idem
1028 4569 1041 4614 .·

315 4665 541 4758 Fredericus,
560 4675 645 4757 sto,
660 4668 701 4740 B.
720 4666 863 4740 Pissono
880 4667 1065 4759 justitiario
1087 4667 1245 4764 Aprutii,
1272 4676 1339 4740 etc.
1354 4666 1439 4740 Cum
1462 4669 1683 4743 mandaveri-

267 4813 344 4865 mus
356 4791 538 4887 liayualdo
553 4791 600 4866 de
614 4790 799 4886 Aquaviva
822 4789 917 4866 fideli
934 4801 1104 4866 unstrout
1126 4792 1172 4867 ad
1190 4792 1399 4888 presentiam
1421 4801 1572 4866 nostram
1588 4796 1684 4868 iesti-
