4384 6004
545 657 623 720 1104
1040 659 1256 722 satullltlcl
1279 659 1454 721 SECUNDI
1765 661 1844 747 [dm.
1864 663 1948 726 1241.

541 792 765 866 comedimus
780 803 816 866 et
829 793 977 888 presenti
994 797 1120 890 pagina
1138 791 1393 868 confirmamus.
1412 794 1602 868 Statuimus
1622 795 1728 890 igitur
1746 805 1782 868 et
1802 798 1949 874 districte

539 915 750 1011 precipimus
768 925 807 987 nt
819 937 884 989 nec
896 939 1038 1012 presens
1054 919 1239 1014 episcopus
1252 917 1464 992 Diethelmns
1482 920 1539 992 vel
1553 918 1741 994 advocatus
1755 923 1812 994 vel
1828 923 1949 1018 aliquis

539 1059 658 1112 eurnrn
690 1061 867 1113 successor
891 1039 981 1114 hanc
1008 1041 1196 1117 libertatem
1222 1041 1454 1137 burgensibus
1480 1051 1516 1114 et
1540 1043 1670 1116 civitati
1694 1043 1948 1120 constanciensi

539 1184 737 1236 concessam
751 1163 867 1258 aliquo
886 1173 1039 1260 tempore
1052 1175 1256 1262 attemptare
1276 1164 1404 1239 audeat
1417 1166 1474 1238 vel
1489 1166 1687 1259 intringere.
1706 1167 1853 1254 Quodsi
1871 1172 1948 1266 quis

537 1285 649 1358 iacere
663 1288 908 1382 presumpserit
922 1298 1061 1362 centum
1071 1290 1182 1362 libras
1194 1289 1271 1361 auri
1285 1309 1348 1385 pru
1364 1309 1454 1384 pena
1468 1309 1603 1363 camere
1619 1301 1733 1364 nosue
1749 1305 1942 1387 componat.

537 1411 592 1484 Ad
615 1413 715 1502 cujus
739 1412 788 1483 rei
812 1414 993 1486 certamin
1017 1423 1222 1509 perpetuum
1237 1412 1454 1486 evidenciam
1471 1421 1665 1508 presentem
1686 1415 1849 1510 paginam
1865 1416 1944 1490 inde

535 1535 705 1606 conscribi
721 1544 755 1608 et
768 1537 953 1636 majestatis
967 1546 1082 1610 nostre
1098 1535 1212 1632 sigillo
1226 1537 1395 1630 jussimus
1416 1537 1632 1609 communiri.
1653 1539 1765 1631 liujus
1781 1540 1833 1613 rei
1846 1551 1944 1614 testes

533 1667 614 1730 sunt
629 1659 846 1733 Hermaunus
862 1661 1142 1734 Monasleriensis
1156 1661 1358 1756 episuupus‚
1381 1659 1563 1734 Lotharius
1582 1659 1781 1735 leodiensis
1797 1663 1939 1756 electus,

533 1782 764 1857 Theodericus
776 1785 1001 1876 Trajectensis
1021 1786 1232 1880 prepositus,
1253 1783 1477 1858 Baldevvinns
1495 1805 1611 1858 cornus
1631 1785 1810 1875 Flandrie,
1831 1788 1942 1862 Girar·

533 1905 599 1979 dus
610 1929 727 1980 comes
740 1907 784 1980 du
796 1908 881 1998 Lon,
898 1907 977 1980 Otto
991 1929 1106 1981 comes
1118 1907 1163 1980 de
1173 1907 1309 1996 Gslren,
1323 1906 1555 1980 Theudoricus
1568 1928 1682 1980 comes
1696 1907 1741 1980 de
1752 1911 1938 2001 Hostanen,

531 2029 763 2104 Theodericus
776 2050 892 2104 onmes
910 2029 956 2103 de
975 2030 1095 2118 Cleve,
1113 2029 1333 2104 burchardus
1353 2051 1468 2103 comes
1482 2030 1528 2104 de
1540 2033 1655 2124 Zulre,
1669 2031 1881 2106 Deithelmus
1898 2035 1941 2108 de

530 2155 671 2246 Creien,
693 2156 790 2229 Cunu
814 2155 859 2228 du
877 2156 1139 2246 bluncembnrc‚
1157 2155 1326 2230 ilenricus
1343 2153 1508 2228 deintra
1527 2155 1710 2251 pincerna,
1732 2159 1940 2232 Wernberus

529 2279 575 2352 de
596 2278 754 2370 Arboua,
770 2279 950 2352 Heinricos
961 2287 996 2351 et
1011 2280 1180 2354 liudulfus
1196 2279 1241 2352 de
1252 2279 1454 2367 Wintertul,
1473 2277 1653 2352 Heinricns
1668 2279 1713 2354 de
1729 2281 1936 2376 Anewilere,

526 2403 706 2477 Cunradus
717 2403 762 2477 de
779 2402 1087 2498 Huguldeshoven‚
1106 2413 1140 2476 et
1154 2403 1214 2476 alii
1232 2403 1466 2498 quamplures.

575 2527 720 2620 Signum
734 2527 865 2601 domini
883 2527 1020 2600 Henrici
1036 2528 1126 2600 sexti
1145 2527 1377 2600 Romanorum
1394 2525 1609 2622 imperatoris
1623 2527 1840 2600 invictissimi
1856 2529 1938 2626 (llo-

524 2651 742 2746 nuprummu).

572 2775 657 2850 Acta
673 2785 755 2850 sunt
772 2775 837 2848 hec
855 2795 947 2849 anno
963 2761 1137 2850 dominice
1157 2774 1401 2849 incarnationis
1418 2775 1466 2848 bl.
1485 2774 1521 2846 C.
1539 2773 1645 2865 XCll,
1670 2774 1869 2850 indictionis
1884 2778 1932 2868 x,

521 2910 688 2994 regnante
715 2899 855 2974 dominu
877 2899 1023 2972 ilenrico
1048 2907 1150 2972 sexto
1176 2900 1409 2972 Romanorum
1436 2898 1642 2994 imperatore
1667 2897 1931 2992 gloriosissimo,

520 3047 612 3100 annu
626 3024 724 3119 regni
741 3026 818 3118 ejus
831 3023 960 3112 XXlll,
979 3022 1113 3116 imperii
1129 3041 1214 3094 veru
1227 3020 1394 3094 secundo.

568 3149 694 3222 Datum
711 3146 807 3243 apud
825 3145 1010 3234 modium,
1027 3147 1102 3217 lllll
1115 3144 1281 3218 kalendas
1296 3143 1462 3216 octubris.

566 3274 636 3346 Nos
651 3273 769 3366 itaque
792 3270 962 3344 dictorum
990 3267 1145 3343 fidelium
1165 3279 1357 3342 nostrorum
1380 3265 1516 3342 devotis
1536 3265 1847 3363 supplicationibus
1872 3292 1933 3342 an·

518 3405 677 3484 nuentes,
694 3393 931 3490 supradictum
946 3393 1167 3487 privilegium
1181 3391 1263 3464 huic
1279 3401 1395 3466 nostro
1411 3390 1594 3488 privilegio
1612 3389 1657 3464 de
1668 3391 1776 3465 verbu
1790 3391 1837 3466 ad
1853 3413 1930 3466 vur-

517 3521 601 3592 bum
618 3519 723 3592 inseri
733 3517 915 3612 jussimus,
928 3517 1044 3590 omnia
1057 3537 1127 3610 qne
1141 3515 1359 3588 continentur
1372 3515 1408 3586 in
1419 3536 1462 3588 eo
1475 3515 1521 3588 de
1532 3513 1673 3610 speciali
1685 3515 1794 3609 gratia
1808 3515 1931 3590 uuniir-

516 3652 669 3730 mantes3
702 3651 890 3716 statuentes
921 3649 956 3713 et
985 3639 1053 3712 sub
1080 3639 1225 3712 obtentu
1252 3638 1363 3733 gratie
1388 3648 1504 3712 nostre
1533 3637 1675 3712 firmiter
1702 3639 1929 3735 precipientes

515 3767 678 3862 quatinus
690 3764 1053 3858 nullussitquiuuntra
1064 3762 1231 3858 presentis
1245 3771 1361 3836 nostre
1373 3761 1605 3836 innovationis
1616 3771 1651 3836 et
1662 3761 1929 3838 confirmationis

514 3899 746 3964 tunoremeus
762 3900 938 3984 presumat
953 3908 1041 3960 ausu
1062 3885 1243 3960 temerario
1260 3886 1452 3960 molestare.
1476 3885 1580 3970 Quod
1601 3885 1663 3980 qui
1683 3887 1929 3983 presumpserit

512 4013 787 4107 indignationem
805 4013 912 4085 nostri
934 4011 1095 4084 culminis
1118 4031 1156 4084 se
1182 4010 1319 4082 noverit
1341 4009 1575 4082 incursurum.
1601 4007 1659 4082 Ad
1683 4008 1789 4102 hujus
1811 4011 1928 4106 itaque

513 4136 748 4210 innovationis
763 4149 799 4209 at
818 4133 1087 4209 confirmationis
1103 4141 1218 4208 nostre
1231 4133 1451 4226 memoriam,
1466 4153 1608 4228 presens
1620 4133 1787 4228 scriptum
1801 4132 1877 4206 lieri
1893 4143 1927 4208 et

512 4261 625 4356 sigillo
641 4259 827 4352 majestatis
844 4267 959 4332 nostre
974 4259 1142 4350 jhssimus
1158 4257 1374 4330 communiri.

560 4385 671 4476 liujus
687 4381 738 4454 rei
757 4391 860 4456 testes
879 4391 960 4454 sunt
973 4381 1179 4456 berthuldus
1196 4381 1348 4454 marchio
1364 4377 1410 4454 de
1423 4378 1646 4469 Hubenborc,
1665 4377 1864 4452 Waltherus
1878 4377 1923 4452 do

509 4505 794 4600 Scillinguruirst,
819 4503 979 4584 albertus
1004 4503 1050 4577 de
1064 4503 1297 4594 bichenstein,
1316 4503 1414 4576 Cuno
1430 4503 1474 4576 de
1497 4501 1655 4598 Stophel,
1681 4500 1857 4574 Gotiridus
1876 4501 1921 4576 de

508 4629 741 4718 Flelrenstein‚
758 4628 926 4702 ilenricus
946 4627 992 4701 de
1008 4627 1250 4723 Scarpieneke,
1270 4625 1478 4700 Wollramus
1496 4625 1540 4699 de
1556 4623 1706 4721 lapide,
1725 4625 1861 4698 Ulricos
1875 4625 1920 4698 de

507 4757 627 4843 Dune,
648 4753 821 4828 lohannes
847 4751 892 4826 du
916 4750 1185 4838 Wachenhaim,
1213 4751 1431 4824 Hermunnus
1454 4749 1498 4824 ds
1521 4751 1730 4841 Esuenowe,
1752 4749 1919 4824 Hmricus
