4374 6010
198 722 305 786 lituu.
322 719 385 799 la]
653 717 852 780 HISTORIA
877 717 1176 782 olrtouttttcll.

256 1256 483 1344 Mandatum
511 1256 561 1339 ad
584 1254 833 1364 justitiarium
851 1253 971 1336 Vallis
990 1252 1116 1338 Gratis
1138 1263 1181 1336 ut
1206 1251 1362 1336 feudum
1380 1255 1485 1362 quod
1502 1281 1621 1364 nepos
1674 1229 1799 1338 ποῗὲιῠι

203 1390 403 1498 quondam
434 1387 642 1474 Alexandri
680 1387 728 1471 de
762 1385 935 1472 Poliooro
967 1385 1049 1470 sine
1084 1383 1235 1468 licentia
1268 1385 1449 1495 principis
1480 1395 1621 1471 temere

203 1521 304 1630 oepit
326 1532 365 1604 et
381 1521 539 1626 detinet,
558 1520 608 1603 ad
626 1544 767 1603 manus
785 1518 915 1603 curiae
931 1542 1108 1602 revocare
1126 1517 1288 1602 studeat.

286 1735 412 1815 (licoat.
429 1734 530 1814 imper.
546 1729 665 1795 trodo.
679 1731 724 1808 11,
738 1730 791 1794 tol.
808 1733 1026 1806 toavcrso31n
1043 1731 1115 1792 edit.
1131 1729 1269 1804 cumam,
1283 1747 1315 1808 p.
1331 1731 1415 1810 404.)

257 1921 306 1990 Dc
327 1917 484 1990 macuto
501 1915 669 2010 inperiali
692 1917 779 2008 [octo
799 1938 863 2010 per
880 1915 1030 2010 judicem
1054 1917 1092 1986 t.
1121 1914 1161 1986 de
1179 1915 1301 1989 Suessa
1329 1919 1462 2010 scripsit
1480 1917 1619 1990 locotus

207 2043 247 2115 de
265 2046 422 2114 Boiotro:
741 2065 745 2072 ·

253 2163 474 2253 Fredericns,
495 2171 579 2255 etc,
597 2162 783 2237 Tholomeo
803 2160 850 2235 de
871 2159 1074 2234 castellione
1084 2161 1269 2254 justitiario
1287 2161 1387 2236 vallis
1401 2161 1529 2252 Gratis,
1550 2173 1616 2238 etc.

206 2287 359 2360 lnnotuit
375 2286 471 2360 curie
486 2294 603 2358 nostro
619 2283 809 2380 quodcum
827 2284 943 2358 omniu
955 2283 1048 2356 bona
1063 2281 1241 2379 quondam
1259 2285 1452 2359 Alexandri
1466 2285 1510 2359 de
1526 2286 1620 2360 Poli-

208 2433 286 2484 oom
310 2412 372 2506 qui
395 2413 507 2484 luerat
525 2409 732 2504 justitiarius
749 2419 784 2484 et
802 2408 1015 2498 decesserat,
1040 2431 1110 2482 non
1127 2411 1238 2506 posita
1262 2409 1307 2484 de
1329 2411 1485 2504 predicto
1506 2411 1620 2486 officio

205 2535 357 2622 ratione,
374 2534 420 2607 ad
444 2555 534 2630 opus
553 2531 627 2606 fisci
650 2535 759 2606 nostri
785 2542 885 2628 capta
903 2531 1049 2606 lumsent
1068 2543 1104 2605 et
1127 2543 1242 2607 nostro
1260 2534 1401 2608 nomine
1417 2545 1617 2630 procurata,

207 2656 407 2728 Thomasius
434 2658 510 2730 For.
539 2657 628 2728 Mur.
656 2653 739 2750 (ric)
771 2676 879 2750 nepos
902 2655 977 2746 ejus
1006 2655 1184 2748 quoddam
1213 2655 1356 2730 seudum
1383 2658 1479 2752 qnod
1504 2657 1619 2738 dietus

207 2778 248 2852 A.
272 2780 440 2853 habuerat
462 2780 499 2850 in
518 2779 752 2863 Genitooastro
769 2786 803 2850 et
829 2779 924 2849 ouria
944 2787 1061 2850 nostra
1081 2779 1158 2872 oapi
1179 2781 1305 2852 lecerat
1325 2801 1405 2851 cum
1422 2779 1499 2853 aliis
1519 2779 1619 2852 bonis

211 2905 300 2994 ejus,
323 2903 399 2975 sine
421 2902 586 2976 mandato
609 2911 644 2974 et
670 2900 808 2974 licentia
833 2911 948 2974 nostra
975 2909 1102 2974 temere
1127 2901 1275 2998 ospitat
1301 2899 1432 2975 detinet
1456 2901 1503 2976 ad
1523 2924 1618 2976 com·

208 3025 349 3098 modum
372 3025 572 3122 proprium,
595 3027 631 3098 in
650 3032 767 3098 nostre
785 3025 882 3098 curie
906 3025 1092 3116 lesionem,
1110 3025 1206 3098 nulla
1223 3025 1376 3098 similiter
1398 3024 1444 3098 de
1461 3025 1617 3120 predicto
1706 3031 1709 3036 ’

206 3148 443 3239 justitiariatus
458 3149 572 3222 officio
587 3148 719 3220 ratione
737 3147 848 3242 posita
868 3168 932 3241 pro
947 3147 1083 3220 eodem.
1105 3147 1220 3230 Quare
1233 3145 1387 3221 fidelitati
1406 3159 1465 3220 tue
1478 3145 1619 3222 firmiter

209 3271 427 3366 precipiendo
447 3271 654 3345 mandamus
675 3279 848 3367 quatenns
864 3270 1017 3365 inspecta
1034 3291 1139 3365 super
1159 3270 1225 3366 hys
1242 3270 1404 3344 omnihus
1420 3269 1619 3366 diligentins

209 3395 365 3478 veritate,
382 3395 412 3468 si
430 3417 503 3468 rem
517 3395 691 3470 inveneris
716 3395 765 3470 ita
783 3415 859 3468 esse
875 3395 965 3467 sicut
979 3394 1137 3488 superins
1157 3403 1210 3467 est
1226 3415 1452 3490 expressum,
1474 3393 1617 3467 feudum

209 3517 397 3611 predictum
415 3540 494 3590 cum
508 3519 676 3592 fructibus
693 3518 775 3592 inde
790 3519 959 3613 perceptis
975 3517 1021 3590 ad
1037 3539 1161 3590 manus
1178 3518 1273 3590 ouria
1286 3527 1400 3592 nostre
1413 3518 1504 3590 siout
1516 3526 1618 3592 antea

210 3638 326 3731 luerat,
341 3639 484 3714 studeas
499 3661 677 3730 revocare,
691 3650 731 3713 ut
747 3641 846 3713 curia
858 3649 975 3715 nostra
987 3661 1093 3736 super
1109 3640 1176 3712 hoo
1191 3650 1348 3714 servetur
1365 3640 1460 3714 illesa
1473 3649 1509 3714 st
1522 3651 1617 3712 tuam

210 3761 352 3850 exinde,
372 3771 441 3836 etc.

254 3887 376 3958 Datum
394 3886 490 3980 Orte,
506 3886 645 3960 XXVlll
662 3885 807 3981 aprelis,
826 3887 905 3958 Xlll
919 3885 1127 3960 indictionis.

224 4053 227 4063 ·
255 4009 346 4095 Quas
367 4009 504 4083 licteras
521 4010 671 4105 portarit
690 4009 929 4083 Bartholootns
947 4009 991 4082 de
1007 4009 1238 4082 Genitocastro
1258 4005 1321 4104 (o).

255 4131 353 4217 Quod
368 4155 448 4204 oum
466 4133 642 4228 predictus
651 4133 858 4227 justitiarius
873 4154 943 4206 non
960 4132 1064 4204 luerit
1079 4140 1274 4222 assecutus,
1293 4139 1457 4206 renovate
1474 4128 1619 4202 suntad

211 4251 249 4325 G.
276 4255 320 4328 da
346 4256 597 4330 Montelosonlo
622 4255 685 4354 (b),
715 4256 760 4331 de
791 4255 954 4330 mandato
985 4256 1073 4328 lacto
1104 4277 1165 4350 per
1195 4253 1367 4328 notarium
1391 4251 1615 4341 lliooardnm,

211 4373 266 4448 llll
280 4378 405 4472 madii,
418 4379 497 4453 XIV
513 4379 730 4473 indictionis,
752 4378 849 4476 apud
866 4378 1076 4452 Faventiam.

250 4549 289 4631 (a)
309 4553 391 4616 Haec
405 4555 581 4634 supplentur
593 4573 610 4618 e
623 4557 768 4634 margine.

250 4653 287 4736 (t)
307 4659 392 4721 Tune
403 4663 733 4741 smpomsmuuauus
744 4657 836 4722 vanu
850 4659 958 4739 smus,
973 4665 1008 4721 ut
1020 4661 1147 4722 vinoun.
