4524 6012
290 695 464 779 Inmor.18.]
738 689 933 752 HISTORIA
954 689 1244 752 oratonartca
1636 697 1693 760 691

292 834 418 909 exinde
429 829 621 928 postulasti,
634 826 839 901 mandamus
850 835 889 898 ut
903 825 939 898 iu
955 817 1105 898 deiemis
1120 826 1245 899 nostris
1259 835 1293 900 et
1304 827 1388 902 locis
1401 830 1601 904 solatiorum
1614 855 1696 906 uos·

293 970 418 1032 trorum
430 957 527 1029 uullo
541 953 645 1027 modo
657 953 810 1046 aliquem
820 951 940 1024 venari
956 950 1135 1046 psrmiotas
1145 977 1155 1040 3
1167 951 1213 1024 ita
1226 959 1343 1026 amau
1355 953 1450 1047 quod
1463 955 1603 1050 ingenia
1619 979 1697 1052 pro·

293 1083 407 1156 libeas
424 1075 596 1153 universis
615 1076 710 1170 quod
731 1097 810 1148 oum
832 1075 882 1147 eis
904 1074 1030 1170 aliquis
1050 1095 1121 1147 nou
1141 1085 1298 1148 venetur.
1318 1079 1523 1174 Recepimus
1545 1089 1697 1173 preterea

293 1205 430 1280 uomina
450 1198 719 1294 officialiumde
741 1209 894 1294 tempore
921 1219 992 1296 quo
1014 1199 1255 1290 justitiariatus
1281 1200 1433 1274 officinm
1454 1203 1638 1274 exercuisti
1662 1205 1698 1275 iu

294 1319 452 1426 Aprutio,
472 1347 541 1422 quc
558 1323 605 1396 ad
625 1321 825 1436 mandatnm
842 1332 999 1396 nostrum
1015 1331 1085 1394 tam
1101 1332 1137 1393 tu
1154 1345 1258 1416 qnam
1282 1333 1363 1394 tuus
1381 1323 1472 1398 lilius
1496 1325 1541 1398 ad
1566 1325 1697 1400 curiam
1836 1388 1841 1400 .

295 1463 438 1525 noscam
456 1449 565 1538 misit,
582 1455 616 1520 ct
630 1453 729 1520 tuum
742 1446 872 1521 exinde
888 1445 1043 1518 studium
1056 1446 1352 1520 commendamus.

336 1570 485 1644 Datum
475 1591 512 1639 rn
531 1567 675 1641 Ciuitate
692 1566 851 1658 Castalio,
866 1565 1004 1638 XXIV'
990 1565 1158 1656 januarii,
1175 1565 1253 1636 XIII
1269 1565 1483 1641 indictionis.

337 1697 419 1767 ltcm
434 1692 569 1788 scripsit
586 1690 740 1764 senatori
757 1690 803 1763 de
821 1689 943 1764 Auchis
965 1690 1148 1764 castellano
1164 1691 1319 1762 lllsssane
1333 1691 1430 1786 quod
1449 1693 1600 1786 assignet
1621 1716 1698 1789 pre·

298 1819 383 1892 dicto
397 1815 583 1910 justitiario
598 1823 783 1908 quaternos
802 1821 974 1902 actorum,
992 1782 1189 1903 feodorum,
1206 1813 1346 1886 collecte
1360 1816 1529 1907 generalis
1547 1824 1581 1890 et
1599 1817 1699 1888 cleri·

297 1963 427 2032 corum,
442 1939 584 2012 retentis
594 1957 713 2011 secum
732 1936 901 2010 similibus
914 1934 1129 2010 corumdem.

342 2554 564 2640 lIaudatum
595 2551 645 2632 ad
677 2493 887 2634 lordonum
914 2550 1172 2662 Filangerium
1197 2562 1240 2635 ut
1269 2579 1340 2662 pro
1362 2553 1486 2639 officio
1515 2557 1774 2685 capitanei

1755 2590 1782 2634 In
1790 2589 1886 2634 muna

295 2711 437 2770 moram
456 2683 704 2768 ulteriorem
693 2709 731 2764 rn
750 2683 924 2792 partibus
949 2683 1098 2768 Siciliae
1117 2695 1154 2768 et
1173 2685 1370 2770 Calabriae
1387 2713 1466 2772 non
1484 2689 1611 2794 saciat,
1634 2692 1701 2775 scd
1748 2699 1836 2752 ²¹³⁸⁰¹
1775 2645 1888 2742 Ἥ

295 2822 341 2904 ad
357 2819 510 2931 propria
526 2825 749 2902 rcucnatur.

372 3041 498 3131 (aqua.
510 3050 616 3129 arpa.
629 3043 748 3110 meda.
760 3047 802 3127 11,
817 3045 869 3110 lat.
886 3055 922 3110 or
937 3063 1039 3124 versor
1052 3049 1084 3110 tu
1095 3047 1166 3112 solt.
1181 3047 1317 3124 carun,
1332 3067 1363 3126 p.
1379 3049 1462 3129 aas.)

339 3273 477 3367 &aptit
495 3268 548 3368 [G.
570 3273 610 3344 dr
628 3267 801 3366 Curatio]
820 3271 860 3366 dc
885 3271 1043 3344 modulo
1057 3275 1146 3364 sacto
1155 3295 1220 3366 par
1232 3276 1429 3365 magistrum
1451 3275 1620 3348 Taddcum
1638 3303 1648 3346 :

339 3393 558 3486 Fredaricus,
577 3405 660 3484 ato,
676 3395 829 3468 tordauo
845 3395 1049 3488 Filangerio,
1067 3405 1134 3468 etc.
1157 3396 1249 3468 Licet
1266 3395 1400 3470 dudum
1419 3399 1700 3472 mandaverimus

294 3520 353 3592 tibi
370 3531 409 3592 ut
422 3521 459 3592 iu
479 3529 595 3616 partes
611 3520 765 3592 Calabria
781 3527 815 3591 et
830 3519 945 3590 Sicilie
967 3529 999 3591 te
1015 3520 1187 3592 conferres
1209 3530 1244 3593 st
1261 3520 1311 3590 ibi
1327 3542 1391 3614 pro
1406 3521 1530 3594 nostris
1550 3523 1700 3596 servitiis

293 3643 463 3738 capitonis
491 3642 644 3716 officium
664 3663 862 3734 exerceres,
885 3641 968 3736 quia
988 3651 1103 3715 mmcn
1127 3643 1349 3716 venientibus
1375 3644 1474 3716 nobis
1499 3645 1639 3720 feliciter
1664 3649 1700 3718 iu

294 3777 405 3862 partes
426 3769 549 3842 Tuscia
573 3775 609 3840 at
629 3767 791 3840 omuibus
814 3766 915 3840 nobis
934 3787 995 3860 pro
1021 3775 1104 3840 voto
1130 3767 1412 3859 succedentibus,
1441 3770 1606 3865 expedire
1631 3794 1700 3846 nou

294 3891 452 3966 ridemus
470 3890 517 3964 ad
535 3911 676 3985 presens
700 3901 740 3962 ut
755 3892 791 3962 in
808 3891 963 3984 partibus
987 3891 1073 3985 ipsis
1091 3891 1128 3961 iu
1151 3891 1272 3964 eodem
1296 3892 1411 3966 officio
1437 3895 1580 3966 ulterius
1599 3917 1701 3968 com·-

294 4013 445 4104 morcris,
463 4013 620 4086 fidelitati
642 4023 701 4086 tuo
725 4012 949 4108 precipiendo
976 4013 1183 4088 mandamus
1201 4023 1372 4110 quatcuus
1398 4037 1459 4110 pro
1485 4018 1560 4112 ipso
1587 4019 1700 4090 officio

295 4155 423 4222 moram
439 4137 488 4210 ibi
510 4137 705 4213 ulteriorem
719 4157 789 4210 nou
806 4137 927 4226 iacias,
947 4135 1010 4210 sed
1025 4136 1072 4209 ad
1087 4136 1226 4232 propria
1242 4137 1457 4232 revertaris]

343 4261 466 4332 Datum
485 4260 520 4330 in
542 4260 685 4334 Ciuitate
699 4260 860 4348 Castalio,
881 4261 991 4333 XXIV
1003 4261 1166 4355 ianuarii,
1184 4261 1261 4332 XIII
1276 4261 1486 4334 iudictionIs.

341 4381 515 4455 Renovato
536 4385 678 4456 luerunt
696 4383 918 4480 postmodum
945 4383 1028 4478 quia
1056 4384 1197 4456 uuutius
1217 4383 1356 4457 rediens
1379 4384 1596 4458 disrobbatus
1613 4384 1703 4458 dixit

297 4524 331 4575 se
346 4505 478 4579 licteras
494 4507 697 4581 ammisisse.
