4564 6038
331 723 431 784 mter.
450 715 512 793 lu]
780 705 979 769 HISTORIA
1004 704 1296 768 ntrtouartcs.

390 1171 610 1282 conradus,
632 1173 894 1258 Romanorum
919 1176 959 1258 in
985 1199 1114 1285 regem
1141 1174 1301 1278 electus,
1325 1143 1559 1283 praeposito,
1578 1173 1741 1280 decano,
1784 1198 1934 1352 nup&

335 1305 520 1413 capitulo,
546 1305 878 1412 ministerialibus,
902 1307 1042 1390 civitati
1064 1317 1101 1390 et
1121 1305 1343 1390 hominibus
1365 1303 1597 1388 Brixinensis
1620 1301 1745 1386 eecle-
1810 1307 1839 1351 '⁰

337 1435 414 1518 siae
431 1446 470 1519 et
491 1439 652 1521 ducatus
670 1439 822 1522 nuntiat
845 1464 886 1522 se
910 1438 1082 1549 Egeuoni
1103 1437 1317 1520 brixinensi
1341 1437 1458 1520 electo
1482 1435 1745 1520 investituram

336 1568 524 1676 regalium
541 1595 610 1678 per
628 1579 818 1678 sceptrum
837 1580 875 1654 et
890 1570 1028 1654 vexilla
1045 1568 1293 1676 concessisse,
1314 1569 1502 1652 mandans
1520 1577 1564 1650 ut
1579 1567 1614 1650 ei
1633 1591 1746 1675 super

335 1697 486 1807 juribus
504 1711 542 1784 et
558 1701 771 1785 rationibus
790 1693 870 1786 suis
888 1703 1123 1786 concorditer
1140 1701 1352 1784 intendant.

417 1912 539 1990 (Inedtt.
555 1929 593 1974 ex
606 1915 690 1992 copta
702 1915 874 1978 authentica
887 1932 976 1995 quarn
997 1915 1083 1976 nobis
1096 1916 1183 1976 sollte
1196 1931 1251 1976 sua
1271 1913 1445 1975 trberatttate
1463 1913 1693 1974 communicavit
1705 1910 1745 1973 ol.

456 2017 718 2098 vtrBoebmerus.)

386 2201 563 2276 conradus
581 2203 654 2278 divi
666 2206 809 2304 augusti
824 2205 1040 2302 imperatoris
1057 2202 1221 2277 Friderici
1239 2201 1349 2296 filius,
1371 2204 1434 2277 Dei
1455 2201 1564 2298 gratia
1582 2201 1751 2275 Romano-

341 2346 466 2398 norum
483 2327 518 2398 in
536 2327 818 2422 regemelectus,
842 2349 978 2425 semper
996 2337 1183 2423 augustus,
1203 2328 1305 2400 bores
1326 2326 1424 2420 regni
1445 2326 1655 2416 Jerusalem,
1673 2309 1752 2420 pre·

340 2449 469 2545 posito,
488 2449 622 2524 decano
638 2451 770 2546 totique
783 2453 947 2548 capitulo,
964 2451 1262 2540 ministerialibus,
1276 2450 1421 2541 civitati,
1437 2470 1571 2523 necnon
1582 2447 1753 2522 universis

340 2570 540 2645 bominibus
561 2573 775 2647 Brixinensis
800 2575 945 2648 ecclesie
969 2583 1005 2648 et
1026 2573 1196 2664 ducatus,
1227 2571 1389 2645 fidelibus
1417 2571 1573 2665 imperii,
1601 2570 1753 2663 graciam

341 2715 441 2767 suam
459 2703 494 2768 et
512 2717 615 2768 omne
636 2695 779 2769 bonum.
799 2699 983 2771 Deuotioni
1000 2707 1113 2770 vestre
1128 2695 1344 2791 presentibus
1363 2694 1554 2766 innotescat
1573 2691 1670 2787 quod
1692 2712 1755 2763 ve·

341 2817 493 2890 nientem
514 2818 561 2891 ad
576 2821 784 2914 presentiam
804 2830 953 2894 nostram
976 2821 1177 2912 Egenonem
1196 2817 1428 2891 venerabilem
1446 2817 1593 2889 electum
1612 2814 1756 2888 ecclesie

341 2948 454 3012 vestre
468 2939 600 3012 honora
615 2963 685 3036 quo
701 2942 818 3016 decuit
833 2943 1038 3038 recepimus,
1056 2940 1260 3014 benevolam
1278 2939 1311 3012 ai
1327 2959 1432 3034 super
1441 2937 1666 3034 petitionibus
1682 2936 1756 3010 suis

342 3061 554 3136 audientiam
572 3065 812 3140 concedentes.
828 3068 919 3138 Dum
941 3068 1057 3161 itaque
1076 3063 1285 3137 sufficienter
1303 3071 1472 3136 constaret
1495 3061 1594 3134 nobis
1613 3082 1673 3156 per
1698 3061 1755 3132 lit-

344 3193 432 3258 teras
450 3187 610 3282 capitnli,
627 3191 774 3282 qualiter
790 3199 873 3264 vota
888 3190 1132 3262 universorum
1149 3188 1185 3258 in
1202 3187 1316 3282 ipsum
1338 3193 1590 3276 convenerant,
1609 3192 1645 3256 et
1661 3182 1757 3278 quod

343 3307 473 3380 electus
486 3323 576 3383 esset
591 3311 638 3384 ad
654 3312 808 3406 predicte
820 3314 967 3388 ecclesie
983 3313 1136 3408 regimen
1154 3309 1274 3384 divina
1288 3309 1398 3401 gratia
1411 3309 1614 3404 inspirante,
1636 3314 1757 3402 utpote

344 3433 401 3503 oui
422 3453 469 3504 ex
485 3431 558 3504 vita
580 3435 781 3529 precedenti
798 3437 888 3510 ultro
910 3457 949 3510 se
970 3436 1106 3532 aperuit
1125 3436 1233 3528 janua
1250 3433 1446 3527 dignitatis,
1465 3434 1569 3524 juxta
1594 3429 1756 3504 mandata

343 3565 486 3650 paterna
508 3577 578 3650 que
602 3557 748 3651 proinde
771 3561 985 3657 recepimus,
1013 3559 1253 3632 investituram
1275 3557 1307 3629 ei
1333 3555 1502 3650 regalium
1529 3564 1599 3628 tam
1623 3553 1757 3650 episco-

343 3685 447 3771 patus
468 3699 575 3771 quam
592 3678 738 3754 ducatus
756 3684 831 3776 sui,
849 3693 987 3780 sceptro
1003 3692 1038 3756 et
1054 3682 1214 3771 vexillis,
1233 3679 1466 3754 concessimus
1485 3680 1589 3770 juxta
1609 3698 1754 3751 morem.

342 3797 387 3871 Et
404 3808 444 3871 nt
468 3799 596 3873 favoris
615 3812 649 3875 et
671 3805 781 3898 gratie
809 3816 925 3880 nostre
950 3806 1052 3881 donis
1074 3804 1301 3902 amplioribus
1328 3811 1517 3894 augeatur,
1546 3810 1614 3874 tam
1642 3801 1757 3896 ipsum

343 3922 534 4018 principem
548 3934 718 4019 nostrum,
741 3950 846 4023 quam
858 3930 1039 4002 ecclesiam
1054 3929 1308 4018 Brixinensem,
1322 3948 1401 4000 cum
1418 3924 1591 3998 universis
1603 3923 1705 3996 bonis
1723 3933 1759 3998 et

344 4047 623 4142 possessionibus
639 4051 732 4141 suis,
752 4074 823 4147 que
845 4075 939 4126 nnuc
956 4063 1049 4127 tenet
1068 4063 1130 4128 aut
1146 4055 1182 4126 in
1207 4053 1362 4124 futurum
1377 4048 1479 4144 justis
1499 4045 1613 4122 modis
1633 4047 1759 4143 poterit

346 4166 509 4263 adipisci,
530 4170 597 4242 sub
615 4182 730 4246 nostre
745 4185 779 4246 et
801 4175 936 4271 imperii
957 4175 1165 4250 detensionis
1183 4174 1373 4272 presidium
1390 4155 1660 4268 assumpsimus,
1680 4193 1758 4268 spe-

346 4290 477 4364 cialiter
497 4294 650 4368 volentes
672 4306 712 4369 ut
731 4299 797 4371 sub
815 4300 940 4373 umbra
958 4301 1013 4372 sni
1034 4299 1183 4373 nominis
1202 4320 1274 4395 pax
1292 4309 1327 4370 et
1346 4297 1445 4392 quies
1464 4296 1509 4370 sit
1525 4304 1596 4368 mm
1613 4296 1758 4370 ecclesie

346 4435 454 4508 quam
470 4417 636 4510 personis.
658 4420 878 4496 Remittentes
895 4425 1001 4517 igitur
1012 4422 1143 4497 dictum
1155 4423 1301 4496 electum
1314 4420 1361 4494 ad
1373 4420 1555 4494 ecclesiam
1567 4441 1679 4509 suam,
1697 4419 1759 4494 da·

346 4537 480 4610 votioni
498 4549 612 4615 vestre
635 4545 842 4619 mandamus
860 4547 1060 4622 auctoritate
1082 4545 1214 4620 domini
1230 4555 1265 4619 et
1282 4543 1390 4641 patris
1404 4543 1510 4617 nostri
1528 4544 1759 4618 Romanorum

347 4659 562 4756 imperatoris
578 4672 614 4738 et
632 4677 767 4762 nostra,
785 4671 1015 4766 precipientes
1028 4668 1169 4742 firmiter
1183 4677 1219 4741 et
1234 4675 1363 4741 attente
1378 4675 1551 4762 quatenm
1568 4665 1683 4762 ipsum
1698 4687 1759 4741 ex·

348 4783 512 4880 oipientes
522 4785 685 4883 hylariter
696 4799 730 4866 et
740 4791 891 4888 benigne
900 4813 1005 4888 super
1017 4791 1190 4868 universis
1198 4789 1336 4886 juribus
1346 4797 1381 4863 st
1394 4788 1586 4863 redonibus
1601 4787 1676 4864 suis
1687 4797 1760 4866 tan·
