4524 6012
1010 681 1220 746 FlllllElllCl
1245 686 1419 750 SECUNDl

1382 983 1678 999 tom-*n-

563 1243 796 1354 Friderious,
835 1247 1093 1330 Romanorum
1126 1247 1349 1358 imperator,
1379 1249 1610 1334 Pandullum
1641 1251 1688 1334 de
1721 1251 1919 1338 Fasanella

362 1381 377 1414 ¹¹
428 1382 450 1415 ⁰·
509 1401 703 1484 procerem
723 1377 833 1460 aulae
860 1404 952 1461 suae
968 1380 1208 1486 capitaneum
1231 1381 1446 1490 generalem
1469 1382 1508 1465 in
1528 1382 1664 1464 Tuscia
1683 1385 1813 1467 statuit
1830 1411 1918 1468 cum

508 1518 693 1618 potestate
707 1508 895 1619 justitiam
923 1511 1101 1594 omnibus
1131 1511 1332 1596 exhibendi
1355 1525 1434 1594 tam
1461 1513 1500 1596 in
1522 1511 1783 1598 criminalibus
1801 1543 1918 1628 quam

510 1643 550 1722 in
581 1641 754 1726 civilibus
787 1643 912 1726 causis
942 1653 1096 1726 etcum
1121 1644 1274 1754 juribus
1300 1647 1479 1732 omnibus
1508 1673 1607 1762 quae
1635 1650 1685 1732 ad
1716 1650 1919 1756 imperium

509 1773 716 1883 pertinent,
741 1775 932 1868 mandans
953 1776 1132 1860 omnibus
1159 1777 1199 1858 in
1225 1777 1361 1860 Tuscia
1379 1781 1592 1864 constitutis
1610 1789 1654 1862 ut
1670 1781 1704 1864 ei
1726 1781 1921 1870 intendere

508 1915 545 1988 et
560 1933 692 2016 parere
702 1917 854 1990 curent.

589 2135 677 2214 (Edit.
695 2151 743 2212 ap.
756 2136 878 2210 oraru,
892 2136 991 2199 Notis.
1000 2135 1127 2197 eruet.
1142 2134 1174 2196 ds‘
1187 2137 1280 2209 Tere„
1295 2139 1391 2216 suppl.
1400 2139 1442 2198 De
1454 2139 1555 2202 aare
1566 2140 1668 2219 imper.
1683 2139 1714 2199 dt
1725 2139 1863 2222 cherr'po
1875 2143 1916 2217 11,

628 2247 652 2300 t.
675 2241 737 2312 xl,
760 2259 791 2318 p.
817 2251 867 2318 tt,
893 2259 952 2302 non
974 2243 1111 2302 ludicatls
1128 2242 1258 2303 fontibus
1275 2243 1355 2303 unde
1371 2244 1582 2308 documentum
1595 2246 1812 2323 deprompserit.
1832 2248 1918 2308 Meu·

627 2348 682 2408 das
694 2363 765 2408 vero
778 2347 949 2408 manifestas
961 2348 1003 2408 uu
1016 2347 1221 2425 correximus.)

556 2543 776 2637 Fredericus,
795 2545 857 2617 Dei
878 2543 989 2640 gratia
1006 2546 1237 2618 Romanorum
1258 2546 1441 2642 imperator
1457 2569 1591 2650 semper
1610 2558 1796 2640 augustus,
1814 2550 1916 2622 Jeru-

507 2669 613 2743 salem
625 2676 660 2742 et
672 2667 788 2741 Sicilie
802 2689 877 2758 rex,
891 2667 1032 2764 prelatis
1047 2669 1284 2758 eeclesiarum,
1297 2670 1567 2766 marchionibus,
1579 2671 1774 2760 comitibus,
1788 2693 1915 2748 vavas·

508 2789 661 2884 soribus,
688 2792 893 2886 capitaneis,
917 2792 1161 2888 potestatibus,
1189 2793 1396 2885 rectoribus,
1425 2795 1593 2884 consiliis,
1618 2795 1858 2868 communibus
1882 2807 1917 2868 et

508 2915 680 2990 universis
703 2937 766 3010 per
789 2915 946 2988 Tusciam
968 2915 1160 2988 constitutis
1180 2925 1355 3011 presentes
1380 2917 1506 2995 litteras
1529 2917 1733 3012 inspecturis
1756 2916 1916 2990 fidelibus

507 3039 579 3112 suis
601 3039 749 3134 gratiam
773 3061 872 3111 suam
899 3047 935 3112 et
961 3039 1087 3112 bonam
1115 3039 1339 3111 voluntatem.
1370 3040 1408 3112 lu
1433 3040 1601 3136 imperiali
1627 3041 1712 3112 solio
1741 3040 1914 3112 constituti

506 3162 602 3258 quod
623 3185 670 3234 ex
690 3162 807 3234 celesti
826 3161 1080 3256 dispensatione
1095 3162 1309 3256 optinemus,
1331 3163 1416 3236 dum
1438 3163 1484 3238 ad
1504 3163 1676 3256 subjectas
1693 3162 1838 3258 imperio
1848 3164 1914 3235 llo-

505 3305 609 3357 mano
622 3285 820 3378 pmvincias
837 3284 933 3378 pacis
949 3292 983 3356 et
1000 3284 1131 3376 justitie
1146 3285 1380 3358 moderatione
1390 3287 1561 3380 regendas
1577 3297 1731 3362 nostrum
1748 3287 1914 3361 vertimus

506 3409 693 3481 clementer
706 3407 887 3495 intuitum,
904 3405 999 3500 quod
1012 3406 1261 3502 presentialiter
1284 3407 1414 3502 ubique
1427 3407 1551 3482 adesse
1565 3431 1636 3482 non
1654 3429 1840 3503 possumus
1854 3410 1914 3481 ubi

505 3531 608 3624 longe
629 3531 766 3624 lateque
793 3528 1020 3625 potentialiter
1044 3529 1297 3624 preminemus,
1324 3531 1556 3606 necessarium
1579 3530 1741 3604 videmus
1768 3540 1803 3602 et
1829 3532 1913 3602 utile

504 3653 629 3747 dignas
647 3653 789 3727 consilio
810 3661 925 3726 nostro
943 3662 978 3726 et
999 3653 1090 3726 eirca
1106 3653 1302 3748 principalis
1323 3654 1403 3729 aule
1425 3653 1600 3747 fastigium
1623 3653 1768 3726 nouitas
1784 3662 1820 3724 et
1841 3661 1910 3724 tam

503 3776 575 3851 fide
586 3788 693 3872 quam
706 3799 811 3872 opere
824 3776 925 3850 nobis
939 3785 1100 3870 expertas
1114 3776 1275 3850 ordinare
1289 3797 1452 3872 personas
1467 3777 1504 3864 ip
1521 3786 1653 3872 partem
1670 3775 1912 3848 sollicitudinis

503 3909 677 3992 evocatas,
691 3897 806 3998 [quas]
822 3901 917 3972 zelus
934 3900 1075 3972 bonoria
1089 3900 1195 3974 nostri
1208 3895 1423 3974 commoveat
1435 3899 1609 3974 decretam
1620 3899 1686 3971 sibi
1699 3899 1909 3994 provinciam

502 4022 695 4120 possidere,
717 4022 845 4116 quibus
859 4044 946 4118 paca
965 4032 1000 4096 et
1019 4022 1151 4115 justitia
1168 4023 1340 4120 presentia
1359 4032 1475 4096 nostra
1498 4031 1710 4118 compareat,
1729 4032 1768 4095 ut
1789 4021 1839 4095 sic
1863 4021 1910 4096 ad

378 4149 382 4156 '
502 4144 779 4221 conservandum
803 4146 1048 4218 universorum
1071 4148 1152 4239 jura
1175 4167 1266 4240 equa
1285 4145 1414 4248 pariter
1439 4145 1677 4229 moderatione
1701 4145 1910 4241 prospiciant

501 4271 597 4365 quod
615 4291 681 4343 nos
697 4268 743 4342 ad
760 4289 881 4342 omues
895 4269 1041 4341 cultores
1063 4269 1160 4364 pacis
1179 4279 1215 4342 et
1233 4259 1403 4346 amatores
1425 4268 1601 4366 tranquilli
1618 4276 1727 4342 status
1744 4265 1812 4366 [ac]
1829 4289 1909 4341 nos·

501 4405 631 4466 trorum
659 4391 814 4466 fidelium
842 4391 1100 4464 universitatem
1127 4401 1373 4490 representem.
1403 4394 1476 4466 Hac
1501 4391 1606 4487 igitpr
1634 4389 1909 4481 consideratione

500 4516 597 4590 ducti
618 4516 782 4611 precipua
794 4537 865 4610 qua
882 4515 965 4588 diva
985 4536 1083 4588 mens
1100 4523 1215 4591 nostm
1229 4515 1367 4588 utilitati
1382 4515 1612 4608 subiectarum
1636 4515 1736 4587 nobis
1752 4512 1906 4605 gentium

499 4641 555 4736 pie
569 4643 730 4734 justeque
750 4639 946 4735 pervigilat,
964 4637 1009 4711 de
1025 4637 1193 4734 probitate
1208 4661 1249 4713 ac
1266 4637 1427 4712 fidelitate
1446 4636 1639 4731 Pandulpbi
1662 4636 1707 4709 de
1723 4635 1907 4708 Faxanella

499 4764 652 4860 proceris
674 4763 753 4836 aule
774 4772 888 4836 nostre
916 4759 1028 4835 fidelis
1049 4761 1155 4838 nostri
1180 4760 1225 4833 ab
1251 4771 1394 4856 experto
1419 4759 1558 4853 confisi,
1584 4757 1840 4832 devotissimam
1865 4779 1907 4830 ac
