4564 6038
328 637 425 698 lnnrtr.
444 635 506 713 12]
772 631 970 692 HISTORIA
997 632 1295 699 utptonatlcn.
1664 635 1739 695 ll'l'l

328 780 363 844 et
384 769 492 865 patris
511 765 620 840 nostri
642 776 677 838 et
698 764 744 840 de
764 765 921 840 libertate
942 777 1060 840 nostra
1078 788 1197 841 omnes
1217 768 1378 841 denarios
1404 778 1536 842 nostros
1560 767 1605 841 de
1628 769 1739 842 officio

328 893 465 965 illurton
478 887 719 985 percipiendos
734 910 755 962 a
776 889 862 962 lcsto
877 889 993 962 Sancti
1013 890 1178 962 iohannis
1196 891 1347 986 Baptista
1367 893 1527 986 proxime
1546 913 1639 965 nnnc
1655 914 1739 966 ven·

304 1021 405 1088 ·luro
435 1013 604 1110 presentis
627 1009 835 1086 duodecime
863 1012 1059 1086 indictionis
1093 1035 1204 1107 nsque
1234 1013 1280 1087 ad
1305 1036 1415 1087 anuos
1442 1025 1591 1110 quatuor
1617 1017 1737 1091 subse·

327 1146 489 1234 quentes;
509 1135 732 1229 indulgentes
747 1137 798 1208 eis
813 1135 957 1230 insuper
974 1136 1069 1228 qnod
1092 1159 1203 1230 usque
1221 1137 1267 1209 ad
1282 1139 1475 1232 predictum
1490 1140 1674 1212 terminum
1693 1140 1738 1212 ah

327 1261 421 1336 omni
441 1259 596 1356 precaria
612 1258 759 1353 aliisque
776 1259 923 1353 pecunie
944 1259 1185 1332 exactionibus
1202 1261 1270 1331 siut
1288 1261 1386 1332 liberi
1408 1273 1442 1333 et
1461 1263 1650 1354 immunes,
1679 1264 1737 1336 tali

326 1382 524 1458 conditione
549 1380 685 1474 adjecta
711 1380 809 1474 quod
840 1380 945 1454 iidem
970 1382 1065 1454 cives
1096 1383 1271 1455 civitatem
1296 1384 1484 1478 predictam
1512 1387 1647 1458 munire
1672 1385 1735 1459 de·

326 1504 429 1578 bearn
443 1503 542 1578 firmo
556 1525 656 1576 muro
671 1505 732 1598 qui
747 1503 814 1575 sub
831 1511 920 1576 terra
936 1503 1063 1577 habeat
1082 1505 1118 1575 in
1138 1505 1354 1600 longitudine
1374 1529 1438 1579 sex
1457 1507 1565 1603 pedes
1583 1519 1619 1581 et
1633 1531 1738 1607 snper

326 1637 449 1702 terram
469 1627 515 1702 ad
532 1649 728 1702 mensuram
750 1626 879 1722 pedum
896 1627 1083 1702 duodecim
1098 1630 1327 1719 extendatur3
1349 1631 1383 1702 in
1403 1631 1628 1726 spissitudine
1644 1657 1738 1730 quo-

327 1773 395 1847 que
408 1761 558 1846 quatuor
571 1752 702 1847 pedum
727 1771 922 1823 mensnram
946 1749 1104 1832 habebit;
1129 1763 1163 1824 et
1182 1763 1219 1823 ut
1235 1753 1413 1848 predictus
1433 1777 1551 1826 murus
1573 1757 1609 1826 in
1626 1759 1737 1832 forma

325 1874 512 1972 prescripta
541 1882 672 1946 remota
695 1872 876 1946 occasione
902 1874 1057 1967 qualibet
1083 1874 1309 1970 compleatur,
1334 1877 1457 1969 prelati
1486 1878 1582 1950 cives
1611 1879 1737 1972 viginti

325 2007 473 2095 quatuor
486 1996 708 2090 fidejussores
724 2018 854 2092 ponere
869 2007 1120 2088 convenerunt,
1141 2020 1384 2094 quoscumque
1400 1999 1488 2072 iuter
1502 2023 1561 2074 eos
1578 2017 1737 2098 pensator

325 2131 440 2198 noctu
465 2122 501 2194 iu
524 2120 655 2195 eisdem
683 2120 840 2216 partibus
865 2119 1006 2193 duxerit
1030 2121 1222 2215 eligendos.
1256 2122 1311 2194 Ad
1341 2124 1441 2214 cujus
1464 2125 1512 2197 rei
1538 2127 1737 2201 memoriam

324 2268 463 2342 presens
481 2245 646 2340 scriptum
667 2242 740 2317 lieri
759 2253 794 2316 et
812 2243 923 2336 sigillo
939 2253 1055 2316 nostro
1070 2244 1239 2336 jussimus
1256 2246 1471 2318 communiri.

373 2373 497 2445 Datum
512 2368 608 2464 apud
619 2370 743 2458 Berua,
763 2387 856 2439 anuo
870 2367 1043 2441 dominice
1052 2368 1491 2444 incarnationismillesimo
1499 2372 1733 2467 ccxxxviii,

324 2513 446 2568 manso
460 2492 671 2584 novembris,
692 2491 754 2564 XII
768 2489 979 2564 indictionis.
1311 2473 1318 2498 ¹

708 3079 821 3140 ANNO
848 3078 949 3141 1239.
970 3114 1011 3126 —
1028 3079 1273 3141 tnntcrtottt
1301 3079 1352 3140 12.

896 3341 1167 3370 nu*-

379 3569 600 3680 Comedus,
627 3571 667 3653 in
695 3572 955 3654 Romanorum
986 3597 1116 3682 regem
1148 3570 1312 3677 electus,
1341 3569 1537 3652 sororibus
1565 3569 1613 3650 dc
1638 3564 1738 3651 valle
1784 3581 1919 3674 affl

324 3703 483 3788 Sanctae
500 3705 641 3789 illariac
660 3703 946 3814 (Frauenthal),
979 3704 1247 3816 cysterciensis
1269 3701 1435 3810 ordinis,
1455 3699 1736 3784 immunitatem
1809 3687 1857 3718 '²⁸¹
1876 3687 1897 3718 ⁰·

323 3839 506 3922 concedit.

403 4051 500 4131 (Edit.
515 4054 546 4112 lu
561 4051 691 4113 Menum.
707 4051 800 4130 Boin,
815 4059 839 4111 t.
854 4052 950 4130 XXX,
962 4067 1031 4130 pars
1044 4052 1071 4132 1,
1086 4068 1117 4128 p.
1135 4059 1206 4128 269,
1221 4059 1253 4112 ιιο
1268 4059 1339 4128 too,
1355 4066 1393 4111 ox
1412 4047 1550 4128 originali
1563 4046 1643 4109 unde
1654 4045 1736 4124 sigll-

441 4158 505 4218 lum
518 4158 651 4219 tlhoenrn
665 4158 814 4234 appendet
831 4175 869 4218 ex
883 4158 993 4235 duplici
1006 4163 1159 4236 segmento
1173 4158 1424 4230 membranaceo.)

371 4341 594 4438 Conr(adus)‚
612 4342 685 4414 divi
698 4343 837 4436 angusti
850 4345 1065 4439 imperatoris
1077 4341 1271 4440 Fr(iderici)
1284 4341 1388 4434 filius,
1403 4341 1466 4416 Dei
1483 4339 1594 4434 gratia
1605 4338 1737 4410 Roma-

322 4488 447 4539 norum
466 4469 501 4538 in
516 4488 633 4560 regem
655 4468 799 4556 electus,
820 4488 956 4562 semper
973 4476 1144 4562 augustus
1160 4477 1194 4540 et
1212 4469 1312 4541 heres
1325 4466 1424 4561 regni
1440 4462 1735 4559 ierosolymitae,

323 4590 494 4663 universis
525 4600 699 4685 presentes
729 4591 844 4662 literas
878 4591 1083 4685 inspecturis
1113 4587 1274 4664 fidelibus
1306 4591 1381 4663 suis
1403 4588 1548 4681 gratiam
1577 4607 1677 4658 suam
1704 4593 1739 4657 ot

322 4714 590 4787 omnebonum.
614 4715 680 4786 Pro
706 4723 803 4808 parte
825 4735 981 4786 sororum
1001 4713 1044 4786 de
1067 4715 1157 4788 valle
1181 4715 1326 4788 Sanctae
1343 4712 1472 4788 illariae
1494 4707 1739 4806 cysterciensis
