4384 6004
187 683 285 744 lenter.
304 681 365 766 14]
638 682 835 743 lllS'l'OlllA
860 679 1150 742 lllPLOAlATlCA.
1524 679 1601 741 1093

236 818 446 904 Fridericus,
466 827 550 904 ete,
571 819 730 910 potestati
749 828 783 890 et
797 817 1030 890 communitati
1046 815 1231 902 Florentia,
1250 825 1314 886 etc.
1337 813 1435 886 Circa
1447 813 1600 886 obsidio·

189 963 267 1012 nem
286 939 394 1013 infide
408 942 571 1012 Faventia
585 949 764 1034 postquam
779 939 983 1037 prefiximus
998 939 1151 1010 victricia
1167 947 1277 1010 castra
1296 947 1429 1026 nostra,
1449 937 1547 1009 nobie
1569 945 1603 1008 et

189 1064 265 1135 aliis
290 1062 452 1136 fidelibus
475 1063 600 1136 nostris
624 1084 694 1136 una
717 1065 896 1137 nobiscum
921 1063 1050 1136 ibidem
1076 1084 1206 1134 moram
1232 1083 1295 1156 pro
1316 1073 1467 1154 tempore
1489 1062 1601 1131 conti·
1682 1046 1686 1054 ’

191 1187 380 1259 nuautibns
403 1196 438 1258 et
451 1187 619 1275 laborem,
638 1188 721 1280 quia
740 1188 914 1260 civitatem
932 1188 1043 1281 ipsam
1058 1185 1256 1256 invenimus
1279 1185 1313 1254 in
1337 1183 1521 1255 rebellione
1539 1205 1602 1254 sua

191 1311 411 1406 pertinaciter
426 1309 631 1382 obstinatam
645 1319 767 1382 utnon
782 1320 1038 1383 converteretur
1055 1319 1089 1380 et
1103 1329 1321 1402 parceremus
1331 1307 1463 1397 eidem,
1482 1319 1602 1379 votum

192 1443 298 1504 tenax
324 1445 358 1504 et
386 1433 667 1504 incommutabile
694 1435 785 1507 velle
812 1432 1027 1505 firmavimus
1055 1431 1182 1504 nedum
1208 1431 1254 1503 ad
1282 1431 1541 1502 coarctationem
1570 1439 1604 1502 et

192 1545 386 1650 captionem
415 1557 524 1649 ipsine
552 1556 772 1648 personaliter
802 1557 967 1646 hiemari,
999 1555 1081 1646 sed,
1109 1556 1192 1648 quia
1214 1555 1276 1628 din
1304 1555 1427 1625 nostris
1450 1553 1605 1625 differtur

193 1679 364 1772 prosterni
381 1678 569 1767 mandatis,
589 1699 769 1772 personam
791 1688 994 1750 nostramet
1014 1677 1133 1750 fideles
1153 1687 1285 1750 nostros
1304 1697 1498 1770 exponere,
1522 1697 1605 1768 opes

194 1801 375 1874 effundere
405 1803 585 1895 copiosas,
613 1802 715 1894 longe
740 1804 877 1895 lateque
901 1803 946 1873 ab
976 1803 1146 1872 universis
1176 1801 1309 1894 imperii
1334 1800 1489 1893 partibus
1515 1802 1606 1870 vires

194 1945 341 2016 augere,
366 1923 587 1994 victoriosum
611 1925 802 1995 exereitum
828 1945 1017 2010 renovare,
1044 1935 1201 2017 tempora
1223 1923 1312 1994 sicut
1332 1921 1474 2014 expedit
1494 1923 1607 1994 conti-

194 2067 303 2118 nuare
316 2047 538 2140 temporibus,
558 2067 723 2140 aggressu
738 2057 773 2116 et
791 2046 974 2117 insultibus
991 2047 1208 2134 bellatorum,
1226 2045 1431 2117 adveniente
1445 2045 1606 2138 temporis

194 2169 354 2261 proxima
366 2171 437 2260 Jam
463 2177 642 2262 expectata
665 2169 851 2263 temperie,
879 2191 959 2240 cum
984 2168 1135 2262 predicta
1155 2169 1276 2239 civitas
1297 2179 1365 2239 tam
1394 2168 1429 2238 in
1452 2169 1607 2261 personis

195 2316 300 2388 quum
313 2295 348 2364 in
367 2293 570 2365 necessariis
587 2293 749 2384 langueat
764 2303 799 2364 et
810 2291 947 2365 deficiat
962 2301 1043 2380 tota,
1059 2293 1110 2363 sie
1121 2291 1370 2386 triumphaliter
1387 2301 1604 2386 expugnare,

196 2418 307 2491 donec
326 2420 400 2490 luat
423 2428 458 2489 et
480 2417 596 2510 lugeat
620 2419 672 2488 sni
698 2411 807 2490 status
826 2418 999 2490 interitum
1018 2427 1052 2488 et
1071 2414 1260 2488 infidelium
1286 2416 1487 2486 incolarum.
1509 2415 1608 2486 Absit

196 2544 288 2615 enim
311 2553 349 2613 ut
372 2541 561 2635 glorientur
579 2540 727 2630 insidiis,
752 2541 834 2634 quia
851 2541 1016 2612 victorem
1036 2539 1157 2611 mundi
1176 2540 1406 2610 Romanorum
1424 2538 1606 2632 imperium

197 2667 290 2737 nulla
308 2665 494 2736 necessitas
509 2686 529 2735 a
545 2685 687 2736 suorum
705 2663 886 2736 rebellium
905 2663 1086 2735 obsidione
1105 2671 1279 2733 removeat
1291 2661 1357 2732 nisi
1372 2659 1482 2754 captis
1501 2661 1607 2732 hosti·

196 2787 262 2858 bus
279 2797 314 2857 et
327 2786 485 2859 devictis.
500 2787 599 2858 Absit
612 2785 657 2857 ab
671 2787 834 2881 opinione
849 2785 1003 2858 fidelium
1019 2795 1057 2856 nt
1069 2785 1175 2856 velint
1187 2785 1281 2856 domi
1295 2785 1446 2877 quietem
1464 2785 1605 2874 durare,

196 2911 306 2982 vitare
321 2910 473 2993 labores,
490 2909 556 2980 sub
573 2930 658 2980 cena
676 2908 844 2998 dormire,
861 2910 960 2982 thoro
975 2931 1014 2980 se
1031 2920 1182 3012 sternepe
1201 2907 1366 2995 delicato,
1385 2908 1444 2978 ubi
1464 2928 1609 3001 persona

197 3042 315 3107 nostra
337 3055 407 3127 que
431 3032 687 3128 dispensatione
710 3031 831 3104 divina
852 3042 966 3126 preest
991 3032 1136 3125 imperio
1161 3042 1195 3103 et
1220 3031 1352 3103 deliciis
1378 3032 1538 3125 palatinis
1558 3041 1610 3103 est

198 3155 358 3246 monam,
372 3156 439 3226 sub
455 3157 535 3248 gelu
552 3163 586 3226 et
602 3154 712 3246 glacie
729 3154 765 3224 in
784 3155 890 3226 lorica
904 3153 1064 3227 desudat.
1078 3155 1177 3226 Absit
1193 3155 1299 3247 igitur
1315 3165 1354 3225 nt
1367 3153 1487 3226 lideles
1501 3155 1610 3227 nostri

199 3299 286 3371 quos
303 3287 419 3372 optata
442 3293 557 3349 manet
573 3299 619 3348 ex
638 3278 784 3350 victoria
801 3287 917 3350 nostra
936 3279 1185 3372 tranquillitas,
1205 3278 1332 3372 quibus
1352 3299 1398 3350 ex
1417 3289 1610 3350 nostrorum
1662 3359 1664 3362 ,

199 3401 456 3494 participatione
483 3422 705 3473 successuum
728 3401 991 3494 congaudemus
1018 3412 1052 3474 et
1078 3403 1179 3474 nobis
1209 3403 1428 3474 consentiunt
1455 3405 1489 3472 in
1516 3403 1610 3474 omni

198 3545 303 3596 unere
317 3533 353 3595 et
368 3523 510 3612 bonore,
525 3523 733 3596 contendant
750 3546 905 3618 unquam
921 3534 1092 3620 oportuno
1106 3535 1258 3620 tempore
1270 3536 1440 3622 oportuna
1454 3525 1611 3598 subsidia

199 3668 397 3742 prorogare.
426 3646 642 3742 Quapropter
660 3648 817 3721 volentes
838 3649 874 3719 in
900 3649 1051 3743 presenti
1070 3649 1271 3721 necessitate
1294 3671 1364 3743 que
1386 3649 1432 3722 ad
1456 3657 1611 3744 optatum

200 3769 305 3842 finem
332 3769 482 3842 deducta
505 3791 723 3843 communem
747 3772 901 3843 omnium
920 3772 1071 3865 quietem
1090 3772 1230 3866 respicit
1253 3781 1287 3844 et
1306 3773 1516 3868 proiectum,
1536 3793 1611 3844 nos·

199 3903 329 3965 trorum
359 3892 514 3966 lidelium
538 3893 691 3985 experiri
719 3894 963 3984 constantiam,
989 3894 1131 3966 allectus
1159 3895 1363 3988 exquirere,
1392 3894 1611 3968 devotionem

199 4035 387 4109 agnoscere
403 4025 438 4086 et
454 4015 607 4108 ipsorum
624 4017 830 4109 presentiam
847 4016 1021 4104 obtinere,
1043 4017 1138 4110 quod
1156 4015 1192 4087 in
1209 4037 1353 4112 persona
1371 4017 1507 4112 propria
1522 4019 1612 4089 lace·

199 4161 316 4212 remus
335 4137 400 4234 (a),
418 4138 485 4209 nisi
502 4138 598 4232 quod
617 4140 737 4211 castris
754 4161 867 4233 usque
884 4140 931 4213 ad
944 4141 1136 4235 captionem
1153 4142 1302 4215 civitatis
1318 4141 1472 4234 ejusdem
1490 4140 1608 4236 dispo·

201 4265 333 4334 suimus
353 4282 423 4334 non
446 4262 584 4348 abesse,
611 4262 774 4336 dilectum
799 4263 909 4336 lilium
934 4275 1088 4337 nostrum
1117 4267 1159 4336 ll.
1190 4287 1306 4360 regem
1325 4265 1500 4355 Sardinie,
1526 4275 1608 4356 etc,

201 4405 383 4478 personam
400 4385 507 4480 patris
519 4393 554 4456 et
568 4385 752 4477 imaginem
767 4397 1031 4480 presentantem,
1046 4387 1093 4460 ad
1104 4389 1354 4462 submotionem
1373 4399 1407 4462 et
1423 4389 1611 4464 adventum

203 4519 395 4581 nostrorum
412 4506 568 4579 fidelium
582 4509 736 4602 ipsamm
750 4511 900 4604 partium
919 4511 1112 4606 specialiter
1133 4511 1364 4602 destinamus,
1389 4512 1609 4603 mandantes,

245 4767 287 4848 (a)
308 4769 368 4846 Ap.
383 4769 517 4831 Murteae
522 4769 665 4848 sacientur
671 4790 688 4848 ;
705 4773 738 4832 ln
751 4772 844 4834 codic.
855 4773 990 4854 sedum,
999 4771 1177 4852 sectaremur.

281 4873 317 4934 V.
339 4889 428 4937 asna.
