4384 6004
216 687 317 748 lunam.
337 680 398 764 lt]
664 683 863 745 lllsl'oula
890 685 1181 747 cretomanus.
1555 685 1626 749 1091

267 817 488 908 Frederieus,
514 825 581 890 etc.
611 815 736 890 Crebro
764 828 960 892 nostrorum
988 819 1165 911 fidelium,
1191 839 1339 914 quorum
1369 817 1631 894 indemnitatem

218 943 315 1019 omui
331 941 465 1014 cautela
481 941 636 1036 possibili
653 951 769 1016 nostra
789 953 952 1038 procurat
968 944 1183 1035 humanitas,
1204 947 1511 1039 quereleuostrum
1528 945 1633 1018 audi-

216 1066 346 1140 torium
363 1065 667 1162 circumstrepunt,
694 1067 843 1160 qualiter
862 1068 1087 1142 lanuensium
1110 1071 1329 1164 aliorumque
1352 1069 1531 1140 rebellium
1547 1090 1633 1141 uos-

217 1201 352 1264 trcrum
364 1189 553 1285 piratarum
566 1211 649 1285 sepe
661 1190 824 1264 leduntnr
834 1191 1044 1282 incursibus,
1055 1202 1089 1266 et
1100 1193 1145 1266 ab
1156 1193 1207 1266 eis
1220 1193 1256 1264 in
1270 1192 1374 1264 rebus
1387 1190 1514 1264 damna
1527 1213 1633 1287 quam

218 1314 370 1410 plurima
387 1321 422 1384 et
439 1312 475 1383 in
494 1312 651 1407 personis
669 1315 788 1388 subire
806 1326 976 1410 coguntur
994 1317 1155 1408 injurias,
1182 1315 1311 1409 quibus
1328 1314 1509 1406 deberent,
1529 1317 1634 1389 rebus

218 1436 393 1511 ordinarie
408 1435 696 1533 procedentibus,
713 1438 864 1532 irrogare
878 1440 1042 1530 J'acturas.
1062 1437 1198 1511 Fideles
1214 1439 1319 1530 igitur
1335 1447 1471 1510 nostros
1486 1439 1536 1510 sic
1551 1439 1633 1512 red·

217 1559 301 1634 dere
319 1561 473 1634 volentes
490 1559 672 1634 indemnes
691 1571 730 1634 ut
755 1560 933 1635 offendant
955 1563 1059 1635 etiam
1081 1572 1115 1634 et
1137 1560 1359 1634 damnificent
1379 1559 1553 1652 infideles,
1573 1564 1633 1636 be-

218 1683 326 1778 nigna
342 1682 493 1778 quadam
510 1684 746 1778 compassione
763 1685 982 1780 providimus
1003 1694 1042 1756 ut
1066 1687 1102 1755 in
1125 1685 1224 1758 terris
1239 1684 1428 1776 maritime,
1448 1707 1518 1780 qua
1537 1695 1633 1781 parte

219 1807 336 1901 potius
352 1806 551 1880 corumdem
566 1807 744 1880 rebellium
762 1809 897 1882 laborat
911 1807 1103 1897 infirmitas,
1121 1829 1182 1903 per
1195 1808 1353 1880 homiues
1369 1807 1533 1882 videlicet
1543 1829 1635 1903 quo-

217 1953 297 2002 rum
313 1931 425 2023 magis
439 1931 554 2025 agitur
567 1931 745 2020 interesse,
765 1932 795 2003 si
814 1933 900 2005 leret
915 1932 982 2005 hoe
998 1932 1180 2028 possibile,
1199 1933 1255 2004 vel
1269 1953 1331 2027 per
1353 1953 1413 2004 eos
1431 1933 1633 2026 inquorum

217 2055 372 2127 favorem
385 2053 452 2126 boc
467 2062 537 2126 tam
556 2054 640 2126 utile
657 2053 856 2128 redundare
873 2063 985 2150 potest
1003 2054 1206 2148 negocium,
1222 2053 1395 2146 adjunctis
1410 2055 1568 2148 auxiliis,
1588 2057 1634 2130 ad

217 2200 287 2275 que
299 2179 396 2272 ipsos
407 2177 525 2250 verbis
543 2177 694 2272 pertrahi
711 2180 873 2251 volumus
889 2177 1089 2268 inductivis,
1105 2188 1139 2250 et
1155 2179 1184 2250 si
1203 2176 1356 2250 suasioni
1375 2179 1461 2252 forte
1477 2201 1546 2251 nou
1561 2203 1634 2252 cre·

217 2302 359 2389 derant,
378 2310 480 2397 prout
497 2301 665 2395 expedire
682 2301 876 2393 videbitur,
897 2301 944 2374 ad
960 2323 1002 2374 ea
1026 2301 1240 2396 precipimus
1264 2302 1534 2396 compellendos,
1561 2304 1634 2378 sine

217 2423 345 2498 uostris
360 2423 523 2518 expensis
539 2425 664 2496 armari
685 2425 814 2497 vasella
829 2425 1057 2520 competentia
1074 2424 1218 2496 faciatis.
1239 2425 1333 2513 Qus,
1351 2433 1391 2495 ut
1409 2425 1549 2498 servitia
1568 2427 1634 2522 ipsi

217 2545 435 2620 commodius
447 2547 576 2642 exequi
597 2547 758 2640 valeant,
774 2548 825 2621 eie
843 2546 888 2621 ds
905 2548 1045 2621 vasellis
1065 2545 1190 2620 nostris
1205 2547 1368 2621 volumus
1390 2549 1568 2640 exhiberi,
1587 2551 1633 2623 ad

216 2670 451 2767 predictorum
468 2669 649 2743 rebellium
669 2671 859 2744 temerariis
879 2669 1022 2744 ausibus
1047 2669 1277 2743 resistendum
1296 2697 1305 2741 :
1325 2665 1368 2742 ut¹
1389 2671 1473 2745 dum
1492 2675 1633 2746 marinis

217 2805 381 2869 vacantes
399 2795 606 2868 excursibus
624 2793 744 2868 fideles
771 2804 909 2868 nostros
932 2793 1109 2868 offendere
1135 2802 1312 2887 satagunt,
1341 2795 1436 2868 uude
1458 2795 1544 2869 iorte
1565 2798 1632 2870 sibi

217 2918 462 3013 compendium
476 2927 633 3012 captasse
649 2917 872 3006 crediderint,
894 2919 977 2991 inde
995 2918 1061 2990 sibi
1079 2917 1227 2990 sentiant
1248 2917 1415 2990 damnum
1434 2920 1628 2995 imminere.
1700 2937 1702 2941 ·

216 3041 337 3116 Vestra
350 3042 455 3136 igitur
475 3041 630 3116 fidelitati
650 3041 872 3137 precipiendo
889 3041 1095 3114 mandamus
1111 3050 1283 3134 quatenus
1297 3041 1453 3136 diligenti
1470 3043 1630 3116 conside·

216 3166 351 3239 ratione
373 3166 570 3262 prehabita,
600 3165 635 3237 in
664 3165 762 3238 terris
789 3175 905 3238 vestre
927 3165 1176 3259 jurisdictionis
1199 3165 1324 3238 vicinis
1350 3167 1541 3258 maritime,
1570 3189 1631 3262 per

218 3299 426 3363 mercatores
440 3290 600 3362 videlicet
617 3310 765 3384 quorum
780 3291 891 3384 magis
913 3289 1069 3362 videritis
1083 3290 1263 3380 interesse,
1281 3311 1323 3362 ac
1336 3286 1422 3362 alios
1438 3290 1567 3385 quibus
1585 3313 1632 3363 ex

216 3411 282 3485 boc
301 3413 518 3509 importabile
534 3411 672 3508 pondus
692 3413 888 3507 ingrueret,
907 3412 996 3486 duas
1014 3421 1074 3485 aut
1091 3421 1159 3484 tres
1178 3415 1296 3506 galeas
1317 3426 1352 3484 et
1373 3421 1423 3485 tot
1444 3413 1628 3505 barkettas,

216 3533 334 3632 (prout
351 3536 468 3609 habito
487 3557 567 3608 cum
590 3535 753 3608 fidelibus
768 3536 897 3608 uostris
915 3536 1072 3627 diligenti
1092 3536 1235 3609 consilio
1258 3537 1413 3610 videritis
1428 3537 1628 3634 expedire),

215 3683 303 3754 quas
320 3661 424 3733 etiam
442 3660 488 3734 de
504 3660 644 3732 vasellis
667 3661 793 3733 nostris
808 3660 969 3732 decenter
989 3660 1167 3732 recalcatis
1185 3669 1220 3732 et
1238 3661 1457 3734 communitis
1477 3663 1527 3734 eis
1544 3663 1631 3735 essi-

216 3803 325 3874 guare
352 3803 416 3856 vos
437 3784 617 3871 volumus,
636 3785 711 3855 sine
736 3784 859 3855 uostris
886 3783 1050 3878 expensis
1074 3783 1208 3856 faciatis
1234 3784 1323 3856 benc
1344 3794 1379 3857 et
1397 3782 1559 3858 decenter
1576 3808 1631 3858 ar·

214 3907 301 3979 mari
318 3905 384 4000 (l).
405 3905 462 3980 Ad
476 3905 573 4002 quod
596 3907 691 4000 ipsos
713 3906 831 3978 verbis
855 3905 1126 4001 competentibus
1151 3905 1320 3979 inducere
1343 3907 1531 3994 studeatis;
1551 3917 1585 3980 et
1602 3910 1632 3980 si

215 4029 303 4102 ferte
323 4029 517 4104 inductioni
538 4030 751 4121 resisterent,
780 4029 978 4102 cohertione
1005 4029 1124 4102 debita
1150 4030 1374 4124 compulsuri.
1400 4029 1515 4103 Potius
1539 4031 1632 4103 enim

216 4174 275 4226 eos
292 4153 340 4227 ad
365 4154 404 4227 id
422 4174 468 4226 ex
489 4175 559 4248 quo
584 4175 704 4227 eorum
729 4151 937 4226 indemnitas
961 4153 1134 4248 sequitur,
1155 4151 1316 4224 volumus
1333 4148 1516 4248 compelli,
1542 4151 1571 4222 si
1595 4151 1631 4224 id

249 4499 283 4572 (l)
304 4501 428 4558 «Mense
441 4501 567 4559 lebruarii
583 4501 748 4576 imperatore
763 4502 924 4570 mandante,
945 4519 995 4576 per
1013 4507 1096 4560 totam
1115 4503 1190 4576 regni
1210 4503 1371 4559 maritimam
1389 4504 1465 4576 juxta
1490 4517 1632 4558 numerum

215 4594 308 4668 pleae
320 4604 472 4655 armantur.
485 4597 578 4656 Mense
590 4599 679 4655 martii
692 4600 791 4656 milltes
802 4609 829 4656 et
840 4600 947 4672 pedites
960 4600 995 4657 ad
1008 4600 1148 4658 defensam
1160 4607 1187 4656 et
1198 4600 1350 4657 custodiam
1366 4600 1518 4657 maritimae
1531 4598 1632 4671 ubique

217 4707 264 4764 per
281 4707 395 4767 regnum
415 4693 455 4751 ire
469 4693 609 4768 jubentur.
623 4696 726 4753 Eodem
745 4712 837 4754 meme
853 4695 946 4769 galeae
969 4697 1126 4770 praedictas
1147 4713 1241 4756 versus
1260 4697 1335 4754 Pisas
1348 4696 1460 4754 vadunt.
1482 4697 1581 4752 ellico.
1601 4695 1632 4751 de

215 4787 246 4846 S.
262 4791 353 4849 Germ,
367 4790 506 4865 Obsonia,
519 4793 553 4851 ad
566 4807 632 4850 aun.
647 4795 726 4850 latr.
