4564 6038
601 602 679 664 tres
1126 597 1307 660 CONRADI
1331 597 1483 672 possut
1813 602 1898 682 [rius.
1916 605 2004 665 1240.

598 755 677 808 mus
697 733 802 825 igitur
829 739 865 806 et
887 729 1054 826 presentis
1080 730 1197 826 scripti
1223 732 1426 806 auctoritate
1447 751 1510 828 per
1533 741 1711 827 optentum
1737 735 1848 828 gratis
1872 735 2006 810 domini

598 865 634 930 et
650 855 813 950 genitoris
828 853 933 928 nostri
955 862 991 926 et
1011 861 1127 926 nostre
1142 852 1351 928 mandamus
1365 855 1592 952 precipientes
1607 866 1735 930 attente
1752 868 1792 930 ut
1810 859 1905 932 nulla
1921 879 2006 954 per-

599 1000 685 1053 sona
704 977 845 1051 humilis
858 977 915 1050 vel
930 975 1000 1050 alta
1015 974 1105 1048 hunc
1120 985 1235 1049 nostre
1252 977 1471 1072 protectionis
1492 987 1527 1050 et
1543 979 1671 1050 favoris
1684 989 1813 1052 certam
1828 989 2007 1075 presumat

599 1101 785 1196 intringere
798 1101 854 1174 vel
871 1100 990 1173 venire
1004 1119 1092 1172 ausu
1107 1099 1288 1173 temerario
1306 1110 1424 1173 contra
1438 1099 1545 1173 illam.
1562 1099 1666 1186 Quod
1685 1103 1746 1196 qui
1763 1105 2008 1200 presumpserit

599 1223 869 1320 indignationem
895 1229 1045 1296 nostram
1070 1232 1104 1295 et
1126 1222 1263 1320 imperii
1288 1243 1327 1296 so
1345 1223 1482 1296 noverit
1502 1245 1582 1296 cum
1607 1223 1659 1297 ira
1678 1225 1739 1298 Dei
1763 1226 2006 1322 omnipotentis

599 1349 752 1443 graviter
764 1346 960 1421 incurrisse.
976 1345 1032 1418 Ad
1047 1345 1147 1438 cujus
1157 1347 1206 1419 rei
1223 1345 1330 1419 robur
1344 1368 1485 1442 presens
1499 1347 1667 1443 scriptum
1684 1349 1787 1443 sigilii
1805 1351 1915 1422 nostri
1928 1371 2006 1422 mu·

600 1471 733 1545 nimine
750 1471 894 1544 fecimus
911 1469 1075 1543 roborari.

648 1594 772 1668 Actum
786 1615 878 1667 anno
896 1593 1068 1668 dominice
1080 1593 1326 1666 incarnationis
1339 1593 1387 1666 Μ.
1409 1591 1473 1665 CC.
1486 1592 1564 1682 XL,
1578 1614 1696 1667 mense
1708 1595 1804 1687 julii,
1821 1595 1926 1668 tercie
1940 1595 2002 1668 de·

599 1718 689 1791 cime
702 1716 911 1790 indictionis.

649 1841 773 1912 Datum
782 1838 879 1934 apud
886 1839 1032 1930 Ulmum,
1042 1858 1146 1932 anno,
1157 1859 1288 1926 mense,
1298 1836 1705 1934 indictioneprescriptis,
1717 1839 1871 1914 feliciter.
1880 1841 2000 1914 Amen.

487 2429 501 2462 u
655 2395 873 2502 conradus,
890 2394 1152 2479 Romanorum
1174 2398 1214 2477 in
1233 2420 1362 2504 regem
1388 2395 1547 2503 electus,
1566 2397 1795 2482 decisionem
1815 2399 1892 2482 litis
1910 2400 2004 2482 inter

494 2537 515 2570 ⁰·
559 2500 567 2526 ⁹
600 2528 776 2612 ecclesias
793 2528 842 2611 de
867 2525 1103 2612 Raitenbuch
1124 2537 1163 2611 et
1188 2528 1236 2611 de
1263 2527 1493 2638 staingaden
1518 2553 1632 2638 super
1657 2529 1769 2614 bonis
1790 2556 1890 2642 quse
1913 2531 2001 2616 vnl-

600 2661 741 2771 gariter
762 2659 902 2744 Schilte
920 2659 1173 2768 appellantur,
1195 2685 1264 2768 per
1281 2659 1500 2744 Conrsdum
1517 2661 1738 2769 pincernam
1760 2662 1808 2745 de
1828 2661 2002 2747 Winter-

601 2803 736 2878 stetten
754 2792 914 2900 fectum,
934 2791 1094 2876 ratificat
1111 2802 1149 2876 et
1164 2791 1377 2875 confirmat.

682 3007 777 3086 (Edit.
795 3023 843 3086 up.
858 3006 988 3069 Monam.
1002 3005 1094 3086 Boiu,
1108 3012 1133 3068 t.
1148 3005 1233 3086 vm,
1247 3023 1279 3084 p.
1296 3015 1345 3080 tt,
1361 3009 1493 3068 nnmmts
1505 3007 1561 3071 XV
1573 3013 1604 3069 et
1618 3005 1713 3084 XVI.)

650 3194 690 3266 In
703 3193 842 3268 nornine
854 3202 971 3266 sancte
982 3204 1017 3267 et
1030 3191 1213 3266 individue
1224 3192 1412 3266 Trinitatis.
1422 3191 1599 3266 Gonradue
1615 3190 1688 3266 divi
1701 3194 1840 3286 augusti
1857 3194 2003 3289 impera-

601 3316 685 3390 torie
707 3315 869 3390 Friderici
889 3315 998 3406 iilius,
1016 3317 1079 3388 Dei
1106 3315 1217 3410 gratia
1233 3315 1466 3389 Romanorum
1493 3317 1530 3388 in
1551 3337 1667 3411 regern
1696 3317 1826 3390 electus
1849 3327 1885 3392 et
1910 3317 2004 3392 heret

601 3439 701 3534 regni
718 3438 905 3512 Ierusalem
918 3437 1081 3512 omnibns
1099 3438 1135 3510 in
1154 3448 1373 3535 perpetuum.
1395 3439 1545 3533 Dignum
1568 3459 1748 3513 censemus
1765 3450 1799 3514 st
1819 3461 2004 3514 consonum

601 3562 727 3638 rationi
749 3570 789 3634 nt
803 3583 846 3636 ea
867 3582 937 3657 que
954 3561 1093 3635 nomine
1107 3571 1224 3635 nostro
1238 3559 1327 3635 fiunt
1345 3571 1461 3636 nostra
1480 3559 1622 3636 firmiter
1638 3573 1868 3660 prosequatur
1883 3575 2003 3639 aucto-

601 3687 698 3780 ritas,
715 3707 756 3760 ac
773 3685 964 3762 decisiones
975 3685 1087 3760 litium
1100 3707 1123 3760 a
1138 3686 1239 3760 nobis
1254 3687 1433 3760 munimen
1447 3687 1515 3760 tale
1528 3687 1718 3783 suscipiant
1728 3687 1824 3782 quod
1837 3690 2005 3785 malignus

601 3812 769 3907 interpres
783 3811 906 3884 timore
928 3831 1018 3906 pene
1032 3831 1204 3884 evacuare
1225 3823 1375 3904 nequeat
1393 3809 1450 3883 vel
1465 3809 1569 3883 etiam
1585 3810 1796 3907 temporibus
1811 3811 2002 3906 longitudo.

601 3933 691 4007 Hinc
708 3932 882 4029 siquidem
901 3943 1019 4007 tenore
1036 3933 1246 4029 presentium
1263 3932 1310 4006 ad
1328 3933 1570 4008 modernorum
1587 3943 1623 4006 et
1641 3933 1833 4008 iutmorum
1851 3936 2005 4009 notitiam

601 4057 785 4154 pervenire
807 4057 967 4153 cupimus
990 4067 1025 4131 et
1042 4055 1201 4153 protendi
1222 4065 1393 4152 quatenus
1418 4057 1625 4131 constitutus
1645 4057 1682 4130 in
1699 4059 1874 4153 presentia
1895 4071 2006 4132 nostra

601 4180 779 4256 Conradus
806 4181 971 4277 pincerne
996 4180 1042 4255 dc
1057 4179 1256 4256 Winterstet
1276 4179 1451 4254 familiaris
1471 4191 1508 4256 et
1529 4177 1641 4255 fidelis
1664 4190 1779 4254 noster
1800 4181 2006 4277 supplicarit

603 4315 719 4379 nostro
735 4304 878 4378 culmini
896 4313 935 4376 ut
945 4304 1028 4399 quia
1041 4305 1079 4377 in
1093 4303 1207 4399 ipsum
1221 4312 1388 4398 tanquam
1403 4303 1440 4376 in
1452 4303 1618 4378 arbitrum
1632 4304 1698 4376 fuit
1713 4325 1736 4377 a
1753 4305 1910 4400 partibus
1919 4327 2006 4378 corn·

601 4429 826 4525 promissum,
844 4426 1055 4502 decisionem
1067 4426 1136 4500 liu's
1151 4448 1213 4524 per
1225 4427 1339 4522 ipsum
1355 4426 1495 4502 nomine
1513 4435 1629 4500 nostro
1642 4427 1768 4500 tactam
1786 4427 1876 4500 inter
1891 4430 2006 4502 eccle·

601 4552 672 4626 sies
686 4549 732 4626 de
752 4548 979 4625 Raittcnbuch
1001 4559 1037 4625 ct
1053 4549 1099 4624 dc
1114 4549 1324 4646 staingaden
1339 4572 1443 4647 super
1465 4551 1566 4624 bonis
1589 4571 1660 4644 que
1679 4549 1806 4624 Schitto
1821 4551 2006 4646 vulgariter

602 4675 837 4771 appellantur,
864 4687 933 4748 tarn
957 4675 1207 4772 prepositorum
1225 4674 1429 4770 Wittingcvi
1454 4684 1490 4748 at
1514 4673 1704 4750 Perchtotdi
1726 4695 1832 4770 quum
1856 4675 2006 4771 ipsorum
