4524 6012
536 653 598 716 694
1037 658 1252 720 salsitate!
1276 658 1450 720 sacttltnl
1513 699 1517 716 .
1761 658 1839 744 [llas.
1858 660 1943 722 lato.

585 788 764 862 lloodoote
799 791 929 862 domino
956 795 1153 888 imperatore
1182 817 1245 888 per
1271 797 1468 888 magistram
1504 793 1704 864 lliccordam
1731 793 1770 864 dc
1799 796 1946 886 Treiecto

535 915 667 1006 scripsit
683 915 831 988 notorias
845 917 1021 1009 reppertos
1037 919 1077 990 dc
1089 918 1251 990 Solcmo:

587 1063 604 1106 a
623 1038 841 1127 Fradcricas,
856 1050 939 1130 etc,
960 1042 1126 1114 lliccardo
1143 1043 1188 1116 de
1205 1043 1360 1132 Pnlcaro,
1376 1049 1442 1114 etc.
1460 1041 1695 1113 Intelleximus
1710 1039 1805 1134 quod
1815 1041 1945 1114 biccar-

537 1187 555 1230 »
577 1161 644 1233 dus
664 1163 875 1256 Filangcrius
897 1168 1118 1240 marescallus
1139 1175 1173 1238 et
1195 1165 1306 1240 fidelis
1324 1171 1440 1237 noster
1462 1163 1592 1236 miserit
1614 1185 1725 1258 nuper
1746 1186 1768 1237 a
1790 1165 1945 1260 partibus

537 1309 554 1352 n
574 1287 809 1356 transmarinis
827 1286 1005 1360 Albortnm
1025 1289 1070 1362 de
1087 1290 1235 1362 Nuceria
1249 1311 1313 1385 pro
1327 1287 1477 1361 servitiis
1490 1287 1629 1377 nostris,
1650 1307 1753 1381 quem
1769 1309 1850 1360 curn
1861 1289 1946 1361 veli-

535 1435 553 1478 »
574 1430 653 1480 mus
671 1410 766 1502 quod
782 1410 828 1484 ad
849 1414 1053 1506 presentiam
1075 1424 1225 1486 nostram
1243 1413 1310 1486 cito
1327 1434 1364 1484 se
1383 1412 1537 1485 conferat
1557 1432 1635 1483 cum
1657 1411 1852 1484 rumoribus
1870 1413 1943 1485 illa-

535 1555 553 1599 o
573 1555 649 1602 rum
663 1533 826 1626 partium,
845 1532 1001 1607 fidelitati
1017 1546 1075 1608 tue
1089 1535 1310 1631 precipiendo
1325 1535 1529 1608 mandamus
1539 1537 1711 1629 quatenus
1724 1536 1836 1606 statim
1851 1537 1945 1629 quod

534 1679 552 1722 a
573 1655 665 1728 idem
682 1655 843 1728 Alhertus
861 1657 908 1730 ad
925 1667 958 1730 te
977 1661 1110 1750 veniat,
1125 1659 1292 1732 exhibeas
1311 1661 1343 1730 el
1360 1659 1570 1753 equitaturas
1586 1666 1621 1730 et
1637 1679 1808 1752 expensas
1824 1681 1941 1732 ncces-

413 1843 417 1852 .
534 1805 552 1848 o
571 1781 679 1852 sarias
692 1804 804 1875 usqne
820 1782 866 1855 ad
883 1785 1089 1876 presentiam
1103 1795 1272 1873 nostram;
1290 1795 1324 1856 et
1340 1783 1370 1858 si
1386 1791 1499 1879 portat
1516 1805 1572 1856 res
1589 1782 1724 1876 aliquas
1742 1805 1830 1876 quas
1843 1781 1945 1856 desti·

534 1927 552 1974 n
573 1904 669 1976 navit
690 1905 736 1976 ad
759 1908 968 1999 presentiam
987 1917 1154 1998 nostram,
1179 1907 1499 2004 ipsaetiamiacias
1519 1905 1720 2001 lopertum,
1749 1927 1876 1980 cavens
1900 1927 1945 1980 no

534 2053 551 2095 o
573 2049 635 2122 pro
657 2029 865 2122 negligentia
886 2032 940 2103 vel
962 2033 1095 2105 desidia
1119 2033 1168 2103 tni
1192 2053 1323 2104 moram
1342 2031 1452 2103 trahat
1467 2030 1617 2123 aliquam
1638 2029 1871 2104 inveniendo.
1892 2031 1941 2102 Tu

536 2179 551 2214 n
571 2172 655 2223 vero
666 2153 825 2246 quotiens
843 2154 960 2226 nuncii
978 2157 1084 2250 aliqui
1098 2156 1144 2229 de
1155 2155 1329 2228 extraneis
1344 2154 1499 2249 partibus
1513 2153 1561 2227 ad
1573 2153 1779 2248 presentiam
1795 2161 1941 2226 nostram

535 2301 550 2342 n
573 2296 609 2346 sc
633 2277 848 2348 conserentes
871 2277 1057 2351 habuerint
1078 2301 1140 2375 per
1162 2289 1195 2350 te
1214 2279 1413 2368 transitum,
1433 2278 1645 2372 equitaturas
1664 2277 1818 2350 similiter
1835 2287 1868 2350 et
1881 2298 1943 2348 na·

533 2423 551 2466 »
573 2399 738 2472 cassanias
755 2422 928 2496 expensas
945 2403 1113 2477 exhibeas
1130 2425 1238 2497 nsque
1255 2402 1301 2475 ad
1315 2401 1522 2498 presentiam
1539 2413 1704 2474 nostram.

581 2526 741 2596 »Datum
761 2526 1053 2620 apudcivitatem
1072 2529 1227 2620 Castelle,
1248 2529 1342 2601 XXV
1357 2527 1519 2620 januarii,
1538 2527 1617 2598 Xlll
1636 2525 1844 2598 indictionis.

582 2631 709 2720 altem
729 2647 773 2722 de
798 2651 967 2746 superiori
992 2653 1156 2726 mandato
1179 2652 1313 2747 scripsit
1336 2650 1429 2724 idem
1457 2651 1611 2722 notarius
1627 2650 1674 2724 ad
1699 2649 1877 2722 Albertum
1899 2647 1943 2720 de

534 2773 716 2851 »Nuceria
746 2774 843 2868 quod
870 2776 986 2848 veniat
1010 2787 1044 2848 et
1073 2776 1216 2871 recipiat
1240 2775 1455 2870 equitaturas
1480 2785 1515 2846 et
1538 2795 1711 2869 expensas
1735 2771 1943 2846 necessarias

533 2923 551 2966 a
573 2921 592 2971 a
611 2899 777 2972 Riccardo
799 2899 843 2972 de
861 2900 1005 2974 Pulcaro
1024 2925 1125 2998 arque
1140 2902 1186 2972 od
1201 2903 1403 2994 prosodiam
1421 2910 1582 2971 nostram.
1604 2924 1622 2966 o

578 3023 716 3096 Cassate
738 3034 819 3096 sunt
844 3025 1008 3118 quoniam
1036 3027 1132 3121 prins
1156 3025 1251 3098 venit
1278 3025 1325 3098 ad
1354 3024 1483 3098 curiam
1510 3023 1624 3098 dictus
1650 3020 1812 3092 hibertus
1837 3040 1941 3113 quam

531 3145 746 3218 mitterentur
764 3147 882 3220 lictere
898 3149 973 3244 ipse
991 3171 1052 3244 pro
1067 3171 1123 3222 eo.

736 3393 806 3404 .—
815 3395 843 3401 --
852 3395 945 3402 --.-.---
953 3395 974 3401 --
981 3395 1126 3401 ..-.------.
1133 3394 1139 3402 .
1147 3394 1207 3401 --.
1214 3391 1297 3400 ..-..-..
1305 3387 1732 3396 -----—-—-—-——-—

584 3610 744 3694 Litterae
764 3621 936 3719 patentes
958 3621 996 3693 et
1022 3611 1247 3694 mandatum
1269 3612 1375 3721 quod
1391 3611 1548 3719 Paulus,
1569 3609 1740 3692 Andreas
1758 3618 1796 3690 et
1812 3607 1944 3690 Petrus

405 3823 418 3855 ‚
532 3743 581 3825 de
610 3743 760 3826 Carnali
788 3755 1017 3826 mercatores
1043 3745 1204 3828 bomani
1226 3745 1274 3828 de
1301 3744 1423 3827 unciis
1450 3743 1534 3826 auri
1562 3751 1716 3826 centum
1749 3739 1943 3850 sexaginta

376 3876 403 3908 ²¹¹
462 3896 468 3910 ·
533 3883 618 3958 octo
645 3885 683 3958 et
703 3875 862 3990 dimidia
894 3903 991 3986 quas
1021 3877 1062 3958 in
1091 3903 1242 3960 camera
1274 3886 1562 3984 mutuaverunt,
1593 3873 1642 3958 ab
1669 3873 1758 3956 binc
1789 3872 1839 3954 ad
1865 3882 1941 3952 tres

533 4033 683 4092 menses
702 4008 931 4118 quietantur.

614 4207 742 4288 (iteam.
757 4207 861 4288 imper.
875 4205 996 4270 heda.
1010 4209 1051 4286 11,
1065 4208 1117 4272 iol.
1131 4217 1171 4269 ⁵8
1187 4223 1286 4282 versos
1301 4210 1334 4268 ln
1347 4207 1420 4268 edit.
1430 4205 1618 4283 flam-sp.
1636 4201 1814 4281 armant.)

580 4377 643 4448 Die
657 4377 754 4468 iovis
778 4376 888 4448 XXVl
915 4376 996 4449 date
1021 4386 1102 4448 sunt
1131 4375 1177 4450 ad
1193 4367 1349 4471 'sigillum
1374 4375 1491 4448 lictere
1515 4368 1734 4469 infrascripta
1751 4367 1797 4444 de
1823 4377 1943 4440 mutuo

532 4501 760 4573 Romanorum
778 4521 848 4593 que
864 4501 952 4573 facte
971 4501 1111 4574 luerunt
1127 4501 1288 4595 preterito
1309 4498 1367 4573 die
1389 4499 1471 4571 lune
1491 4499 1604 4571 XXlll
1627 4498 1732 4590 hujus
1749 4492 1875 4566 mensis
1886 4492 1942 4585 ja·

533 4623 646 4696 nnarii
663 4631 697 4696 et
720 4623 844 4717 scripte
869 4643 931 4719 per
955 4646 1081 4697 manns
1105 4623 1229 4697 notarii
1252 4623 1291 4696 P.
1315 4622 1361 4696 de
1384 4623 1498 4718 Capua
1517 4619 1572 4696 'de
1593 4619 1756 4696 mandato
1774 4615 1942 4714 imperiali

533 4749 622 4821 iacto
637 4770 698 4844 per
717 4748 917 4842 magistrum
933 4747 1133 4824 Albartum:
