4564 6038
475 619 554 682 1240
933 632 1059 695 illitati
1082 634 1427 698 uocumusioiiiitt.

485 821 593 896 ¹257

469 925 609 1022 ῙΙΓῘ
633 991 841 1021 .......
857 991 898 1004 —
916 958 1067 1024 Fidollbns
1082 964 1144 1024 suls
1162 961 1293 1026 alsatiae
1309 966 1476 1026 nuntiatos
1491 981 1596 1026 veram
1614 969 1711 1042 paries
1728 966 1793 1027 illus
1815 982 1887 1028 mox

473 1043 608 1118 lindam.
897 1055 1106 1131 adventurum,
1126 1075 1250 1120 monens
1267 1066 1303 1120 ut
1321 1061 1423 1122 sibiet
1441 1062 1583 1122 amelini
1604 1077 1659 1122 auo
1672 1063 1772 1122 omnia
1784 1079 1886 1124 umes-

896 1154 1333 1232 sariaminlstrareprocureut.
1846 1166 1884 1220 tto

490 1238 585 1316 lllll'ffl·
624 1240 682 1320 Ap.
697 1241 840 1308 mium.
856 1281 897 1294 —
915 1249 964 1310 Ad
976 1251 1218 1326 supplicationem
1228 1253 1463 1314 ministerialium
1477 1259 1506 1314 et
1516 1253 1805 1330 comprovincialium
1813 1252 1884 1332 Sty·

897 1347 972 1418 riae,
996 1363 1098 1408 eorum
1120 1349 1261 1410 ducatum
1284 1367 1344 1411 non
1364 1351 1433 1412 duci
1450 1350 1586 1412 Ananiae
1607 1351 1660 1426 qul
1681 1365 1735 1426 pro
1755 1356 1885 1428 tompore

896 1442 997 1518 luerit,
1021 1444 1074 1504 sed
1098 1444 1187 1506 alicui
1207 1447 1326 1522 speciali
1345 1449 1470 1524 principi
1495 1445 1703 1524 porrigendam
1725 1448 1884 1523 promittit,

895 1540 1133 1620 approbatasque
1150 1559 1252 1604 corum
1265 1543 1490 1606 consuetudines
1502 1549 1533 1604 et
1542 1545 1611 1620 lura
1630 1547 1754 1604 renouat
1765 1548 1797 1603 at
1811 1559 1886 1604 con-

895 1635 1005 1696 firmat.
1844 1646 1881 1698 ei

488 1720 584 1798 aprili·
688 1723 776 1802 Apud
858 1762 895 1776 -
916 1731 1064 1810 Volvingo
1085 1732 1123 1792 de
1142 1731 1326 1812 Stubenberg
1345 1732 1517 1795 facultatem
1536 1732 1670 1794 concedit
1688 1734 1775 1794 uxori
1795 1749 1885 1812 mam

648 1818 814 1902 Eiferding.
896 1827 1015 1888 duxerit
1032 1829 1131 1888 dotem
1145 1829 1263 1907 qualem
1277 1836 1306 1890 et
1319 1836 1460 1908 quantam
1476 1829 1603 1890 voluerit
1621 1845 1709 1906 super
1722 1831 1886 1906 proprieta-

895 1927 947 1984 rils
959 1928 1024 2002 ejus
1037 1925 1125 1986 rebus
1138 1925 1311 2002 deputandi.
1844 1935 1882 1988 6⁵

487 2011 584 2089 aprili.
688 2013 778 2092 Apud
855 2051 896 2065 -
914 2019 1141 2098 archiepiscopo
1155 2023 1328 2100 Moguntlno
1340 2028 1458 2100 propter
1476 2023 1596 2084 seruitia
1612 2021 1669 2084 aiiii
1684 2021 1817 2084 exhibita
1829 2024 1885 2084 ad·

628 2108 832 2186 Ratisponam.
895 2120 1043 2178 vocalium
1060 2120 1092 2178 in
1107 2119 1344 2181 Bisohoueshelm
1360 2127 1389 2180 at
1403 2119 1481 2180 bona
1500 2119 1665 2196 adjacentia
1683 2134 1761 2196 quae
1777 2118 1815 2178 ab
1835 2136 1884 2180 ec-

895 2213 983 2274 clesia
997 2216 1173 2292 Moguntina
1191 2219 1253 2293 ipse
1265 2218 1424 2294 imperatur
1436 2217 1468 2275 ln
1479 2219 1546 2294 lure
1562 2215 1671 2275 feudali
1684 2218 1788 2288 tenuit,
1804 2218 1885 2276 resi-

895 2316 979 2386 gnat.
1845 2321 1885 2374 eo

467 2403 505 2455 ii
518 2397 604 2474 april·
688 2413 777 2493 Apud
855 2437 896 2448 —
915 2407 1098 2484 Butegelarlo
1112 2407 1150 2468 de
1163 2407 1345 2486 Nuremberg
1358 2407 1397 2467 ad
1408 2407 1607 2468 deicnslonem
1621 2409 1696 2486 juria
1712 2407 1885 2470 advocatiae

626 2509 830 2589 lismonam,
894 2503 927 2560 in
940 2503 1073 2578 pluribus
1087 2503 1159 2564 locis
1172 2506 1342 2563 monasterii
1356 2493 1565 2565 Ols'armdnster
1578 2503 1649 2563 dicti
1661 2503 1775 2564 dudum
1789 2504 1885 2581 depu-

895 2601 972 2666 tato,
987 2600 1093 2660 iterum
1106 2597 1229 2659 tirmiter
1243 2599 1366 2660 mandat
1379 2605 1412 2660 ut
1430 2616 1468 2660 ex
1486 2600 1631 2660 sententia
1645 2601 1811 2676 principum
1825 2600 1885 2660 de-

894 2685 1021 2754 tentores
1034 2695 1204 2756 earumdem
1218 2695 1438 2755 advocatiarum
1452 2703 1626 2772 compescat
1844 2703 1881 2756 ti

468 2789 505 2843 te
517 2783 603 2861 april.
685 2783 775 2862 Apud
855 2821 895 2834 —
914 2791 1032 2851 Ecelino
1045 2791 1082 2850 de
1094 2794 1229 2853 Romano
1242 2789 1324 2852 iideii
1341 2809 1394 2852 suo
1410 2809 1531 2852 caamm
1549 2791 1752 2868 appellationis
1771 2792 1811 2852 ad
1828 2807 1883 2854 aa·

628 2879 830 2959 Ratisponum.
894 2885 1035 2946 dientiam
1048 2903 1132 2947 snam
1148 2887 1276 2948 delatam
1297 2891 1373 2948 inter
1392 2889 1569 2949 Paduunum
1582 2891 1752 2965 episcopum
1765 2895 1795 2948 et
1806 2887 1885 2948 illios

894 2983 1042 3057 quondam
1060 2983 1176 3044 Tisonis
1189 2985 1226 3044 de
1241 2985 1352 3061 Campo
1369 2983 1468 3045 Sancti
1481 2985 1559 3046 Petri
1576 3000 1664 3060 super
1683 2985 1765 3045 ouria
1783 2983 1884 3043 Sancti

892 3077 1028 3139 Andreae
1054 3087 1085 3140 et
1111 3079 1289 3158 quibusdam
1312 3081 1378 3140 allis
1398 3081 1645 3160 possessionibus,
1669 3079 1883 3140 terminandam

894 3177 1063 3234 committit.
1843 3183 1882 3236 68

490 3267 580 3328 malo.
628 3265 686 3344 Ap.
697 3267 827 3331 Ulmum.
854 3301 894 3313 -
913 3269 960 3329 Ad
978 3286 1078 3346 preces
1096 3273 1211 3331 comitis
1228 3272 1266 3332 de
1285 3271 1405 3332 Ultimis
1428 3273 1613 3350 privilegiam
1632 3271 1773 3332 Frldericl
1795 3273 1882 3348 primi

893 3367 942 3426 avi
956 3368 1001 3427 sul
1019 3375 1048 3426 i⁰
1061 3369 1131 3426 moll
1147 3377 1223 3428 iiiii
1242 3369 1344 3429 datum
1363 3367 1519 3429 inserendo
1540 3366 1707 3442 confirmat,
1724 3385 1777 3444 pro
1789 3367 1884 3428 tutela

894 3465 1063 3522 monasterii
1088 3463 1125 3523 de
1147 3465 1220 3525 owe
1241 3467 1273 3524 ln
1293 3468 1461 3542 episcopatu
1483 3465 1653 3526 Tridentino
1676 3481 1694 3525 a
1717 3465 1824 3524 comita
1845 3462 1883 3522 da

894 3561 1076 3620 Grisensiein
1090 3561 1353 3638 etabunoreejus
1367 3561 1493 3622 fundali.
1843 3565 1881 3618 iit

471 3661 507 3715 it
525 3655 605 3716 mali.
688 3649 777 3728 Apud
854 3689 894 3702 -
914 3657 950 3717 ln
977 3662 1102 3736 gratiam
1129 3661 1257 3735 episcopi
1282 3659 1530 3736 liabenbergcnsls
1553 3655 1705 3734 judicibus
1735 3655 1882 3716 universis

640 3745 819 3826 Gaisllugen.
893 3755 1041 3814 interdicit
1066 3771 1105 3815 ne
1124 3755 1254 3828 clericos,
1270 3757 1349 3815 cives
1370 3761 1400 3814 et
1422 3753 1626 3815 ministeriales
1653 3752 1792 3814 ecclesiae
1817 3751 1882 3812 Ba-

893 3850 1101 3930 banbergenais
1123 3852 1162 3912 ad
1185 3851 1281 3912 iorum
1302 3854 1433 3930 ipsorum
1456 3853 1575 3928 proprio
1598 3855 1682 3912 motu
1707 3847 1883 3926 respondere

893 3953 1010 4026 cogant.
1842 3953 1881 4006 aa

487 4041 584 4116 junio.
633 4033 690 4114 Ap.
702 4037 830 4116 Spiram.
854 4077 894 4089 -
913 4044 961 4104 Ad
974 4045 1214 4122 suppilcatiouem
1228 4045 1384 4122 praepositi
1396 4051 1427 4105 at
1445 4050 1607 4105 conuentus
1624 4030 1775 4119 hospitalis
1788 4037 1879 4100 Sanc·

894 4147 941 4200 tae
951 4141 1060 4202 Mariae
1070 4141 1108 4202 de
1116 4142 1216 4215 Lutra,
1226 4143 1409 4220 priuilegium
1420 4158 1440 4202 a
1451 4157 1483 4201 se
1495 4143 1559 4217 ipso
1570 4139 1665 4200 aldem
1674 4137 1775 4200 donni
1786 4147 1881 4217 asep-

893 4235 1015 4296 tembris
1030 4245 1105 4296 iiis
1119 4237 1279 4315 indultum,
1291 4243 1414 4298 renovat
1424 4242 1453 4298 ct
1465 4233 1620 4295 inserendo
1632 4231 1798 4294 confirmat.
1841 4241 1879 4294 ia

488 4325 582 4402 lunio.
634 4326 692 4404 Ap.
703 4327 830 4406 spiram.
856 4360 897 4374 -
915 4331 972 4392 Pro
985 4337 1068 4408 parte
1082 4332 1262 4394 Calontensls
1274 4331 1632 4410 archiepiscopl,dlctante
1639 4331 1785 4391 sententia
1797 4331 1880 4406 prin-

896 4427 1007 4502 cipum,
1024 4429 1189 4506 promulgat
1208 4430 1288 4506 quod
1305 4431 1367 4506 lpse
1380 4435 1465 4490 extra
1482 4429 1634 4488 civitatem
1652 4428 1730 4488 sicut
1750 4431 1781 4485 et
1803 4425 1883 4487 inira

895 4523 1137 4600 iujurisdictione
1149 4527 1242 4601 ipsius
1254 4527 1346 4602 possit
1358 4526 1487 4602 legitime
1496 4523 1608 4600 judicio
1620 4523 1794 4600 praesidere.
1841 4531 1877 4584 tii

487 4612 587 4689 iunio.
636 4611 694 4691 Ap.
706 4613 830 4693 Spiram.
856 4648 897 4662 -
916 4618 964 4678 id
978 4621 1219 4697 supplicationem
1229 4619 1344 4682 abbatis
1357 4625 1386 4680 et
1398 4625 1560 4680 conventus
1573 4621 1611 4680 de
1624 4619 1802 4694 odenheim,
1818 4619 1880 4694 prl-

897 4715 1036 4794 uilegium
1053 4718 1172 4778 Bennoi
1187 4717 1241 4778 iiiii
1261 4719 1307 4780 sai
1324 4717 1473 4796 quondam
1490 4719 1567 4795 regis
1584 4717 1696 4780 eisdem
1711 4731 1799 4796 super
1815 4713 1877 4776 cnl-
