<?xml version="1.0" encoding="UTF-8"?>
<!DOCTYPE html PUBLIC "-//W3C//DTD XHTML 1.0 Transitional//EN"
    "http://www.w3.org/TR/xhtml1/DTD/xhtml1-transitional.dtd">
<html xmlns="http://www.w3.org/1999/xhtml" xml:lang="en" lang="en">
 <head>
  <title>
</title>
<meta http-equiv="Content-Type" content="text/html;charset=utf-8" />
  <meta name='ocr-system' content='tesseract 3.04.00' />
  <meta name='ocr-capabilities' content='ocr_page ocr_carea ocr_par ocr_line ocrx_word'/>
</head>
<body>
  <div class='ocr_page' id='page_1' title='image "./historiadiploma01fredgoog_0095.png"; bbox 0 0 4524 6012; ppageno 0'>
   <div class='ocr_carea' id='block_1_1' title="bbox 287 663 1248 754">
    <p class='ocr_par' dir='ltr' id='par_1_1' title="bbox 287 663 1248 754">
     <span class='ocr_line' id='line_1_1' title="bbox 287 663 1248 754; baseline -0.017 -14"><span class='ocrx_word' id='word_1_1' title='bbox 287 679 382 740; x_wconf 73' lang='lat' dir='ltr'>luter.</span> <span class='ocrx_word' id='word_1_2' title='bbox 401 669 462 754; x_wconf 70' lang='lat' dir='ltr'>lt]</span> <span class='ocrx_word' id='word_1_3' title='bbox 734 666 928 728; x_wconf 74' lang='lat' dir='ltr'>HISTORIA</span> <span class='ocrx_word' id='word_1_4' title='bbox 955 663 1248 724; x_wconf 63' lang='lat' dir='ltr'>lllPLOblllTle</span> 
     </span>
    </p>
   </div>
   <div class='ocr_carea' id='block_1_2' title="bbox 291 1219 1884 1600">
    <p class='ocr_par' dir='ltr' id='par_1_2' title="bbox 291 1219 1884 1600">
     <span class='ocr_line' id='line_1_2' title="bbox 338 1219 1884 1334; baseline -0.007 -19"><span class='ocrx_word' id='word_1_5' title='bbox 338 1228 563 1315; x_wconf 82' lang='lat' dir='ltr'>Mandatum</span> <span class='ocrx_word' id='word_1_6' title='bbox 585 1226 636 1309; x_wconf 94' lang='lat' dir='ltr'>ad</span> <span class='ocrx_word' id='word_1_7' title='bbox 654 1223 907 1334; x_wconf 87' lang='lat' dir='ltr'>justitiarium</span> <span class='ocrx_word' id='word_1_8' title='bbox 926 1221 1164 1329; x_wconf 90' lang='lat' dir='ltr'>Principatus</span> <span class='ocrx_word' id='word_1_9' title='bbox 1186 1230 1229 1302; x_wconf 92' lang='lat' dir='ltr'>ut</span> <span class='ocrx_word' id='word_1_10' title='bbox 1255 1219 1357 1302; x_wconf 91' lang='lat' dir='ltr'>bona</span> <span class='ocrx_word' id='word_1_11' title='bbox 1383 1219 1549 1330; x_wconf 82' lang='lat' dir='ltr'>capellae</span> <span class='ocrx_word' id='word_1_12' title='bbox 1572 1221 1700 1306; x_wconf 84' lang='lat' dir='ltr'><strong>Sancti</strong></span> <span class='ocrx_word' id='word_1_13' title='bbox 1780 1242 1884 1326; x_wconf 46' lang='grc' dir='ltr'>ξηυς,</span> 
     </span>
     <span class='ocr_line' id='line_1_3' title="bbox 292 1351 1699 1466; baseline -0.005 -21"><span class='ocrx_word' id='word_1_14' title='bbox 292 1361 386 1446; x_wconf 88' lang='lat' dir='ltr'>Petri</span> <span class='ocrx_word' id='word_1_15' title='bbox 404 1360 455 1443; x_wconf 92' lang='lat' dir='ltr'>ad</span> <span class='ocrx_word' id='word_1_16' title='bbox 479 1359 634 1442; x_wconf 83' lang='lat' dir='ltr'>Curtem</span> <span class='ocrx_word' id='word_1_17' title='bbox 655 1381 775 1466; x_wconf 89' lang='lat' dir='ltr'>quam</span> <span class='ocrx_word' id='word_1_18' title='bbox 793 1355 953 1438; x_wconf 82' lang='lat' dir='ltr'>Iohanni</span> <span class='ocrx_word' id='word_1_19' title='bbox 974 1355 1022 1436; x_wconf 89' lang='lat' dir='ltr'>de</span> <span class='ocrx_word' id='word_1_20' title='bbox 1039 1353 1159 1436; x_wconf 90' lang='lat' dir='ltr'>Vinea</span> <span class='ocrx_word' id='word_1_21' title='bbox 1176 1351 1350 1460; x_wconf 87' lang='lat' dir='ltr'>contulit,</span> <span class='ocrx_word' id='word_1_22' title='bbox 1371 1352 1500 1435; x_wconf 89' lang='lat' dir='ltr'>illicite</span> <span class='ocrx_word' id='word_1_23' title='bbox 1517 1365 1699 1464; x_wconf 88' lang='lat' dir='ltr'>occupata</span> 
     </span>
     <span class='ocr_line' id='line_1_4' title="bbox 291 1486 1569 1600; baseline -0.005 -22"><span class='ocrx_word' id='word_1_24' title='bbox 291 1503 325 1578; x_wconf 90' lang='lat' dir='ltr'>et</span> <span class='ocrx_word' id='word_1_25' title='bbox 340 1493 522 1576; x_wconf 76' lang='lat' dir='ltr'>discaco</span> <span class='ocrx_word' id='word_1_26' title='bbox 539 1491 589 1573; x_wconf 91' lang='lat' dir='ltr'>ad</span> <span class='ocrx_word' id='word_1_27' title='bbox 606 1487 875 1600; x_wconf 76' lang='lat' dir='ltr'>proprietatem</span> <span class='ocrx_word' id='word_1_28' title='bbox 893 1488 1013 1596; x_wconf 91' lang='lat' dir='ltr'>ipsius</span> <span class='ocrx_word' id='word_1_29' title='bbox 1031 1486 1198 1596; x_wconf 85' lang='lat' dir='ltr'>capellae</span> <span class='ocrx_word' id='word_1_30' title='bbox 1214 1511 1389 1570; x_wconf 82' lang='lat' dir='ltr'>revocare</span> <span class='ocrx_word' id='word_1_31' title='bbox 1407 1489 1569 1571; x_wconf 87' lang='lat' dir='ltr'>studeat.</span> 
     </span>
    </p>
   </div>
   <div class='ocr_carea' id='block_1_3' title="bbox 370 1707 1471 1798">
    <p class='ocr_par' dir='ltr' id='par_1_3' title="bbox 370 1707 1471 1798">
     <span class='ocr_line' id='line_1_5' title="bbox 370 1707 1471 1798; baseline -0.003 -21"><span class='ocrx_word' id='word_1_32' title='bbox 370 1715 500 1798; x_wconf 73' lang='lat' dir='ltr'>(nequa</span> <span class='ocrx_word' id='word_1_33' title='bbox 512 1715 616 1795; x_wconf 73' lang='lat' dir='ltr'>anper.</span> <span class='ocrx_word' id='word_1_34' title='bbox 632 1710 751 1775; x_wconf 68' lang='lat' dir='ltr'>meda.</span> <span class='ocrx_word' id='word_1_35' title='bbox 763 1712 803 1788; x_wconf 85' lang='lat'>11,</span> <span class='ocrx_word' id='word_1_36' title='bbox 819 1707 869 1773; x_wconf 81' lang='lat' dir='ltr'>lol.</span> <span class='ocrx_word' id='word_1_37' title='bbox 888 1719 926 1773; x_wconf 81' lang='lat' dir='ltr'>ot</span> <span class='ocrx_word' id='word_1_38' title='bbox 938 1717 1034 1785; x_wconf 86' lang='lat' dir='ltr'>recto;</span> <span class='ocrx_word' id='word_1_39' title='bbox 1049 1712 1082 1771; x_wconf 92' lang='lat' dir='ltr'>ln</span> <span class='ocrx_word' id='word_1_40' title='bbox 1096 1709 1168 1772; x_wconf 87' lang='lat' dir='ltr'>edlt.</span> <span class='ocrx_word' id='word_1_41' title='bbox 1184 1709 1321 1790; x_wconf 78' lang='lat' dir='ltr'>Cascam,</span> <span class='ocrx_word' id='word_1_42' title='bbox 1337 1729 1369 1790; x_wconf 87' lang='lat' dir='ltr'>p.</span> <span class='ocrx_word' id='word_1_43' title='bbox 1387 1714 1471 1793; x_wconf 79' lang='lat' dir='ltr'>tto.)</span> 
     </span>
    </p>
   </div>
   <div class='ocr_carea' id='block_1_4' title="bbox 292 1905 1705 4102">
    <p class='ocr_par' dir='ltr' id='par_1_4' title="bbox 336 1905 1123 2002">
     <span class='ocr_line' id='line_1_6' title="bbox 336 1905 1123 2002; baseline -0.011 -21"><span class='ocrx_word' id='word_1_44' title='bbox 336 1913 384 1982; x_wconf 85' lang='lat' dir='ltr'>De</span> <span class='ocrx_word' id='word_1_45' title='bbox 403 1911 515 1982; x_wconf 83' lang='lat' dir='ltr'>eodem</span> <span class='ocrx_word' id='word_1_46' title='bbox 531 1908 690 1981; x_wconf 84' lang='lat' dir='ltr'>mandato</span> <span class='ocrx_word' id='word_1_47' title='bbox 707 1907 842 2002; x_wconf 73' lang='lat' dir='ltr'>scripsit</span> <span class='ocrx_word' id='word_1_48' title='bbox 859 1907 900 1978; x_wconf 86' lang='lat' dir='ltr'>P.</span> <span class='ocrx_word' id='word_1_49' title='bbox 923 1905 963 1977; x_wconf 85' lang='lat' dir='ltr'>dc</span> <span class='ocrx_word' id='word_1_50' title='bbox 979 1906 1097 2000; x_wconf 81' lang='lat' dir='ltr'>Capua</span> <span class='ocrx_word' id='word_1_51' title='bbox 1113 1929 1123 1972; x_wconf 94' lang='lat'>.·</span> 
     </span>
    </p>

    <p class='ocr_par' dir='ltr' id='par_1_5' title="bbox 292 2027 1705 3957">
     <span class='ocr_line' id='line_1_7' title="bbox 337 2027 1697 2126; baseline 0.003 -22"><span class='ocrx_word' id='word_1_52' title='bbox 337 2031 560 2118; x_wconf 84' lang='lat' dir='ltr'>Fredericns,</span> <span class='ocrx_word' id='word_1_53' title='bbox 576 2039 659 2119; x_wconf 83' lang='lat' dir='ltr'>etc,</span> <span class='ocrx_word' id='word_1_54' title='bbox 685 2029 869 2103; x_wconf 78' lang='lat' dir='ltr'>rhomasto</span> <span class='ocrx_word' id='word_1_55' title='bbox 887 2027 933 2102; x_wconf 90' lang='lat' dir='ltr'>de</span> <span class='ocrx_word' id='word_1_56' title='bbox 948 2027 1166 2122; x_wconf 76' lang='lat' dir='ltr'>Montenigro</span> <span class='ocrx_word' id='word_1_57' title='bbox 1179 2028 1364 2120; x_wconf 85' lang='lat' dir='ltr'>justitiario</span> <span class='ocrx_word' id='word_1_58' title='bbox 1378 2029 1610 2126; x_wconf 87' lang='lat' dir='ltr'>Principatns,</span> <span class='ocrx_word' id='word_1_59' title='bbox 1629 2045 1697 2108; x_wconf 91' lang='lat' dir='ltr'>etc.</span> 
     </span>
     <span class='ocr_line' id='line_1_8' title="bbox 294 2148 1701 2247; baseline 0.001 -20"><span class='ocrx_word' id='word_1_60' title='bbox 294 2156 490 2227; x_wconf 87' lang='lat' dir='ltr'>lusinnante</span> <span class='ocrx_word' id='word_1_61' title='bbox 504 2153 660 2226; x_wconf 84' lang='lat' dir='ltr'>Iohanne</span> <span class='ocrx_word' id='word_1_62' title='bbox 680 2151 725 2225; x_wconf 88' lang='lat' dir='ltr'>de</span> <span class='ocrx_word' id='word_1_63' title='bbox 742 2153 850 2224; x_wconf 74' lang='lat' dir='ltr'>Vinea</span> <span class='ocrx_word' id='word_1_64' title='bbox 864 2150 915 2247; x_wconf 90' lang='lat' dir='ltr'>(l)</span> <span class='ocrx_word' id='word_1_65' title='bbox 929 2151 1007 2224; x_wconf 88' lang='lat' dir='ltr'>cive</span> <span class='ocrx_word' id='word_1_66' title='bbox 1023 2149 1140 2244; x_wconf 91' lang='lat' dir='ltr'>Capne</span> <span class='ocrx_word' id='word_1_67' title='bbox 1154 2148 1247 2223; x_wconf 82' lang='lat' dir='ltr'>fideli</span> <span class='ocrx_word' id='word_1_68' title='bbox 1259 2159 1388 2242; x_wconf 87' lang='lat' dir='ltr'>nostro,</span> <span class='ocrx_word' id='word_1_69' title='bbox 1404 2163 1519 2225; x_wconf 90' lang='lat' dir='ltr'>nostra</span> <span class='ocrx_word' id='word_1_70' title='bbox 1535 2158 1701 2229; x_wconf 84' lang='lat' dir='ltr'>serenitas</span> 
     </span>
     <span class='ocr_line' id='line_1_9' title="bbox 293 2275 1697 2372; baseline 0.001 -22"><span class='ocrx_word' id='word_1_71' title='bbox 293 2279 459 2352; x_wconf 83' lang='lat' dir='ltr'>intellexit</span> <span class='ocrx_word' id='word_1_72' title='bbox 478 2276 574 2372; x_wconf 90' lang='lat' dir='ltr'>quod</span> <span class='ocrx_word' id='word_1_73' title='bbox 596 2277 705 2350; x_wconf 89' lang='lat' dir='ltr'>multa</span> <span class='ocrx_word' id='word_1_74' title='bbox 723 2275 768 2348; x_wconf 92' lang='lat' dir='ltr'>de</span> <span class='ocrx_word' id='word_1_75' title='bbox 792 2275 893 2348; x_wconf 91' lang='lat' dir='ltr'>bonis</span> <span class='ocrx_word' id='word_1_76' title='bbox 920 2275 1072 2369; x_wconf 82' lang='lat' dir='ltr'>cappella</span> <span class='ocrx_word' id='word_1_77' title='bbox 1094 2284 1209 2348; x_wconf 91' lang='lat' dir='ltr'>nostre</span> <span class='ocrx_word' id='word_1_78' title='bbox 1232 2275 1347 2348; x_wconf 86' lang='lat' dir='ltr'>Sancti</span> <span class='ocrx_word' id='word_1_79' title='bbox 1368 2277 1457 2348; x_wconf 92' lang='lat' dir='ltr'>Petri</span> <span class='ocrx_word' id='word_1_80' title='bbox 1481 2277 1527 2350; x_wconf 91' lang='lat' dir='ltr'>ad</span> <span class='ocrx_word' id='word_1_81' title='bbox 1544 2277 1697 2372; x_wconf 81' lang='lat' dir='ltr'>curtem,</span> 
     </span>
     <span class='ocr_line' id='line_1_10' title="bbox 293 2387 1702 2496; baseline 0.003 -23"><span class='ocrx_word' id='word_1_82' title='bbox 293 2423 392 2496; x_wconf 81' lang='lat' dir='ltr'>qnam</span> <span class='ocrx_word' id='word_1_83' title='bbox 409 2387 593 2496; x_wconf 77' lang='lat' dir='ltr'>specialem</span> <span class='ocrx_word' id='word_1_84' title='bbox 612 2409 815 2494; x_wconf 91' lang='lat' dir='ltr'>reputamus</span> <span class='ocrx_word' id='word_1_85' title='bbox 836 2399 925 2472; x_wconf 90' lang='lat' dir='ltr'>inter</span> <span class='ocrx_word' id='word_1_86' title='bbox 946 2400 1119 2494; x_wconf 82' lang='lat' dir='ltr'>cappellae</span> <span class='ocrx_word' id='word_1_87' title='bbox 1139 2399 1224 2471; x_wconf 91' lang='lat' dir='ltr'>alias</span> <span class='ocrx_word' id='word_1_88' title='bbox 1240 2400 1337 2494; x_wconf 79' lang='lat' dir='ltr'>regni</span> <span class='ocrx_word' id='word_1_89' title='bbox 1362 2401 1468 2473; x_wconf 91' lang='lat' dir='ltr'>nostri</span> <span class='ocrx_word' id='word_1_90' title='bbox 1489 2393 1532 2474; x_wconf 72' lang='lat' dir='ltr'>&#39;et</span> <span class='ocrx_word' id='word_1_91' title='bbox 1552 2425 1629 2476; x_wconf 91' lang='lat' dir='ltr'>eam</span> <span class='ocrx_word' id='word_1_92' title='bbox 1657 2403 1702 2478; x_wconf 87' lang='lat' dir='ltr'>de</span> 
     </span>
     <span class='ocr_line' id='line_1_11' title="bbox 293 2499 1703 2618; baseline 0.002 -22"><span class='ocrx_word' id='word_1_93' title='bbox 293 2536 404 2598; x_wconf 86' lang='lat' dir='ltr'>nostre</span> <span class='ocrx_word' id='word_1_94' title='bbox 422 2523 491 2596; x_wconf 88' lang='lat' dir='ltr'>sibi</span> <span class='ocrx_word' id='word_1_95' title='bbox 506 2523 714 2596; x_wconf 89' lang='lat' dir='ltr'>contulimus</span> <span class='ocrx_word' id='word_1_96' title='bbox 731 2523 841 2617; x_wconf 81' lang='lat' dir='ltr'>gratia</span> <span class='ocrx_word' id='word_1_97' title='bbox 859 2521 1067 2614; x_wconf 87' lang='lat' dir='ltr'>majestatis,</span> <span class='ocrx_word' id='word_1_98' title='bbox 1089 2499 1151 2616; x_wconf 82' lang='lat' dir='ltr'>pro</span> <span class='ocrx_word' id='word_1_99' title='bbox 1168 2523 1298 2594; x_wconf 90' lang='lat' dir='ltr'>malitia</span> <span class='ocrx_word' id='word_1_100' title='bbox 1312 2525 1476 2618; x_wconf 89' lang='lat' dir='ltr'>temporis</span> <span class='ocrx_word' id='word_1_101' title='bbox 1493 2527 1648 2599; x_wconf 82' lang='lat' dir='ltr'>retroacti</span> <span class='ocrx_word' id='word_1_102' title='bbox 1667 2537 1703 2601; x_wconf 88' lang='lat' dir='ltr'>et</span> 
     </span>
     <span class='ocr_line' id='line_1_12' title="bbox 293 2645 1702 2741; baseline 0.002 -21"><span class='ocrx_word' id='word_1_103' title='bbox 293 2649 335 2720; x_wconf 93' lang='lat' dir='ltr'>ob</span> <span class='ocrx_word' id='word_1_104' title='bbox 352 2647 599 2741; x_wconf 78' lang='lat' dir='ltr'>negligentiam</span> <span class='ocrx_word' id='word_1_105' title='bbox 622 2667 741 2718; x_wconf 90' lang='lat' dir='ltr'>eorum</span> <span class='ocrx_word' id='word_1_106' title='bbox 760 2645 821 2740; x_wconf 91' lang='lat' dir='ltr'>qui</span> <span class='ocrx_word' id='word_1_107' title='bbox 840 2646 1031 2740; x_wconf 88' lang='lat' dir='ltr'>cappellam</span> <span class='ocrx_word' id='word_1_108' title='bbox 1053 2645 1163 2740; x_wconf 89' lang='lat' dir='ltr'>ipsam</span> <span class='ocrx_word' id='word_1_109' title='bbox 1182 2645 1350 2719; x_wconf 90' lang='lat' dir='ltr'>hactenus</span> <span class='ocrx_word' id='word_1_110' title='bbox 1370 2657 1553 2720; x_wconf 90' lang='lat' dir='ltr'>tenuerunt</span> <span class='ocrx_word' id='word_1_111' title='bbox 1576 2672 1596 2722; x_wconf 91' lang='lat' dir='ltr'>a</span> <span class='ocrx_word' id='word_1_112' title='bbox 1615 2659 1702 2723; x_wconf 85' lang='lat' dir='ltr'>tem·</span> 
     </span>
     <span class='ocr_line' id='line_1_13' title="bbox 293 2769 1702 2867; baseline 0.004 -25"><span class='ocrx_word' id='word_1_113' title='bbox 293 2795 373 2867; x_wconf 91' lang='lat' dir='ltr'>pore</span> <span class='ocrx_word' id='word_1_114' title='bbox 392 2773 485 2865; x_wconf 84' lang='lat' dir='ltr'>regis</span> <span class='ocrx_word' id='word_1_115' title='bbox 505 2769 680 2843; x_wconf 81' lang='lat' dir='ltr'>Gnillelmi</span> <span class='ocrx_word' id='word_1_116' title='bbox 704 2769 851 2842; x_wconf 90' lang='lat' dir='ltr'>secundi</span> <span class='ocrx_word' id='word_1_117' title='bbox 872 2769 1069 2842; x_wconf 89' lang='lat' dir='ltr'>consobrini</span> <span class='ocrx_word' id='word_1_118' title='bbox 1092 2769 1199 2841; x_wconf 87' lang='lat' dir='ltr'>nostri</span> <span class='ocrx_word' id='word_1_119' title='bbox 1218 2769 1325 2842; x_wconf 85' lang='lat' dir='ltr'>felicis</span> <span class='ocrx_word' id='word_1_120' title='bbox 1342 2771 1506 2843; x_wconf 91' lang='lat' dir='ltr'>memorie</span> <span class='ocrx_word' id='word_1_121' title='bbox 1527 2774 1702 2866; x_wconf 90' lang='lat' dir='ltr'>usquead</span> 
     </span>
     <span class='ocr_line' id='line_1_14' title="bbox 292 2889 1703 2996; baseline 0 -29"><span class='ocrx_word' id='word_1_122' title='bbox 292 2895 354 2968; x_wconf 89' lang='lat' dir='ltr'>bec</span> <span class='ocrx_word' id='word_1_123' title='bbox 371 2896 484 2996; x_wconf 83' lang='lat' dir='ltr'>felicia</span> <span class='ocrx_word' id='word_1_124' title='bbox 497 2905 611 2967; x_wconf 90' lang='lat' dir='ltr'>nostra</span> <span class='ocrx_word' id='word_1_125' title='bbox 630 2903 798 2988; x_wconf 87' lang='lat' dir='ltr'>tempora,</span> <span class='ocrx_word' id='word_1_126' title='bbox 817 2889 926 2990; x_wconf 91' lang='lat' dir='ltr'>[suut]</span> <span class='ocrx_word' id='word_1_127' title='bbox 945 2899 1126 2988; x_wconf 89' lang='lat' dir='ltr'>occupata,</span> <span class='ocrx_word' id='word_1_128' title='bbox 1144 2893 1271 2982; x_wconf 86' lang='lat' dir='ltr'>locata,</span> <span class='ocrx_word' id='word_1_129' title='bbox 1286 2893 1435 2966; x_wconf 90' lang='lat' dir='ltr'>alienata</span> <span class='ocrx_word' id='word_1_130' title='bbox 1448 2893 1565 2966; x_wconf 87' lang='lat' dir='ltr'>illicite</span> <span class='ocrx_word' id='word_1_131' title='bbox 1578 2916 1620 2967; x_wconf 94' lang='lat' dir='ltr'>ac</span> <span class='ocrx_word' id='word_1_132' title='bbox 1631 2895 1703 2968; x_wconf 90' lang='lat' dir='ltr'>dis·</span> 
     </span>
     <span class='ocr_line' id='line_1_15' title="bbox 294 3016 1699 3115; baseline 0.002 -26"><span class='ocrx_word' id='word_1_133' title='bbox 294 3027 397 3092; x_wconf 87' lang='lat' dir='ltr'>tracta</span> <span class='ocrx_word' id='word_1_134' title='bbox 417 3019 454 3090; x_wconf 94' lang='lat' dir='ltr'>in</span> <span class='ocrx_word' id='word_1_135' title='bbox 472 3017 701 3115; x_wconf 90' lang='lat' dir='ltr'>prejudicium</span> <span class='ocrx_word' id='word_1_136' title='bbox 714 3016 882 3110; x_wconf 87' lang='lat' dir='ltr'>jamdiote</span> <span class='ocrx_word' id='word_1_137' title='bbox 893 3017 1047 3111; x_wconf 86' lang='lat' dir='ltr'>cappella</span> <span class='ocrx_word' id='word_1_138' title='bbox 1062 3025 1178 3089; x_wconf 87' lang='lat' dir='ltr'>nostre</span> <span class='ocrx_word' id='word_1_139' title='bbox 1194 3025 1230 3088; x_wconf 91' lang='lat' dir='ltr'>et</span> <span class='ocrx_word' id='word_1_140' title='bbox 1247 3037 1316 3088; x_wconf 95' lang='lat' dir='ltr'>non</span> <span class='ocrx_word' id='word_1_141' title='bbox 1332 3017 1502 3090; x_wconf 90' lang='lat' dir='ltr'>modicam</span> <span class='ocrx_word' id='word_1_142' title='bbox 1519 3019 1699 3092; x_wconf 88' lang='lat' dir='ltr'>lesionem.</span> 
     </span>
     <span class='ocr_line' id='line_1_16' title="bbox 294 3137 1704 3237; baseline 0.001 -22"><span class='ocrx_word' id='word_1_143' title='bbox 294 3143 374 3215; x_wconf 88' lang='lat' dir='ltr'>Cum</span> <span class='ocrx_word' id='word_1_144' title='bbox 391 3143 499 3237; x_wconf 79' lang='lat' dir='ltr'>igitur</span> <span class='ocrx_word' id='word_1_145' title='bbox 514 3142 637 3215; x_wconf 87' lang='lat' dir='ltr'>eadem</span> <span class='ocrx_word' id='word_1_146' title='bbox 656 3141 810 3235; x_wconf 88' lang='lat' dir='ltr'>cappella</span> <span class='ocrx_word' id='word_1_147' title='bbox 832 3148 950 3213; x_wconf 88' lang='lat' dir='ltr'>nostra</span> <span class='ocrx_word' id='word_1_148' title='bbox 962 3140 1062 3212; x_wconf 89' lang='lat' dir='ltr'>bonis</span> <span class='ocrx_word' id='word_1_149' title='bbox 1085 3137 1260 3212; x_wconf 85' lang='lat' dir='ltr'>fiscalibus</span> <span class='ocrx_word' id='word_1_150' title='bbox 1275 3141 1319 3212; x_wconf 90' lang='lat' dir='ltr'>sit</span> <span class='ocrx_word' id='word_1_151' title='bbox 1336 3139 1472 3232; x_wconf 89' lang='lat' dir='ltr'>dotata,</span> <span class='ocrx_word' id='word_1_152' title='bbox 1500 3165 1566 3226; x_wconf 88' lang='lat' dir='ltr'>nec</span> <span class='ocrx_word' id='word_1_153' title='bbox 1583 3143 1704 3219; x_wconf 89' lang='lat' dir='ltr'>deceat</span> 
     </span>
     <span class='ocr_line' id='line_1_17' title="bbox 294 3264 1704 3366; baseline 0.001 -24"><span class='ocrx_word' id='word_1_154' title='bbox 294 3272 422 3343; x_wconf 89' lang='lat' dir='ltr'>curiam</span> <span class='ocrx_word' id='word_1_155' title='bbox 441 3281 591 3342; x_wconf 89' lang='lat' dir='ltr'>nostram</span> <span class='ocrx_word' id='word_1_156' title='bbox 605 3267 834 3341; x_wconf 87' lang='lat' dir='ltr'>alienationes</span> <span class='ocrx_word' id='word_1_157' title='bbox 845 3266 1045 3358; x_wconf 90' lang='lat' dir='ltr'>hujusmodi</span> <span class='ocrx_word' id='word_1_158' title='bbox 1061 3268 1218 3358; x_wconf 91' lang='lat' dir='ltr'>tolerare,</span> <span class='ocrx_word' id='word_1_159' title='bbox 1233 3264 1389 3339; x_wconf 85' lang='lat' dir='ltr'>fidelitati</span> <span class='ocrx_word' id='word_1_160' title='bbox 1403 3277 1462 3339; x_wconf 91' lang='lat' dir='ltr'>tue</span> <span class='ocrx_word' id='word_1_161' title='bbox 1477 3269 1704 3366; x_wconf 90' lang='lat' dir='ltr'>precipiendo</span> 
     </span>
     <span class='ocr_line' id='line_1_18' title="bbox 294 3389 1704 3486; baseline 0.001 -20"><span class='ocrx_word' id='word_1_162' title='bbox 294 3392 499 3466; x_wconf 89' lang='lat' dir='ltr'>mandamns</span> <span class='ocrx_word' id='word_1_163' title='bbox 514 3398 687 3486; x_wconf 88' lang='lat' dir='ltr'>qnatenus</span> <span class='ocrx_word' id='word_1_164' title='bbox 705 3389 750 3463; x_wconf 90' lang='lat' dir='ltr'>de</span> <span class='ocrx_word' id='word_1_165' title='bbox 771 3389 947 3486; x_wconf 87' lang='lat' dir='ltr'>premissis</span> <span class='ocrx_word' id='word_1_166' title='bbox 970 3389 1224 3484; x_wconf 88' lang='lat' dir='ltr'>inquisitionem</span> <span class='ocrx_word' id='word_1_167' title='bbox 1243 3389 1348 3462; x_wconf 79' lang='lat' dir='ltr'>facias</span> <span class='ocrx_word' id='word_1_168' title='bbox 1367 3389 1579 3482; x_wconf 81' lang='lat' dir='ltr'>diligentem.</span> <span class='ocrx_word' id='word_1_169' title='bbox 1604 3393 1648 3466; x_wconf 86' lang='lat' dir='ltr'>Et</span> <span class='ocrx_word' id='word_1_170' title='bbox 1662 3414 1704 3467; x_wconf 90' lang='lat' dir='ltr'>ea</span> 
     </span>
     <span class='ocr_line' id='line_1_19' title="bbox 295 3513 1705 3612; baseline 0.002 -26"><span class='ocrx_word' id='word_1_171' title='bbox 295 3517 398 3606; x_wconf 84' lang='lat' dir='ltr'>lacta,</span> <span class='ocrx_word' id='word_1_172' title='bbox 414 3515 531 3588; x_wconf 90' lang='lat' dir='ltr'>omnia</span> <span class='ocrx_word' id='word_1_173' title='bbox 546 3537 616 3609; x_wconf 90' lang='lat' dir='ltr'>qne</span> <span class='ocrx_word' id='word_1_174' title='bbox 629 3535 692 3612; x_wconf 94' lang='lat' dir='ltr'>per</span> <span class='ocrx_word' id='word_1_175' title='bbox 710 3513 869 3586; x_wconf 93' lang='lat' dir='ltr'>eamdem</span> <span class='ocrx_word' id='word_1_176' title='bbox 888 3513 1061 3585; x_wconf 90' lang='lat' dir='ltr'>inveneris</span> <span class='ocrx_word' id='word_1_177' title='bbox 1078 3522 1261 3608; x_wconf 83' lang='lat' dir='ltr'>occupata,</span> <span class='ocrx_word' id='word_1_178' title='bbox 1280 3515 1405 3607; x_wconf 90' lang='lat' dir='ltr'>locata,</span> <span class='ocrx_word' id='word_1_179' title='bbox 1425 3515 1571 3589; x_wconf 90' lang='lat' dir='ltr'>alienata</span> <span class='ocrx_word' id='word_1_180' title='bbox 1588 3517 1705 3590; x_wconf 90' lang='lat' dir='ltr'>illicite</span> 
     </span>
     <span class='ocr_line' id='line_1_20' title="bbox 295 3635 1704 3736; baseline 0 -24"><span class='ocrx_word' id='word_1_181' title='bbox 295 3660 334 3712; x_wconf 88' lang='lat' dir='ltr'>ac</span> <span class='ocrx_word' id='word_1_182' title='bbox 350 3639 516 3711; x_wconf 88' lang='lat' dir='ltr'>distracta</span> <span class='ocrx_word' id='word_1_183' title='bbox 542 3637 587 3710; x_wconf 92' lang='lat' dir='ltr'>de</span> <span class='ocrx_word' id='word_1_184' title='bbox 611 3637 712 3710; x_wconf 92' lang='lat' dir='ltr'>bonis</span> <span class='ocrx_word' id='word_1_185' title='bbox 736 3635 894 3732; x_wconf 89' lang='lat' dir='ltr'>predicte</span> <span class='ocrx_word' id='word_1_186' title='bbox 920 3637 1076 3732; x_wconf 89' lang='lat' dir='ltr'>cappello</span> <span class='ocrx_word' id='word_1_187' title='bbox 1096 3647 1229 3728; x_wconf 91' lang='lat' dir='ltr'>nostre,</span> <span class='ocrx_word' id='word_1_188' title='bbox 1256 3637 1301 3712; x_wconf 91' lang='lat' dir='ltr'>ad</span> <span class='ocrx_word' id='word_1_189' title='bbox 1326 3639 1441 3728; x_wconf 87' lang='lat' dir='ltr'>juset</span> <span class='ocrx_word' id='word_1_190' title='bbox 1464 3641 1704 3736; x_wconf 88' lang='lat' dir='ltr'>proprietatem</span> 
     </span>
     <span class='ocr_line' id='line_1_21' title="bbox 297 3759 1705 3861; baseline 0.004 -29"><span class='ocrx_word' id='word_1_191' title='bbox 297 3762 402 3855; x_wconf 87' lang='lat' dir='ltr'>ipsius</span> <span class='ocrx_word' id='word_1_192' title='bbox 415 3761 569 3856; x_wconf 88' lang='lat' dir='ltr'>cappello</span> <span class='ocrx_word' id='word_1_193' title='bbox 582 3759 722 3833; x_wconf 88' lang='lat' dir='ltr'>studeas</span> <span class='ocrx_word' id='word_1_194' title='bbox 737 3780 913 3852; x_wconf 89' lang='lat' dir='ltr'>revocare,</span> <span class='ocrx_word' id='word_1_195' title='bbox 929 3781 1071 3855; x_wconf 89' lang='lat' dir='ltr'>presens</span> <span class='ocrx_word' id='word_1_196' title='bbox 1083 3759 1284 3833; x_wconf 89' lang='lat' dir='ltr'>mandatum</span> <span class='ocrx_word' id='word_1_197' title='bbox 1295 3769 1448 3835; x_wconf 91' lang='lat' dir='ltr'>nostram</span> <span class='ocrx_word' id='word_1_198' title='bbox 1463 3765 1574 3837; x_wconf 86' lang='lat' dir='ltr'>taliter</span> <span class='ocrx_word' id='word_1_199' title='bbox 1587 3765 1705 3861; x_wconf 76' lang='lat' dir='ltr'>imple</span> 
     </span>
     <span class='ocr_line' id='line_1_22' title="bbox 297 3881 1389 3957; baseline -0.002 -1"><span class='ocrx_word' id='word_1_200' title='bbox 297 3893 392 3956; x_wconf 84' lang='lat' dir='ltr'>turus</span> <span class='ocrx_word' id='word_1_201' title='bbox 414 3893 455 3957; x_wconf 90' lang='lat' dir='ltr'>ut</span> <span class='ocrx_word' id='word_1_202' title='bbox 470 3883 713 3957; x_wconf 89' lang='lat' dir='ltr'>sollicitudinis</span> <span class='ocrx_word' id='word_1_203' title='bbox 731 3891 790 3955; x_wconf 89' lang='lat' dir='ltr'>tue</span> <span class='ocrx_word' id='word_1_204' title='bbox 806 3881 962 3954; x_wconf 89' lang='lat' dir='ltr'>studium</span> <span class='ocrx_word' id='word_1_205' title='bbox 979 3883 1102 3955; x_wconf 90' lang='lat' dir='ltr'>merito</span> <span class='ocrx_word' id='word_1_206' title='bbox 1117 3881 1389 3956; x_wconf 88' lang='lat' dir='ltr'>commendetur.</span> 
     </span>
    </p>

    <p class='ocr_par' dir='ltr' id='par_1_6' title="bbox 341 4005 1213 4102">
     <span class='ocr_line' id='line_1_23' title="bbox 341 4005 1213 4102; baseline -0.002 -24"><span class='ocrx_word' id='word_1_207' title='bbox 341 4009 468 4080; x_wconf 87' lang='lat' dir='ltr'>Datum</span> <span class='ocrx_word' id='word_1_208' title='bbox 483 4007 637 4102; x_wconf 82' lang='lat' dir='ltr'>Fuligni,</span> <span class='ocrx_word' id='word_1_209' title='bbox 654 4005 700 4080; x_wconf 85' lang='lat' dir='ltr'>Vl</span> <span class='ocrx_word' id='word_1_210' title='bbox 712 4005 896 4096; x_wconf 79' lang='lat' dir='ltr'>februarii,</span> <span class='ocrx_word' id='word_1_211' title='bbox 911 4006 988 4078; x_wconf 87' lang='lat' dir='ltr'>Xlll</span> <span class='ocrx_word' id='word_1_212' title='bbox 1003 4006 1213 4078; x_wconf 88' lang='lat' dir='ltr'>indictionis.</span> 
     </span>
    </p>
   </div>
   <div class='ocr_carea' id='block_1_5' title="bbox 300 4295 1705 4838">
    <p class='ocr_par' dir='ltr' id='par_1_7' title="bbox 300 4295 1704 4659">
     <span class='ocr_line' id='line_1_24' title="bbox 300 4295 1704 4373; baseline 0.005 -21"><span class='ocrx_word' id='word_1_213' title='bbox 300 4297 414 4370; x_wconf 68' lang='lat' dir='ltr'>:ipsum</span> <span class='ocrx_word' id='word_1_214' title='bbox 424 4303 627 4372; x_wconf 87' lang='lat' dir='ltr'>preceptorem,</span> <span class='ocrx_word' id='word_1_215' title='bbox 641 4295 747 4354; x_wconf 82' lang='lat' dir='ltr'>fidelem</span> <span class='ocrx_word' id='word_1_216' title='bbox 763 4302 792 4353; x_wconf 85' lang='lat' dir='ltr'>et</span> <span class='ocrx_word' id='word_1_217' title='bbox 804 4296 930 4354; x_wconf 85' lang='lat' dir='ltr'>devotam</span> <span class='ocrx_word' id='word_1_218' title='bbox 949 4303 1084 4369; x_wconf 87' lang='lat' dir='ltr'>nostrum,</span> <span class='ocrx_word' id='word_1_219' title='bbox 1102 4303 1130 4356; x_wconf 87' lang='lat' dir='ltr'>at</span> <span class='ocrx_word' id='word_1_220' title='bbox 1140 4297 1250 4369; x_wconf 81' lang='lat' dir='ltr'>lintres,</span> <span class='ocrx_word' id='word_1_221' title='bbox 1265 4311 1328 4354; x_wconf 89' lang='lat' dir='ltr'>cum</span> <span class='ocrx_word' id='word_1_222' title='bbox 1342 4297 1477 4370; x_wconf 91' lang='lat' dir='ltr'>domibus,</span> <span class='ocrx_word' id='word_1_223' title='bbox 1490 4301 1704 4373; x_wconf 88' lang='lat' dir='ltr'>possessionibus</span> 
     </span>
     <span class='ocr_line' id='line_1_25' title="bbox 301 4393 1704 4470; baseline 0.007 -25"><span class='ocrx_word' id='word_1_224' title='bbox 301 4399 353 4450; x_wconf 75' lang='lat' dir='ltr'>»at</span> <span class='ocrx_word' id='word_1_225' title='bbox 374 4393 453 4452; x_wconf 85' lang='lat' dir='ltr'>bouis</span> <span class='ocrx_word' id='word_1_226' title='bbox 474 4395 546 4465; x_wconf 85' lang='lat' dir='ltr'>suis,</span> <span class='ocrx_word' id='word_1_227' title='bbox 568 4393 686 4451; x_wconf 83' lang='lat' dir='ltr'>habeant</span> <span class='ocrx_word' id='word_1_228' title='bbox 702 4407 754 4467; x_wconf 92' lang='lat' dir='ltr'>pro</span> <span class='ocrx_word' id='word_1_229' title='bbox 780 4399 872 4452; x_wconf 87' lang='lat' dir='ltr'>nostre</span> <span class='ocrx_word' id='word_1_230' title='bbox 892 4395 1039 4466; x_wconf 58' lang='lat' dir='ltr'>majetatis</span> <span class='ocrx_word' id='word_1_231' title='bbox 1063 4395 1212 4452; x_wconf 70' lang='lat' dir='ltr'>merenda</span> <span class='ocrx_word' id='word_1_232' title='bbox 1229 4395 1438 4456; x_wconf 83' lang='lat' dir='ltr'>commendatos.</span> <span class='ocrx_word' id='word_1_233' title='bbox 1459 4397 1500 4454; x_wconf 75' lang='lat' dir='ltr'>td</span> <span class='ocrx_word' id='word_1_234' title='bbox 1516 4397 1596 4470; x_wconf 78' lang='lat' dir='ltr'>huJ&#39;us</span> <span class='ocrx_word' id='word_1_235' title='bbox 1614 4404 1704 4456; x_wconf 86' lang='lat' dir='ltr'>autem</span> 
     </span>
     <span class='ocr_line' id='line_1_26' title="bbox 302 4489 1702 4568; baseline 0.004 -21"><span class='ocrx_word' id='word_1_236' title='bbox 302 4511 315 4538; x_wconf 83' lang='grc' dir='ltr'><strong>ι</strong></span> <span class='ocrx_word' id='word_1_237' title='bbox 329 4491 500 4564; x_wconf 66' lang='grc' dir='ltr'>ρωιοώοιιίε</span> <span class='ocrx_word' id='word_1_238' title='bbox 512 4498 604 4548; x_wconf 83' lang='lat' dir='ltr'>nostre</span> <span class='ocrx_word' id='word_1_239' title='bbox 615 4490 791 4562; x_wconf 84' lang='lat' dir='ltr'>memoriam,</span> <span class='ocrx_word' id='word_1_240' title='bbox 805 4489 979 4548; x_wconf 79' lang='lat' dir='ltr'>stabilitatem</span> <span class='ocrx_word' id='word_1_241' title='bbox 990 4496 1018 4548; x_wconf 88' lang='lat' dir='ltr'>et</span> <span class='ocrx_word' id='word_1_242' title='bbox 1029 4490 1197 4562; x_wconf 85' lang='lat' dir='ltr'>firmitatem,</span> <span class='ocrx_word' id='word_1_243' title='bbox 1207 4507 1336 4566; x_wconf 86' lang='lat' dir='ltr'>praesens</span> <span class='ocrx_word' id='word_1_244' title='bbox 1351 4493 1479 4567; x_wconf 75' lang='lat' dir='ltr'>scriptam</span> <span class='ocrx_word' id='word_1_245' title='bbox 1491 4493 1548 4551; x_wconf 84' lang='lat' dir='ltr'>lieri</span> <span class='ocrx_word' id='word_1_246' title='bbox 1558 4495 1702 4568; x_wconf 87' lang='lat' dir='ltr'>jussimus,</span> 
     </span>
     <span class='ocr_line' id='line_1_27' title="bbox 302 4587 832 4659; baseline -0.009 -14"><span class='ocrx_word' id='word_1_247' title='bbox 302 4588 411 4645; x_wconf 72' lang='lat' dir='ltr'>»metu</span> <span class='ocrx_word' id='word_1_248' title='bbox 425 4587 555 4650; x_wconf 83' lang='lat' dir='ltr'>culminia¹</span> <span class='ocrx_word' id='word_1_249' title='bbox 563 4587 648 4659; x_wconf 77' lang='lat' dir='ltr'>sigillo</span> <span class='ocrx_word' id='word_1_250' title='bbox 661 4588 832 4644; x_wconf 77' lang='lat' dir='ltr'>munitum.»</span> 
     </span>
    </p>

    <p class='ocr_par' dir='ltr' id='par_1_8' title="bbox 300 4683 1705 4838">
     <span class='ocr_line' id='line_1_28' title="bbox 333 4683 1705 4764; baseline 0.007 -25"><span class='ocrx_word' id='word_1_251' title='bbox 333 4684 366 4756; x_wconf 81' lang='lat' dir='ltr'>(t)</span> <span class='ocrx_word' id='word_1_252' title='bbox 385 4684 492 4742; x_wconf 86' lang='lat' dir='ltr'>Scilicet</span> <span class='ocrx_word' id='word_1_253' title='bbox 504 4683 603 4758; x_wconf 83' lang='lat' dir='ltr'>judicis</span> <span class='ocrx_word' id='word_1_254' title='bbox 614 4683 687 4742; x_wconf 84' lang='lat' dir='ltr'>Petri</span> <span class='ocrx_word' id='word_1_255' title='bbox 700 4684 735 4741; x_wconf 86' lang='lat' dir='ltr'>da</span> <span class='ocrx_word' id='word_1_256' title='bbox 748 4683 834 4743; x_wconf 83' lang='lat' dir='ltr'>Vinea</span> <span class='ocrx_word' id='word_1_257' title='bbox 852 4699 947 4757; x_wconf 85' lang='lat' dir='ltr'>napos,</span> <span class='ocrx_word' id='word_1_258' title='bbox 961 4683 1025 4741; x_wconf 89' lang='lat' dir='ltr'>dum</span> <span class='ocrx_word' id='word_1_259' title='bbox 1036 4684 1209 4744; x_wconf 85' lang='lat' dir='ltr'>Thomasium</span> <span class='ocrx_word' id='word_1_260' title='bbox 1219 4687 1253 4746; x_wconf 87' lang='lat' dir='ltr'>de</span> <span class='ocrx_word' id='word_1_261' title='bbox 1265 4689 1351 4748; x_wconf 84' lang='lat' dir='ltr'>Vinea</span> <span class='ocrx_word' id='word_1_262' title='bbox 1360 4689 1431 4748; x_wconf 82' lang='lat' dir='ltr'>Petri</span> <span class='ocrx_word' id='word_1_263' title='bbox 1437 4690 1548 4748; x_wconf 81' lang='lat' dir='ltr'>tratrem</span> <span class='ocrx_word' id='word_1_264' title='bbox 1558 4691 1705 4764; x_wconf 76' lang='lat' dir='ltr'>genitorem</span> 
     </span>
     <span class='ocr_line' id='line_1_29' title="bbox 300 4775 425 4838; baseline -0.016 0"><span class='ocrx_word' id='word_1_265' title='bbox 300 4775 425 4838; x_wconf 77' lang='lat' dir='ltr'>babuerit.</span> 
     </span>
    </p>
   </div>
   <div class='ocr_carea' id='block_1_6' title="bbox 0 0 2278 6004">
    <p class='ocr_par' dir='ltr' id='par_1_9' title="bbox 0 0 2278 6004">
     <span class='ocr_line' id='line_1_30' title="bbox 0 0 2278 6004; baseline 0 0"><span class='ocrx_word' id='word_1_266' title='bbox 0 0 2278 6004; x_wconf 95' lang='lat' dir='ltr'> </span> 
     </span>
    </p>
   </div>
  </div>
 </body>
</html>
