<?xml version="1.0" encoding="UTF-8"?>
<!DOCTYPE html PUBLIC "-//W3C//DTD XHTML 1.0 Transitional//EN"
    "http://www.w3.org/TR/xhtml1/DTD/xhtml1-transitional.dtd">
<html xmlns="http://www.w3.org/1999/xhtml" xml:lang="en" lang="en">
 <head>
  <title>
</title>
<meta http-equiv="Content-Type" content="text/html;charset=utf-8" />
  <meta name='ocr-system' content='tesseract 3.04.00' />
  <meta name='ocr-capabilities' content='ocr_page ocr_carea ocr_par ocr_line ocrx_word'/>
</head>
<body>
  <div class='ocr_page' id='page_1' title='image "./historiadiploma01fredgoog_0590.png"; bbox 0 0 4564 6038; ppageno 0'>
   <div class='ocr_carea' id='block_1_1' title="bbox 589 707 1440 773">
    <p class='ocr_par' dir='ltr' id='par_1_1' title="bbox 589 707 1440 773">
     <span class='ocr_line' id='line_1_1' title="bbox 589 707 1440 773; baseline 0.004 -5"><span class='ocrx_word' id='word_1_1' title='bbox 589 707 667 768; x_wconf 73' lang='lat'>1224</span> <span class='ocrx_word' id='word_1_2' title='bbox 1134 711 1440 773; x_wconf 67' lang='lat' dir='ltr'>acutratrttttfrn.</span> 
     </span>
    </p>
   </div>
   <div class='ocr_carea' id='block_1_2' title="bbox 584 843 2033 4874">
    <p class='ocr_par' dir='ltr' id='par_1_2' title="bbox 585 843 1991 3150">
     <span class='ocr_line' id='line_1_2' title="bbox 587 843 1986 939; baseline 0.001 -26"><span class='ocrx_word' id='word_1_3' title='bbox 587 843 795 932; x_wconf 90' lang='lat' dir='ltr'>Januenses,</span> <span class='ocrx_word' id='word_1_4' title='bbox 816 853 962 939; x_wconf 90' lang='lat' dir='ltr'>utraque</span> <span class='ocrx_word' id='word_1_5' title='bbox 990 847 1216 918; x_wconf 87' lang='lat' dir='ltr'>communitas</span> <span class='ocrx_word' id='word_1_6' title='bbox 1239 857 1418 918; x_wconf 86' lang='lat' dir='ltr'>teneantur</span> <span class='ocrx_word' id='word_1_7' title='bbox 1441 845 1526 915; x_wconf 86' lang='lat' dir='ltr'>infra</span> <span class='ocrx_word' id='word_1_8' title='bbox 1546 844 1694 938; x_wconf 91' lang='lat' dir='ltr'>spatium</span> <span class='ocrx_word' id='word_1_9' title='bbox 1716 843 1820 914; x_wconf 89' lang='lat' dir='ltr'>unius</span> <span class='ocrx_word' id='word_1_10' title='bbox 1844 844 1986 932; x_wconf 84' lang='lat' dir='ltr'>mensis,</span> 
     </span>
     <span class='ocr_line' id='line_1_3' title="bbox 588 966 1991 1062; baseline 0 -26"><span class='ocrx_word' id='word_1_11' title='bbox 588 975 766 1058; x_wconf 80' lang='lat' dir='ltr'><strong>postquam</strong></span> <span class='ocrx_word' id='word_1_12' title='bbox 787 968 888 1039; x_wconf 90' lang='lat' dir='ltr'>fuerit</span> <span class='ocrx_word' id='word_1_13' title='bbox 907 969 939 1039; x_wconf 92' lang='lat' dir='ltr'>ei</span> <span class='ocrx_word' id='word_1_14' title='bbox 957 971 1188 1040; x_wconf 85' lang='lat' dir='ltr'>renuntiatum</span> <span class='ocrx_word' id='word_1_15' title='bbox 1207 981 1241 1040; x_wconf 89' lang='lat' dir='ltr'>et</span> <span class='ocrx_word' id='word_1_16' title='bbox 1262 969 1462 1062; x_wconf 80' lang='lat' dir='ltr'>requisitum</span> <span class='ocrx_word' id='word_1_17' title='bbox 1483 967 1528 1038; x_wconf 89' lang='lat' dir='ltr'>ab</span> <span class='ocrx_word' id='word_1_18' title='bbox 1548 967 1673 1054; x_wconf 82' lang='lat' dir='ltr'>altera,</span> <span class='ocrx_word' id='word_1_19' title='bbox 1695 967 1825 1037; x_wconf 90' lang='lat' dir='ltr'>mittere</span> <span class='ocrx_word' id='word_1_20' title='bbox 1844 966 1879 1057; x_wconf 84' lang='lat' dir='ltr'>in</span> <span class='ocrx_word' id='word_1_21' title='bbox 1898 986 1991 1036; x_wconf 91' lang='lat' dir='ltr'>mare</span> 
     </span>
     <span class='ocr_line' id='line_1_4' title="bbox 587 1089 1990 1184; baseline 0.004 -27"><span class='ocrx_word' id='word_1_22' title='bbox 587 1097 639 1159; x_wconf 86' lang='lat' dir='ltr'>tot</span> <span class='ocrx_word' id='word_1_23' title='bbox 656 1099 690 1159; x_wconf 90' lang='lat' dir='ltr'>et</span> <span class='ocrx_word' id='word_1_24' title='bbox 710 1090 788 1160; x_wconf 84' lang='lat' dir='ltr'>talia</span> <span class='ocrx_word' id='word_1_25' title='bbox 807 1090 898 1176; x_wconf 77' lang='lat' dir='ltr'>fipna</span> <span class='ocrx_word' id='word_1_26' title='bbox 920 1103 1004 1184; x_wconf 90' lang='lat' dir='ltr'>quot</span> <span class='ocrx_word' id='word_1_27' title='bbox 1029 1101 1062 1160; x_wconf 92' lang='lat' dir='ltr'>ot</span> <span class='ocrx_word' id='word_1_28' title='bbox 1080 1093 1193 1184; x_wconf 86' lang='lat' dir='ltr'>quafia</span> <span class='ocrx_word' id='word_1_29' title='bbox 1218 1091 1445 1163; x_wconf 87' lang='lat' dir='ltr'>communitas</span> <span class='ocrx_word' id='word_1_30' title='bbox 1468 1089 1681 1161; x_wconf 82' lang='lat' dir='ltr'>denuncians</span> <span class='ocrx_word' id='word_1_31' title='bbox 1704 1089 1853 1162; x_wconf 85' lang='lat' dir='ltr'>voluerit</span> <span class='ocrx_word' id='word_1_32' title='bbox 1875 1111 1937 1182; x_wconf 88' lang='lat' dir='ltr'>per</span> <span class='ocrx_word' id='word_1_33' title='bbox 1953 1109 1990 1162; x_wconf 87' lang='lat' dir='ltr'>se</span> 
     </span>
     <span class='ocr_line' id='line_1_5' title="bbox 588 1210 1988 1300; baseline 0.001 -20"><span class='ocrx_word' id='word_1_34' title='bbox 588 1211 720 1282; x_wconf 89' lang='lat' dir='ltr'>mittere</span> <span class='ocrx_word' id='word_1_35' title='bbox 744 1212 788 1282; x_wconf 91' lang='lat' dir='ltr'>ad</span> <span class='ocrx_word' id='word_1_36' title='bbox 805 1213 1048 1285; x_wconf 87' lang='lat' dir='ltr'>offendendum</span> <span class='ocrx_word' id='word_1_37' title='bbox 1069 1215 1143 1286; x_wconf 88' lang='lat' dir='ltr'>iffos</span> <span class='ocrx_word' id='word_1_38' title='bbox 1163 1216 1395 1285; x_wconf 81' lang='lat' dir='ltr'>malefactores</span> <span class='ocrx_word' id='word_1_39' title='bbox 1412 1223 1446 1284; x_wconf 89' lang='lat' dir='ltr'>et</span> <span class='ocrx_word' id='word_1_40' title='bbox 1462 1212 1595 1300; x_wconf 87' lang='lat' dir='ltr'>hostes,</span> <span class='ocrx_word' id='word_1_41' title='bbox 1614 1222 1648 1283; x_wconf 88' lang='lat' dir='ltr'>et</span> <span class='ocrx_word' id='word_1_42' title='bbox 1667 1210 1712 1283; x_wconf 92' lang='lat' dir='ltr'>ad</span> <span class='ocrx_word' id='word_1_43' title='bbox 1732 1210 1988 1285; x_wconf 88' lang='lat' dir='ltr'>defendendum</span> 
     </span>
     <span class='ocr_line' id='line_1_6' title="bbox 587 1333 1990 1429; baseline 0.003 -27"><span class='ocrx_word' id='word_1_44' title='bbox 587 1333 732 1405; x_wconf 84' lang='lat' dir='ltr'>Venetos</span> <span class='ocrx_word' id='word_1_45' title='bbox 750 1345 784 1405; x_wconf 89' lang='lat' dir='ltr'>et</span> <span class='ocrx_word' id='word_1_46' title='bbox 802 1337 991 1407; x_wconf 84' lang='lat' dir='ltr'>Ianuenses</span> <span class='ocrx_word' id='word_1_47' title='bbox 1005 1335 1049 1406; x_wconf 87' lang='lat' dir='ltr'>ab</span> <span class='ocrx_word' id='word_1_48' title='bbox 1061 1337 1127 1416; x_wconf 86' lang='lat' dir='ltr'>eis;</span> <span class='ocrx_word' id='word_1_49' title='bbox 1146 1337 1261 1408; x_wconf 86' lang='lat' dir='ltr'>omnia</span> <span class='ocrx_word' id='word_1_50' title='bbox 1277 1336 1394 1429; x_wconf 91' lang='lat' dir='ltr'>quein</span> <span class='ocrx_word' id='word_1_51' title='bbox 1410 1335 1476 1406; x_wconf 89' lang='lat' dir='ltr'>hoc</span> <span class='ocrx_word' id='word_1_52' title='bbox 1489 1335 1639 1428; x_wconf 88' lang='lat' dir='ltr'>capitulo</span> <span class='ocrx_word' id='word_1_53' title='bbox 1654 1335 1871 1406; x_wconf 89' lang='lat' dir='ltr'>continentur</span> <span class='ocrx_word' id='word_1_54' title='bbox 1885 1334 1990 1408; x_wconf 91' lang='lat' dir='ltr'>iutel-</span> 
     </span>
     <span class='ocr_line' id='line_1_7' title="bbox 589 1455 1989 1550; baseline 0.003 -26"><span class='ocrx_word' id='word_1_55' title='bbox 589 1455 726 1548; x_wconf 86' lang='lat' dir='ltr'>ligendo</span> <span class='ocrx_word' id='word_1_56' title='bbox 739 1455 867 1528; x_wconf 88' lang='lat' dir='ltr'>habere</span> <span class='ocrx_word' id='word_1_57' title='bbox 883 1457 996 1528; x_wconf 89' lang='lat' dir='ltr'>locum</span> <span class='ocrx_word' id='word_1_58' title='bbox 1012 1457 1166 1528; x_wconf 83' lang='lat' dir='ltr'>simititer</span> <span class='ocrx_word' id='word_1_59' title='bbox 1180 1457 1209 1530; x_wconf 92' lang='lat' dir='ltr'>si</span> <span class='ocrx_word' id='word_1_60' title='bbox 1226 1479 1294 1550; x_wconf 91' lang='lat' dir='ltr'>qua</span> <span class='ocrx_word' id='word_1_61' title='bbox 1309 1479 1393 1550; x_wconf 79' lang='lat' dir='ltr'>gens</span> <span class='ocrx_word' id='word_1_62' title='bbox 1408 1455 1593 1528; x_wconf 89' lang='lat' dir='ltr'>christiana</span> <span class='ocrx_word' id='word_1_63' title='bbox 1609 1455 1665 1526; x_wconf 89' lang='lat' dir='ltr'>vef</span> <span class='ocrx_word' id='word_1_64' title='bbox 1681 1455 1805 1548; x_wconf 87' lang='lat' dir='ltr'>aliquis</span> <span class='ocrx_word' id='word_1_65' title='bbox 1816 1456 1989 1546; x_wconf 82' lang='lat' dir='ltr'>cursarius</span> 
     </span>
     <span class='ocr_line' id='line_1_8' title="bbox 587 1575 1990 1674; baseline 0.002 -26"><span class='ocrx_word' id='word_1_66' title='bbox 587 1579 697 1650; x_wconf 81' lang='lat' dir='ltr'>exiret</span> <span class='ocrx_word' id='word_1_67' title='bbox 716 1578 818 1652; x_wconf 91' lang='lat' dir='ltr'>modo</span> <span class='ocrx_word' id='word_1_68' title='bbox 837 1579 993 1674; x_wconf 90' lang='lat' dir='ltr'>predicto</span> <span class='ocrx_word' id='word_1_69' title='bbox 1016 1579 1049 1649; x_wconf 90' lang='lat' dir='ltr'>in</span> <span class='ocrx_word' id='word_1_70' title='bbox 1072 1601 1166 1652; x_wconf 89' lang='lat' dir='ltr'>mare</span> <span class='ocrx_word' id='word_1_71' title='bbox 1184 1603 1346 1672; x_wconf 80' lang='lat' dir='ltr'>magnum</span> <span class='ocrx_word' id='word_1_72' title='bbox 1369 1591 1468 1652; x_wconf 80' lang='lat' dir='ltr'>extra</span> <span class='ocrx_word' id='word_1_73' title='bbox 1483 1578 1630 1648; x_wconf 89' lang='lat' dir='ltr'>Cretam.</span> <span class='ocrx_word' id='word_1_74' title='bbox 1649 1617 1695 1631; x_wconf 90' lang='lat'><em>-</em></span> <span class='ocrx_word' id='word_1_75' title='bbox 1715 1578 1797 1648; x_wconf 87' lang='lat' dir='ltr'>Item</span> <span class='ocrx_word' id='word_1_76' title='bbox 1814 1575 1911 1670; x_wconf 90' lang='lat' dir='ltr'>qnod</span> <span class='ocrx_word' id='word_1_77' title='bbox 1928 1579 1990 1651; x_wconf 87' lang='lat' dir='ltr'>Ja-</span> 
     </span>
     <span class='ocr_line' id='line_1_9' title="bbox 585 1689 1988 1796; baseline 0 -25"><span class='ocrx_word' id='word_1_78' title='bbox 585 1722 735 1774; x_wconf 85' lang='lat' dir='ltr'>nuenses</span> <span class='ocrx_word' id='word_1_79' title='bbox 748 1711 782 1772; x_wconf 85' lang='lat' dir='ltr'>et</span> <span class='ocrx_word' id='word_1_80' title='bbox 800 1703 917 1774; x_wconf 89' lang='lat' dir='ltr'>Veneti</span> <span class='ocrx_word' id='word_1_81' title='bbox 938 1725 998 1796; x_wconf 92' lang='lat' dir='ltr'>per</span> <span class='ocrx_word' id='word_1_82' title='bbox 1018 1689 1114 1774; x_wconf 41' lang='lat' dir='ltr'>marex</span> <span class='ocrx_word' id='word_1_83' title='bbox 1136 1703 1335 1796; x_wconf 80' lang='lat' dir='ltr'>navigantes</span> <span class='ocrx_word' id='word_1_84' title='bbox 1354 1703 1389 1772; x_wconf 92' lang='lat' dir='ltr'>in</span> <span class='ocrx_word' id='word_1_85' title='bbox 1413 1701 1567 1794; x_wconf 85' lang='lat' dir='ltr'>quotibet</span> <span class='ocrx_word' id='word_1_86' title='bbox 1587 1701 1680 1793; x_wconf 83' lang='lat' dir='ltr'>ligno</span> <span class='ocrx_word' id='word_1_87' title='bbox 1694 1722 1755 1794; x_wconf 89' lang='lat' dir='ltr'>per</span> <span class='ocrx_word' id='word_1_88' title='bbox 1775 1701 1919 1794; x_wconf 81' lang='lat' dir='ltr'>pelagus</span> <span class='ocrx_word' id='word_1_89' title='bbox 1934 1701 1988 1771; x_wconf 93' lang='lat' dir='ltr'>in·</span> 
     </span>
     <span class='ocr_line' id='line_1_10' title="bbox 586 1816 1989 1919; baseline -0.001 -23"><span class='ocrx_word' id='word_1_90' title='bbox 586 1825 696 1918; x_wconf 81' lang='lat' dir='ltr'>signia</span> <span class='ocrx_word' id='word_1_91' title='bbox 713 1825 892 1918; x_wconf 90' lang='lat' dir='ltr'>utriusque</span> <span class='ocrx_word' id='word_1_92' title='bbox 907 1827 1160 1896; x_wconf 77' lang='lat' dir='ltr'>communitatis</span> <span class='ocrx_word' id='word_1_93' title='bbox 1178 1835 1324 1919; x_wconf 88' lang='lat' dir='ltr'>portent,</span> <span class='ocrx_word' id='word_1_94' title='bbox 1340 1825 1499 1897; x_wconf 87' lang='lat' dir='ltr'>videficet</span> <span class='ocrx_word' id='word_1_95' title='bbox 1516 1825 1568 1895; x_wconf 90' lang='lat' dir='ltr'>sui</span> <span class='ocrx_word' id='word_1_96' title='bbox 1588 1816 1781 1904; x_wconf 80' lang='lat' dir='ltr'>communis</span> <span class='ocrx_word' id='word_1_97' title='bbox 1794 1823 1827 1894; x_wconf 94' lang='lat' dir='ltr'>in</span> <span class='ocrx_word' id='word_1_98' title='bbox 1846 1821 1989 1896; x_wconf 78' lang='lat' dir='ltr'>dextera</span> 
     </span>
     <span class='ocr_line' id='line_1_11' title="bbox 585 1947 1989 2043; baseline 0 -25"><span class='ocrx_word' id='word_1_99' title='bbox 585 1963 619 2018; x_wconf 89' lang='lat' dir='ltr'>et</span> <span class='ocrx_word' id='word_1_100' title='bbox 635 1950 774 2020; x_wconf 85' lang='lat' dir='ltr'>atterius</span> <span class='ocrx_word' id='word_1_101' title='bbox 791 1950 824 2018; x_wconf 89' lang='lat' dir='ltr'>in</span> <span class='ocrx_word' id='word_1_102' title='bbox 843 1950 980 2020; x_wconf 85' lang='lat' dir='ltr'>alteram</span> <span class='ocrx_word' id='word_1_103' title='bbox 998 1963 1141 2042; x_wconf 73' lang='lat' dir='ltr'>partein.</span> <span class='ocrx_word' id='word_1_104' title='bbox 1159 1990 1205 2002; x_wconf 90' lang='lat'>--</span> <span class='ocrx_word' id='word_1_105' title='bbox 1226 1951 1307 2020; x_wconf 83' lang='lat' dir='ltr'>item</span> <span class='ocrx_word' id='word_1_106' title='bbox 1324 1949 1419 2042; x_wconf 92' lang='lat' dir='ltr'>quod</span> <span class='ocrx_word' id='word_1_107' title='bbox 1437 1947 1589 2043; x_wconf 90' lang='lat' dir='ltr'>predicta</span> <span class='ocrx_word' id='word_1_108' title='bbox 1601 1947 1781 2018; x_wconf 88' lang='lat' dir='ltr'>concordia</span> <span class='ocrx_word' id='word_1_109' title='bbox 1794 1957 1829 2018; x_wconf 89' lang='lat' dir='ltr'>et</span> <span class='ocrx_word' id='word_1_110' title='bbox 1846 1948 1989 2019; x_wconf 89' lang='lat' dir='ltr'>societas</span> 
     </span>
     <span class='ocr_line' id='line_1_12' title="bbox 586 2069 1988 2167; baseline -0.001 -25"><span class='ocrx_word' id='word_1_111' title='bbox 586 2084 767 2143; x_wconf 89' lang='lat' dir='ltr'>serventur</span> <span class='ocrx_word' id='word_1_112' title='bbox 786 2073 830 2144; x_wconf 92' lang='lat' dir='ltr'>ab</span> <span class='ocrx_word' id='word_1_113' title='bbox 851 2083 997 2167; x_wconf 89' lang='lat' dir='ltr'>utraque</span> <span class='ocrx_word' id='word_1_114' title='bbox 1016 2073 1258 2144; x_wconf 86' lang='lat' dir='ltr'>communitate</span> <span class='ocrx_word' id='word_1_115' title='bbox 1276 2073 1494 2144; x_wconf 82' lang='lat' dir='ltr'>venetiarum</span> <span class='ocrx_word' id='word_1_116' title='bbox 1518 2082 1552 2142; x_wconf 87' lang='lat' dir='ltr'>et</span> <span class='ocrx_word' id='word_1_117' title='bbox 1573 2071 1794 2144; x_wconf 84' lang='lat' dir='ltr'>Januensium</span> <span class='ocrx_word' id='word_1_118' title='bbox 1817 2069 1988 2164; x_wconf 90' lang='lat' dir='ltr'>usquead</span> 
     </span>
     <span class='ocr_line' id='line_1_13' title="bbox 587 2192 1987 2289; baseline -0.001 -24"><span class='ocrx_word' id='word_1_119' title='bbox 587 2215 711 2266; x_wconf 91' lang='lat' dir='ltr'>novem</span> <span class='ocrx_word' id='word_1_120' title='bbox 728 2215 835 2266; x_wconf 92' lang='lat' dir='ltr'>annos</span> <span class='ocrx_word' id='word_1_121' title='bbox 853 2205 887 2266; x_wconf 88' lang='lat' dir='ltr'>et</span> <span class='ocrx_word' id='word_1_122' title='bbox 902 2194 946 2267; x_wconf 90' lang='lat' dir='ltr'>de</span> <span class='ocrx_word' id='word_1_123' title='bbox 968 2206 1090 2289; x_wconf 87' lang='lat' dir='ltr'>quarto</span> <span class='ocrx_word' id='word_1_124' title='bbox 1109 2198 1143 2266; x_wconf 92' lang='lat' dir='ltr'>in</span> <span class='ocrx_word' id='word_1_125' title='bbox 1157 2205 1315 2288; x_wconf 89' lang='lat' dir='ltr'>quartum</span> <span class='ocrx_word' id='word_1_126' title='bbox 1339 2217 1468 2266; x_wconf 90' lang='lat' dir='ltr'>annum</span> <span class='ocrx_word' id='word_1_127' title='bbox 1488 2205 1695 2266; x_wconf 89' lang='lat' dir='ltr'>renoventur</span> <span class='ocrx_word' id='word_1_128' title='bbox 1713 2204 1927 2264; x_wconf 88' lang='lat' dir='ltr'>sacramenta</span> <span class='ocrx_word' id='word_1_129' title='bbox 1943 2192 1987 2264; x_wconf 90' lang='lat' dir='ltr'>ab</span> 
     </span>
     <span class='ocr_line' id='line_1_14' title="bbox 586 2315 1986 2411; baseline -0.003 -21"><span class='ocrx_word' id='word_1_130' title='bbox 586 2330 731 2411; x_wconf 89' lang='lat' dir='ltr'>utraque</span> <span class='ocrx_word' id='word_1_131' title='bbox 740 2319 982 2390; x_wconf 90' lang='lat' dir='ltr'>communitate</span> <span class='ocrx_word' id='word_1_132' title='bbox 995 2318 1040 2390; x_wconf 91' lang='lat' dir='ltr'>de</span> <span class='ocrx_word' id='word_1_133' title='bbox 1054 2319 1144 2390; x_wconf 88' lang='lat' dir='ltr'>dicta</span> <span class='ocrx_word' id='word_1_134' title='bbox 1159 2317 1687 2391; x_wconf 88' lang='lat' dir='ltr'>concordiaobservanda.-Et</span> <span class='ocrx_word' id='word_1_135' title='bbox 1699 2317 1728 2387; x_wconf 90' lang='lat' dir='ltr'>si</span> <span class='ocrx_word' id='word_1_136' title='bbox 1739 2315 1871 2410; x_wconf 86' lang='lat' dir='ltr'>aliquid</span> <span class='ocrx_word' id='word_1_137' title='bbox 1881 2337 1986 2388; x_wconf 90' lang='lat' dir='ltr'>emer·</span> 
     </span>
     <span class='ocr_line' id='line_1_15' title="bbox 586 2439 1987 2534; baseline -0.003 -20"><span class='ocrx_word' id='word_1_138' title='bbox 586 2441 668 2514; x_wconf 87' lang='lat' dir='ltr'>serit</span> <span class='ocrx_word' id='word_1_139' title='bbox 688 2441 775 2513; x_wconf 86' lang='lat' dir='ltr'>inter</span> <span class='ocrx_word' id='word_1_140' title='bbox 796 2441 907 2514; x_wconf 89' lang='lat' dir='ltr'>dictas</span> <span class='ocrx_word' id='word_1_141' title='bbox 923 2443 1183 2513; x_wconf 81' lang='lat' dir='ltr'>communitates</span> <span class='ocrx_word' id='word_1_142' title='bbox 1206 2440 1301 2534; x_wconf 92' lang='lat' dir='ltr'>qnod</span> <span class='ocrx_word' id='word_1_143' title='bbox 1326 2462 1395 2511; x_wconf 94' lang='lat' dir='ltr'>non</span> <span class='ocrx_word' id='word_1_144' title='bbox 1414 2451 1526 2533; x_wconf 89' lang='lat' dir='ltr'>posset</span> <span class='ocrx_word' id='word_1_145' title='bbox 1543 2441 1588 2512; x_wconf 89' lang='lat' dir='ltr'>ab</span> <span class='ocrx_word' id='word_1_146' title='bbox 1613 2440 1742 2516; x_wconf 90' lang='lat' dir='ltr'>eisdem</span> <span class='ocrx_word' id='word_1_147' title='bbox 1760 2439 1987 2510; x_wconf 89' lang='lat' dir='ltr'>communita·</span> 
     </span>
     <span class='ocr_line' id='line_1_16' title="bbox 586 2562 1987 2658; baseline -0.001 -24"><span class='ocrx_word' id='word_1_148' title='bbox 586 2565 678 2636; x_wconf 87' lang='lat' dir='ltr'>tibus</span> <span class='ocrx_word' id='word_1_149' title='bbox 689 2565 788 2636; x_wconf 86' lang='lat' dir='ltr'>facile</span> <span class='ocrx_word' id='word_1_150' title='bbox 804 2565 936 2653; x_wconf 82' lang='lat' dir='ltr'>dirimi,</span> <span class='ocrx_word' id='word_1_151' title='bbox 952 2565 1091 2636; x_wconf 90' lang='lat' dir='ltr'>arbitrio</span> <span class='ocrx_word' id='word_1_152' title='bbox 1107 2565 1232 2635; x_wconf 89' lang='lat' dir='ltr'>summi</span> <span class='ocrx_word' id='word_1_153' title='bbox 1254 2562 1424 2658; x_wconf 89' lang='lat' dir='ltr'>pontificis</span> <span class='ocrx_word' id='word_1_154' title='bbox 1438 2563 1629 2635; x_wconf 79' lang='lat' dir='ltr'>dirimatur.</span> <span class='ocrx_word' id='word_1_155' title='bbox 1643 2603 1690 2618; x_wconf 92' lang='lat'>-·</span> <span class='ocrx_word' id='word_1_156' title='bbox 1707 2564 1789 2634; x_wconf 89' lang='lat' dir='ltr'>ltam</span> <span class='ocrx_word' id='word_1_157' title='bbox 1807 2572 1987 2633; x_wconf 90' lang='lat' dir='ltr'>teneantur</span> 
     </span>
     <span class='ocr_line' id='line_1_17' title="bbox 586 2685 1986 2781; baseline -0.003 -21"><span class='ocrx_word' id='word_1_158' title='bbox 586 2687 685 2760; x_wconf 89' lang='lat' dir='ltr'>ambe</span> <span class='ocrx_word' id='word_1_159' title='bbox 699 2691 960 2760; x_wconf 82' lang='lat' dir='ltr'>communitates</span> <span class='ocrx_word' id='word_1_160' title='bbox 978 2687 1023 2760; x_wconf 92' lang='lat' dir='ltr'>ad</span> <span class='ocrx_word' id='word_1_161' title='bbox 1043 2687 1191 2758; x_wconf 91' lang='lat' dir='ltr'>invicem</span> <span class='ocrx_word' id='word_1_162' title='bbox 1204 2707 1272 2758; x_wconf 92' lang='lat' dir='ltr'>non</span> <span class='ocrx_word' id='word_1_163' title='bbox 1288 2687 1399 2758; x_wconf 89' lang='lat' dir='ltr'>facere</span> <span class='ocrx_word' id='word_1_164' title='bbox 1410 2707 1522 2778; x_wconf 90' lang='lat' dir='ltr'>usque</span> <span class='ocrx_word' id='word_1_165' title='bbox 1539 2686 1584 2758; x_wconf 88' lang='lat' dir='ltr'>ad</span> <span class='ocrx_word' id='word_1_166' title='bbox 1599 2685 1790 2781; x_wconf 87' lang='lat' dir='ltr'>predictum</span> <span class='ocrx_word' id='word_1_167' title='bbox 1804 2686 1986 2758; x_wconf 87' lang='lat' dir='ltr'>terminum</span> 
     </span>
     <span class='ocr_line' id='line_1_18' title="bbox 587 2808 1987 2904; baseline -0.001 -24"><span class='ocrx_word' id='word_1_168' title='bbox 587 2830 710 2882; x_wconf 89' lang='lat' dir='ltr'>novem</span> <span class='ocrx_word' id='word_1_169' title='bbox 729 2831 896 2881; x_wconf 91' lang='lat' dir='ltr'>annornm</span> <span class='ocrx_word' id='word_1_170' title='bbox 920 2831 1000 2880; x_wconf 91' lang='lat' dir='ltr'>cum</span> <span class='ocrx_word' id='word_1_171' title='bbox 1025 2809 1164 2880; x_wconf 91' lang='lat' dir='ltr'>domino</span> <span class='ocrx_word' id='word_1_172' title='bbox 1190 2809 1395 2904; x_wconf 81' lang='lat' dir='ltr'>imperatore</span> <span class='ocrx_word' id='word_1_173' title='bbox 1420 2810 1646 2880; x_wconf 85' lang='lat' dir='ltr'>Romanorum</span> <span class='ocrx_word' id='word_1_174' title='bbox 1665 2808 1818 2902; x_wconf 82' lang='lat' dir='ltr'>atiquam</span> <span class='ocrx_word' id='word_1_175' title='bbox 1841 2830 1987 2880; x_wconf 91' lang='lat' dir='ltr'>concor-</span> 
     </span>
     <span class='ocr_line' id='line_1_19' title="bbox 586 2929 1986 3028; baseline -0.004 -23"><span class='ocrx_word' id='word_1_176' title='bbox 586 2933 697 3022; x_wconf 90' lang='lat' dir='ltr'>diam,</span> <span class='ocrx_word' id='word_1_177' title='bbox 717 2934 908 3028; x_wconf 88' lang='lat' dir='ltr'>pactionem</span> <span class='ocrx_word' id='word_1_178' title='bbox 930 2955 990 3004; x_wconf 87' lang='lat' dir='ltr'>seu</span> <span class='ocrx_word' id='word_1_179' title='bbox 1010 2931 1317 3004; x_wconf 78' lang='lat' dir='ltr'>confederationem</span> <span class='ocrx_word' id='word_1_180' title='bbox 1336 2953 1398 3004; x_wconf 90' lang='lat' dir='ltr'>scu</span> <span class='ocrx_word' id='word_1_181' title='bbox 1416 2931 1694 3026; x_wconf 89' lang='lat' dir='ltr'>promissionem,</span> <span class='ocrx_word' id='word_1_182' title='bbox 1719 2933 1785 3003; x_wconf 90' lang='lat' dir='ltr'>nisi</span> <span class='ocrx_word' id='word_1_183' title='bbox 1808 2932 1876 3004; x_wconf 87' lang='lat' dir='ltr'>hoc</span> <span class='ocrx_word' id='word_1_184' title='bbox 1893 2929 1986 3004; x_wconf 89' lang='lat' dir='ltr'>fieret</span> 
     </span>
     <span class='ocr_line' id='line_1_20' title="bbox 587 3055 1319 3150; baseline -0.003 -22"><span class='ocrx_word' id='word_1_185' title='bbox 587 3055 632 3128; x_wconf 91' lang='lat' dir='ltr'>dc</span> <span class='ocrx_word' id='word_1_186' title='bbox 646 3077 812 3129; x_wconf 87' lang='lat' dir='ltr'>consensu</span> <span class='ocrx_word' id='word_1_187' title='bbox 827 3067 862 3128; x_wconf 87' lang='lat' dir='ltr'>et</span> <span class='ocrx_word' id='word_1_188' title='bbox 878 3057 1056 3128; x_wconf 85' lang='lat' dir='ltr'>voluntate</span> <span class='ocrx_word' id='word_1_189' title='bbox 1069 3056 1198 3127; x_wconf 91' lang='lat' dir='ltr'>domini</span> <span class='ocrx_word' id='word_1_190' title='bbox 1217 3077 1319 3150; x_wconf 88' lang='lat' dir='ltr'>pape.</span> 
     </span>
    </p>

    <p class='ocr_par' dir='ltr' id='par_1_3' title="bbox 584 3174 2033 4874">
     <span class='ocr_line' id='line_1_21' title="bbox 635 3174 1986 3274; baseline -0.001 -25"><span class='ocrx_word' id='word_1_191' title='bbox 635 3179 790 3252; x_wconf 90' lang='lat' dir='ltr'>Predicta</span> <span class='ocrx_word' id='word_1_192' title='bbox 807 3180 921 3251; x_wconf 88' lang='lat' dir='ltr'>omnia</span> <span class='ocrx_word' id='word_1_193' title='bbox 935 3190 968 3250; x_wconf 89' lang='lat' dir='ltr'>et</span> <span class='ocrx_word' id='word_1_194' title='bbox 986 3179 1121 3271; x_wconf 80' lang='lat' dir='ltr'>singula</span> <span class='ocrx_word' id='word_1_195' title='bbox 1141 3178 1302 3250; x_wconf 89' lang='lat' dir='ltr'>volumus</span> <span class='ocrx_word' id='word_1_196' title='bbox 1318 3199 1381 3250; x_wconf 89' lang='lat' dir='ltr'>nos</span> <span class='ocrx_word' id='word_1_197' title='bbox 1395 3179 1541 3274; x_wconf 90' lang='lat' dir='ltr'>predicti</span> <span class='ocrx_word' id='word_1_198' title='bbox 1562 3177 1684 3252; x_wconf 88' lang='lat' dir='ltr'>sindici</span> <span class='ocrx_word' id='word_1_199' title='bbox 1702 3174 1882 3270; x_wconf 91' lang='lat' dir='ltr'>utriusque</span> <span class='ocrx_word' id='word_1_200' title='bbox 1898 3197 1986 3248; x_wconf 91' lang='lat' dir='ltr'>com·</span> 
     </span>
     <span class='ocr_line' id='line_1_22' title="bbox 587 3301 1984 3396; baseline 0 -24"><span class='ocrx_word' id='word_1_201' title='bbox 587 3303 762 3374; x_wconf 86' lang='lat' dir='ltr'>munitatis</span> <span class='ocrx_word' id='word_1_202' title='bbox 780 3313 814 3374; x_wconf 90' lang='lat' dir='ltr'>et</span> <span class='ocrx_word' id='word_1_203' title='bbox 840 3305 978 3374; x_wconf 89' lang='lat' dir='ltr'>nomine</span> <span class='ocrx_word' id='word_1_204' title='bbox 994 3303 1143 3396; x_wconf 85' lang='lat' dir='ltr'>ipsarum</span> <span class='ocrx_word' id='word_1_205' title='bbox 1174 3301 1478 3392; x_wconf 88' lang='lat' dir='ltr'>communitatum,</span> <span class='ocrx_word' id='word_1_206' title='bbox 1498 3302 1598 3374; x_wconf 90' lang='lat' dir='ltr'>nobis</span> <span class='ocrx_word' id='word_1_207' title='bbox 1622 3301 1773 3373; x_wconf 88' lang='lat' dir='ltr'>vicissim</span> <span class='ocrx_word' id='word_1_208' title='bbox 1793 3301 1984 3396; x_wconf 89' lang='lat' dir='ltr'>stipulanti·</span> 
     </span>
     <span class='ocr_line' id='line_1_23' title="bbox 586 3424 1986 3518; baseline -0.001 -20"><span class='ocrx_word' id='word_1_209' title='bbox 586 3425 672 3512; x_wconf 90' lang='lat' dir='ltr'>bus;</span> <span class='ocrx_word' id='word_1_210' title='bbox 691 3445 731 3496; x_wconf 92' lang='lat' dir='ltr'>ea</span> <span class='ocrx_word' id='word_1_211' title='bbox 743 3426 857 3496; x_wconf 88' lang='lat' dir='ltr'>omnia</span> <span class='ocrx_word' id='word_1_212' title='bbox 871 3435 905 3496; x_wconf 92' lang='lat' dir='ltr'>et</span> <span class='ocrx_word' id='word_1_213' title='bbox 920 3425 1054 3518; x_wconf 82' lang='lat' dir='ltr'>singola</span> <span class='ocrx_word' id='word_1_214' title='bbox 1067 3424 1292 3518; x_wconf 89' lang='lat' dir='ltr'>promittimus</span> <span class='ocrx_word' id='word_1_215' title='bbox 1307 3425 1354 3496; x_wconf 94' lang='lat' dir='ltr'>ad</span> <span class='ocrx_word' id='word_1_216' title='bbox 1372 3426 1520 3498; x_wconf 88' lang='lat' dir='ltr'>invicem</span> <span class='ocrx_word' id='word_1_217' title='bbox 1539 3433 1753 3516; x_wconf 86' lang='lat' dir='ltr'>servaturos,</span> <span class='ocrx_word' id='word_1_218' title='bbox 1779 3435 1813 3497; x_wconf 89' lang='lat' dir='ltr'>et</span> <span class='ocrx_word' id='word_1_219' title='bbox 1828 3425 1858 3495; x_wconf 90' lang='lat' dir='ltr'>si</span> <span class='ocrx_word' id='word_1_220' title='bbox 1880 3426 1986 3496; x_wconf 86' lang='lat' dir='ltr'>altera</span> 
     </span>
     <span class='ocr_line' id='line_1_24' title="bbox 586 3517 1985 3642; baseline -0.002 -23"><span class='ocrx_word' id='word_1_221' title='bbox 586 3549 869 3620; x_wconf 89' lang='lat' dir='ltr'>communitatum</span> <span class='ocrx_word' id='word_1_222' title='bbox 883 3547 1129 3634; x_wconf 76' lang='lat' dir='ltr'>contrafecerit,</span> <span class='ocrx_word' id='word_1_223' title='bbox 1151 3569 1230 3640; x_wconf 88' lang='lat' dir='ltr'>pars</span> <span class='ocrx_word' id='word_1_224' title='bbox 1246 3548 1489 3620; x_wconf 89' lang='lat' dir='ltr'>contrafacieus</span> <span class='ocrx_word' id='word_1_225' title='bbox 1507 3548 1566 3620; x_wconf 89' lang='lat' dir='ltr'>det</span> <span class='ocrx_word' id='word_1_226' title='bbox 1581 3517 1615 3618; x_wconf 77' lang='lat' dir='ltr'>et</span> <span class='ocrx_word' id='word_1_227' title='bbox 1633 3547 1717 3619; x_wconf 87' lang='lat' dir='ltr'>dare</span> <span class='ocrx_word' id='word_1_228' title='bbox 1730 3557 1886 3618; x_wconf 87' lang='lat' dir='ltr'>teneatur</span> <span class='ocrx_word' id='word_1_229' title='bbox 1900 3547 1985 3642; x_wconf 91' lang='lat' dir='ltr'>parti</span> 
     </span>
     <span class='ocr_line' id='line_1_25' title="bbox 586 3671 1986 3764; baseline 0.001 -24"><span class='ocrx_word' id='word_1_230' title='bbox 586 3671 736 3742; x_wconf 84' lang='lat' dir='ltr'>servanti</span> <span class='ocrx_word' id='word_1_231' title='bbox 759 3681 794 3742; x_wconf 90' lang='lat' dir='ltr'>et</span> <span class='ocrx_word' id='word_1_232' title='bbox 812 3671 911 3743; x_wconf 89' lang='lat' dir='ltr'>nobis</span> <span class='ocrx_word' id='word_1_233' title='bbox 929 3671 1079 3742; x_wconf 85' lang='lat' dir='ltr'>vicissim</span> <span class='ocrx_word' id='word_1_234' title='bbox 1103 3671 1204 3742; x_wconf 88' lang='lat' dir='ltr'>dictis</span> <span class='ocrx_word' id='word_1_235' title='bbox 1219 3671 1461 3764; x_wconf 87' lang='lat' dir='ltr'>stipulantibus</span> <span class='ocrx_word' id='word_1_236' title='bbox 1478 3671 1616 3742; x_wconf 92' lang='lat' dir='ltr'>nomine</span> <span class='ocrx_word' id='word_1_237' title='bbox 1632 3691 1721 3764; x_wconf 90' lang='lat' dir='ltr'>pene</span> <span class='ocrx_word' id='word_1_238' title='bbox 1738 3691 1798 3742; x_wconf 89' lang='lat' dir='ltr'>sen</span> <span class='ocrx_word' id='word_1_239' title='bbox 1819 3691 1882 3764; x_wconf 95' lang='lat' dir='ltr'>pro</span> <span class='ocrx_word' id='word_1_240' title='bbox 1897 3689 1986 3763; x_wconf 87' lang='lat' dir='ltr'>pene</span> 
     </span>
     <span class='ocr_line' id='line_1_26' title="bbox 587 3789 1985 3886; baseline 0.001 -23"><span class='ocrx_word' id='word_1_241' title='bbox 587 3789 706 3864; x_wconf 89' lang='lat' dir='ltr'>decem</span> <span class='ocrx_word' id='word_1_242' title='bbox 728 3793 822 3864; x_wconf 85' lang='lat' dir='ltr'>mitia</span> <span class='ocrx_word' id='word_1_243' title='bbox 842 3795 1053 3866; x_wconf 88' lang='lat' dir='ltr'>marcharum</span> <span class='ocrx_word' id='word_1_244' title='bbox 1080 3795 1232 3884; x_wconf 80' lang='lat' dir='ltr'>argenti3</span> <span class='ocrx_word' id='word_1_245' title='bbox 1253 3803 1288 3865; x_wconf 89' lang='lat' dir='ltr'>et</span> <span class='ocrx_word' id='word_1_246' title='bbox 1302 3795 1532 3866; x_wconf 89' lang='lat' dir='ltr'>consentimus</span> <span class='ocrx_word' id='word_1_247' title='bbox 1553 3793 1653 3866; x_wconf 90' lang='lat' dir='ltr'>dictis</span> <span class='ocrx_word' id='word_1_248' title='bbox 1675 3793 1872 3865; x_wconf 89' lang='lat' dir='ltr'>nominibus</span> <span class='ocrx_word' id='word_1_249' title='bbox 1892 3791 1985 3886; x_wconf 90' lang='lat' dir='ltr'>qnod</span> 
     </span>
     <span class='ocr_line' id='line_1_27' title="bbox 587 3914 1985 4012; baseline 0 -24"><span class='ocrx_word' id='word_1_250' title='bbox 587 3914 747 3988; x_wconf 90' lang='lat' dir='ltr'>dominus</span> <span class='ocrx_word' id='word_1_251' title='bbox 761 3939 851 4012; x_wconf 88' lang='lat' dir='ltr'>papa</span> <span class='ocrx_word' id='word_1_252' title='bbox 863 3917 1137 3990; x_wconf 85' lang='lat' dir='ltr'>excommunicet</span> <span class='ocrx_word' id='word_1_253' title='bbox 1150 3918 1425 3990; x_wconf 84' lang='lat' dir='ltr'>communitatem</span> <span class='ocrx_word' id='word_1_254' title='bbox 1442 3919 1741 3990; x_wconf 88' lang='lat' dir='ltr'>contrafacientem</span> <span class='ocrx_word' id='word_1_255' title='bbox 1754 3938 1817 3989; x_wconf 89' lang='lat' dir='ltr'>nec</span> <span class='ocrx_word' id='word_1_256' title='bbox 1835 3917 1867 3989; x_wconf 88' lang='lat' dir='ltr'>ei</span> <span class='ocrx_word' id='word_1_257' title='bbox 1885 3916 1985 3988; x_wconf 88' lang='lat' dir='ltr'>absc·</span> 
     </span>
     <span class='ocr_line' id='line_1_28' title="bbox 586 4039 1986 4135; baseline 0.001 -25"><span class='ocrx_word' id='word_1_258' title='bbox 586 4039 750 4112; x_wconf 86' lang='lat' dir='ltr'>lotionem</span> <span class='ocrx_word' id='word_1_259' title='bbox 775 4040 951 4135; x_wconf 89' lang='lat' dir='ltr'>impendat</span> <span class='ocrx_word' id='word_1_260' title='bbox 971 4040 1036 4110; x_wconf 88' lang='lat' dir='ltr'>nisi</span> <span class='ocrx_word' id='word_1_261' title='bbox 1061 4039 1259 4112; x_wconf 80' lang='lat' dir='ltr'>satisfecerit</span> <span class='ocrx_word' id='word_1_262' title='bbox 1281 4039 1325 4112; x_wconf 84' lang='lat' dir='ltr'>de</span> <span class='ocrx_word' id='word_1_263' title='bbox 1344 4049 1413 4112; x_wconf 87' lang='lat' dir='ltr'>tota</span> <span class='ocrx_word' id='word_1_264' title='bbox 1433 4062 1523 4134; x_wconf 86' lang='lat' dir='ltr'>pena</span> <span class='ocrx_word' id='word_1_265' title='bbox 1539 4042 1703 4112; x_wconf 84' lang='lat' dir='ltr'>servanti.</span> <span class='ocrx_word' id='word_1_266' title='bbox 1726 4041 1789 4113; x_wconf 85' lang='lat' dir='ltr'>Pro</span> <span class='ocrx_word' id='word_1_267' title='bbox 1809 4061 1879 4133; x_wconf 91' lang='lat' dir='ltr'>qua</span> <span class='ocrx_word' id='word_1_268' title='bbox 1897 4060 1986 4133; x_wconf 90' lang='lat' dir='ltr'>pana</span> 
     </span>
     <span class='ocr_line' id='line_1_29' title="bbox 585 4161 1986 4258; baseline 0 -24"><span class='ocrx_word' id='word_1_269' title='bbox 585 4169 620 4234; x_wconf 90' lang='lat' dir='ltr'>et</span> <span class='ocrx_word' id='word_1_270' title='bbox 633 4161 792 4236; x_wconf 86' lang='lat' dir='ltr'>omnibns</span> <span class='ocrx_word' id='word_1_271' title='bbox 803 4163 1008 4256; x_wconf 89' lang='lat' dir='ltr'>supradictis</span> <span class='ocrx_word' id='word_1_272' title='bbox 1019 4163 1244 4236; x_wconf 88' lang='lat' dir='ltr'>observandis</span> <span class='ocrx_word' id='word_1_273' title='bbox 1256 4163 1448 4255; x_wconf 80' lang='lat' dir='ltr'>obligamus</span> <span class='ocrx_word' id='word_1_274' title='bbox 1457 4163 1559 4236; x_wconf 86' lang='lat' dir='ltr'>dictis</span> <span class='ocrx_word' id='word_1_275' title='bbox 1570 4163 1766 4235; x_wconf 90' lang='lat' dir='ltr'>nominibus</span> <span class='ocrx_word' id='word_1_276' title='bbox 1774 4185 1835 4258; x_wconf 92' lang='lat' dir='ltr'>pro</span> <span class='ocrx_word' id='word_1_277' title='bbox 1845 4163 1986 4256; x_wconf 83' lang='lat' dir='ltr'>pignore</span> 
     </span>
     <span class='ocr_line' id='line_1_30' title="bbox 585 4267 2033 4377; baseline 0.004 -19"><span class='ocrx_word' id='word_1_278' title='bbox 585 4287 700 4358; x_wconf 92' lang='lat' dir='ltr'>omnia</span> <span class='ocrx_word' id='word_1_279' title='bbox 718 4286 808 4358; x_wconf 90' lang='lat' dir='ltr'>bona</span> <span class='ocrx_word' id='word_1_280' title='bbox 823 4283 991 4358; x_wconf 87' lang='lat' dir='ltr'>dictarum</span> <span class='ocrx_word' id='word_1_281' title='bbox 1005 4267 1283 4359; x_wconf 79' lang='lat' dir='ltr'>communitatum</span> <span class='ocrx_word' id='word_1_282' title='bbox 1307 4286 1424 4358; x_wconf 88' lang='lat' dir='ltr'>habita</span> <span class='ocrx_word' id='word_1_283' title='bbox 1445 4297 1480 4359; x_wconf 89' lang='lat' dir='ltr'>ct</span> <span class='ocrx_word' id='word_1_284' title='bbox 1502 4285 1680 4377; x_wconf 74' lang='lat' dir='ltr'>habenda,</span> <span class='ocrx_word' id='word_1_285' title='bbox 1704 4287 1856 4359; x_wconf 84' lang='lat' dir='ltr'>volentes</span> <span class='ocrx_word' id='word_1_286' title='bbox 1880 4295 1915 4358; x_wconf 87' lang='lat' dir='ltr'>et</span> <span class='ocrx_word' id='word_1_287' title='bbox 1931 4305 1985 4358; x_wconf 84' lang='lat' dir='ltr'>ro·</span> <span class='ocrx_word' id='word_1_288' title='bbox 2027 4347 2033 4364; x_wconf 44' lang='lat' dir='ltr'>t</span> 
     </span>
     <span class='ocr_line' id='line_1_31' title="bbox 585 4407 1985 4505; baseline -0.001 -23"><span class='ocrx_word' id='word_1_289' title='bbox 585 4418 705 4503; x_wconf 81' lang='lat' dir='ltr'>gantos</span> <span class='ocrx_word' id='word_1_290' title='bbox 716 4407 812 4502; x_wconf 91' lang='lat' dir='ltr'>quod</span> <span class='ocrx_word' id='word_1_291' title='bbox 821 4408 921 4482; x_wconf 89' lang='lat' dir='ltr'>dictis</span> <span class='ocrx_word' id='word_1_292' title='bbox 932 4409 1015 4482; x_wconf 87' lang='lat' dir='ltr'>fiant</span> <span class='ocrx_word' id='word_1_293' title='bbox 1027 4410 1131 4482; x_wconf 88' lang='lat' dir='ltr'>nnius</span> <span class='ocrx_word' id='word_1_294' title='bbox 1144 4409 1272 4482; x_wconf 86' lang='lat' dir='ltr'>tenoris</span> <span class='ocrx_word' id='word_1_295' title='bbox 1281 4411 1381 4505; x_wconf 90' lang='lat' dir='ltr'>plura</span> <span class='ocrx_word' id='word_1_296' title='bbox 1392 4409 1530 4505; x_wconf 86' lang='lat' dir='ltr'>publica</span> <span class='ocrx_word' id='word_1_297' title='bbox 1541 4409 1781 4499; x_wconf 89' lang='lat' dir='ltr'>instrumenta,</span> <span class='ocrx_word' id='word_1_298' title='bbox 1791 4417 1827 4481; x_wconf 91' lang='lat' dir='ltr'>et</span> <span class='ocrx_word' id='word_1_299' title='bbox 1833 4411 1985 4502; x_wconf 87' lang='lat' dir='ltr'>jurantes</span> 
     </span>
     <span class='ocr_line' id='line_1_32' title="bbox 584 4531 1986 4626; baseline 0.001 -24"><span class='ocrx_word' id='word_1_300' title='bbox 584 4532 723 4606; x_wconf 90' lang='lat' dir='ltr'>nomine</span> <span class='ocrx_word' id='word_1_301' title='bbox 737 4541 852 4604; x_wconf 89' lang='lat' dir='ltr'>nostro</span> <span class='ocrx_word' id='word_1_302' title='bbox 870 4543 905 4604; x_wconf 89' lang='lat' dir='ltr'>et</span> <span class='ocrx_word' id='word_1_303' title='bbox 919 4533 1017 4604; x_wconf 88' lang='lat' dir='ltr'>dictis</span> <span class='ocrx_word' id='word_1_304' title='bbox 1033 4533 1229 4606; x_wconf 89' lang='lat' dir='ltr'>nominibus</span> <span class='ocrx_word' id='word_1_305' title='bbox 1247 4533 1345 4604; x_wconf 89' lang='lat' dir='ltr'>tactis</span> <span class='ocrx_word' id='word_1_306' title='bbox 1369 4532 1589 4626; x_wconf 87' lang='lat' dir='ltr'>corporaliter</span> <span class='ocrx_word' id='word_1_307' title='bbox 1604 4533 1792 4626; x_wconf 77' lang='lat' dir='ltr'>evangeliis</span> <span class='ocrx_word' id='word_1_308' title='bbox 1809 4531 1986 4605; x_wconf 88' lang='lat' dir='ltr'>attendere</span> 
     </span>
     <span class='ocr_line' id='line_1_33' title="bbox 585 4655 1985 4751; baseline -0.001 -25"><span class='ocrx_word' id='word_1_309' title='bbox 585 4655 813 4728; x_wconf 86' lang='lat' dir='ltr'>etobservare</span> <span class='ocrx_word' id='word_1_310' title='bbox 828 4657 943 4729; x_wconf 91' lang='lat' dir='ltr'>omnia</span> <span class='ocrx_word' id='word_1_311' title='bbox 960 4668 993 4728; x_wconf 88' lang='lat' dir='ltr'>et</span> <span class='ocrx_word' id='word_1_312' title='bbox 1006 4658 1142 4748; x_wconf 78' lang='lat' dir='ltr'>singula</span> <span class='ocrx_word' id='word_1_313' title='bbox 1152 4656 1363 4751; x_wconf 88' lang='lat' dir='ltr'>supradicta,</span> <span class='ocrx_word' id='word_1_314' title='bbox 1377 4655 1513 4748; x_wconf 89' lang='lat' dir='ltr'>etquod</span> <span class='ocrx_word' id='word_1_315' title='bbox 1527 4655 1673 4749; x_wconf 89' lang='lat' dir='ltr'>predicti</span> <span class='ocrx_word' id='word_1_316' title='bbox 1684 4655 1985 4728; x_wconf 84' lang='lat' dir='ltr'>dnxVenetiarum</span> 
     </span>
     <span class='ocr_line' id='line_1_34' title="bbox 585 4779 1985 4874; baseline 0.001 -28"><span class='ocrx_word' id='word_1_317' title='bbox 585 4785 619 4846; x_wconf 92' lang='lat' dir='ltr'>et</span> <span class='ocrx_word' id='word_1_318' title='bbox 636 4788 783 4870; x_wconf 89' lang='lat' dir='ltr'>potestas</span> <span class='ocrx_word' id='word_1_319' title='bbox 794 4781 903 4851; x_wconf 83' lang='lat' dir='ltr'>laune</span> <span class='ocrx_word' id='word_1_320' title='bbox 913 4791 947 4851; x_wconf 88' lang='lat' dir='ltr'>et</span> <span class='ocrx_word' id='word_1_321' title='bbox 963 4779 1019 4850; x_wconf 89' lang='lat' dir='ltr'>alii</span> <span class='ocrx_word' id='word_1_322' title='bbox 1039 4779 1082 4852; x_wconf 92' lang='lat' dir='ltr'>de</span> <span class='ocrx_word' id='word_1_323' title='bbox 1098 4781 1207 4851; x_wconf 81' lang='lat' dir='ltr'>Ianua</span> <span class='ocrx_word' id='word_1_324' title='bbox 1219 4791 1254 4851; x_wconf 91' lang='lat' dir='ltr'>et</span> <span class='ocrx_word' id='word_1_325' title='bbox 1272 4779 1317 4852; x_wconf 89' lang='lat' dir='ltr'>de</span> <span class='ocrx_word' id='word_1_326' title='bbox 1330 4779 1479 4850; x_wconf 79' lang='lat' dir='ltr'>venetiis</span> <span class='ocrx_word' id='word_1_327' title='bbox 1491 4781 1552 4874; x_wconf 94' lang='lat' dir='ltr'>qui</span> <span class='ocrx_word' id='word_1_328' title='bbox 1570 4779 1660 4852; x_wconf 84' lang='lat' dir='ltr'>soliti</span> <span class='ocrx_word' id='word_1_329' title='bbox 1676 4787 1757 4850; x_wconf 89' lang='lat' dir='ltr'>sunt</span> <span class='ocrx_word' id='word_1_330' title='bbox 1768 4779 1887 4870; x_wconf 85' lang='lat' dir='ltr'>jurare</span> <span class='ocrx_word' id='word_1_331' title='bbox 1904 4797 1985 4850; x_wconf 91' lang='lat' dir='ltr'>con·</span> 
     </span>
    </p>
   </div>
   <div class='ocr_carea' id='block_1_3' title="bbox 0 0 2286 6038">
    <p class='ocr_par' dir='ltr' id='par_1_4' title="bbox 0 0 2286 6038">
     <span class='ocr_line' id='line_1_35' title="bbox 0 0 2286 6038; baseline 0 0"><span class='ocrx_word' id='word_1_332' title='bbox 0 0 2286 6038; x_wconf 95' lang='lat' dir='ltr'> </span> 
     </span>
    </p>
   </div>
  </div>
 </body>
</html>
