4468 6010
548 701 633 782 ‚arc
1075 709 1286 773 rnrnsnrcr
1311 711 1486 774 secuunr
1792 711 1974 795 [meraco

570 843 609 906 ut
629 836 809 930 procedas.
832 838 934 924 Quod
959 850 1074 913 autem
1099 842 1191 914 idem
1212 844 1413 917 ammiratus
1432 843 1612 917 corradum
1638 865 1743 916 snum
1765 855 1930 918 statutum
1955 867 1977 918 a

569 958 669 1032 nobis
683 960 756 1034 dari
769 962 834 1034 sibi
851 985 871 1034 a
886 973 919 1034 te
934 965 1082 1058 postulat
1099 986 1145 1036 ex
1160 987 1202 1038 eo
1218 975 1453 1062 temporeque
1472 967 1565 1039 Pisas
1575 967 1741 1062 applicuit
1755 967 1929 1042 veniendo
1940 971 1976 1042 in

568 1103 730 1176 regnum,
750 1105 830 1157 cum
850 1087 1040 1160 ammiratio
1057 1087 1208 1161 officinm
1225 1110 1247 1161 a
1264 1109 1372 1182 regno
1386 1089 1500 1162 Sicilie
1516 1089 1653 1161 titulum
1675 1089 1856 1180 sortiatur,
1880 1113 1977 1164 mon·

567 1203 748 1279 damnent
767 1209 812 1280 ab
834 1230 877 1282 eo
897 1219 1051 1304 tompore
1066 1233 1137 1305 quo
1159 1221 1243 1284 tunc
1262 1235 1342 1284 eum
1362 1211 1475 1285 officio
1500 1213 1644 1284 veniens
1668 1234 1814 1305 regnum
1836 1214 1978 1290 intravit

564 1351 627 1423 pro
643 1330 768 1402 nostris
783 1331 932 1406 servitiis
947 1333 1179 1427 exequendis,
1197 1335 1244 1408 ad
1259 1335 1396 1430 pondus
1417 1336 1511 1407 curie
1528 1343 1643 1407 nostre
1659 1334 1841 1408 corredum
1861 1337 1976 1432 ipsum

564 1451 631 1524 eibi
651 1453 757 1526 iacias
773 1455 943 1528 exbiberi.
960 1459 1010 1528 De
1032 1458 1204 1550 magistris
1222 1458 1497 1532 marescallarum
1512 1467 1705 1530 nostrarum
1725 1458 1788 1551 qui
1806 1459 1977 1536 dicuntae

562 1576 661 1670 equis
677 1577 803 1649 nostris
823 1578 969 1651 ordeum
986 1579 1125 1652 dedisse
1142 1579 1189 1652 de
1204 1602 1269 1653 suo
1287 1603 1309 1653 a
1333 1591 1442 1652 morte
1460 1579 1637 1674 quondam
1655 1580 1797 1653 Mattbei
1815 1582 1974 1658 Marobo-

563 1699 642 1772 labe
658 1699 779 1774 secreti
797 1700 1047 1795 predecessoris
1068 1703 1120 1774 tui
1136 1725 1248 1798 usque
1268 1701 1313 1776 ad
1328 1711 1427 1776 tuum
1444 1703 1480 1774 in
1495 1711 1609 1798 partes
1626 1702 1718 1797 ipsae
1741 1725 1916 1777 aceessum
1939 1717 1974 1780 et

560 1830 683 1916 petunt
693 1822 807 1918 ipsum
821 1823 911 1896 sicut
924 1847 1017 1897 nunc
1030 1828 1135 1916 valet,
1147 1847 1209 1920 pro
1224 1847 1266 1900 eo
1277 1825 1373 1919 quod
1386 1825 1500 1898 carius
1513 1835 1577 1911 est,
1590 1846 1660 1898 non
1672 1825 1865 1898 secundum
1876 1826 1973 1920 quod

560 1953 643 2016 tunc
655 1967 733 2018 cnm
748 1947 862 2041 ipsum
876 1947 1047 2020 dederunt
1060 1951 1213 2037 valebat,
1228 1949 1375 2036 restitui,
1392 1947 1600 2020 mandamus
1615 1957 1654 2018 ut
1670 1947 1784 2042 ipsum
1797 1948 1893 2042 quod
1909 1949 1972 2024 tibi

559 2071 749 2142 constiterit
771 2069 817 2143 de
841 2092 905 2143 suo
920 2072 1022 2165 cquis
1047 2073 1172 2145 nostris
1196 2071 1354 2160 dedisse,
1378 2073 1468 2144 sicut
1493 2080 1577 2143 tuno
1594 2069 1733 2142 valebat
1754 2091 1835 2142 cum
1857 2070 1970 2164 ipsum

558 2189 731 2265 dederunt
747 2194 881 2265 restitui
893 2195 1009 2266 iacias.
1026 2195 1131 2280 Quod
1144 2215 1228 2268 vero
1246 2194 1456 2290 procuratori
1469 2203 1503 2266 et
1516 2192 1701 2265 conventui
1718 2192 1833 2264 Sancti
1848 2193 1968 2268 Salva·
2107 2213 2113 2226 ·

556 2316 639 2388 toris
655 2314 699 2388 de
715 2316 836 2409 lingua
852 2317 1007 2388 Messene
1025 2317 1060 2389 in
1077 2327 1222 2390 canneto
1240 2327 1356 2390 nostro
1372 2316 1523 2390 Cathena
1542 2315 1637 2409 quod
1654 2316 1720 2386 luit
1733 2313 1890 2407 ejusdem
1906 2337 1970 2388 eo-

556 2437 676 2528 clesie‚
703 2459 766 2533 pro
788 2439 901 2512 vineis
927 2441 1070 2513 ecclesie
1095 2461 1225 2514 cannae
1249 2439 1432 2535 permisisti
1456 2437 1584 2528 incidi,
1610 2459 1688 2510 raro
1710 2447 1824 2510 mmen
1849 2446 1884 2511 et
1908 2460 1970 2532 per

556 2560 694 2634 diversa
715 2563 806 2652 loca,
828 2584 961 2656 exque
979 2563 1146 2636 incisione
1164 2563 1260 2636 nullo
1284 2561 1389 2636 modo
1407 2559 1673 2655 dampnificatur
1691 2560 1847 2651 venatio,
1864 2559 1970 2633 immo

554 2683 754 2757 melioratur
772 2693 911 2779 propter
934 2684 1128 2757 liberiorem
1148 2686 1325 2758 introitum
1345 2693 1381 2757 et
1400 2683 1533 2756 exitum
1550 2689 1754 2756 venatorum
1774 2691 1808 2754 et
1823 2703 1965 2773 canum,

554 2807 731 2900 presertim
751 2829 831 2879 cum
848 2807 878 2878 si
898 2807 943 2880 de
960 2809 1081 2880 cannis
1104 2809 1188 2902 ipsis
1210 2831 1274 2904 pro
1294 2806 1448 2903 predicte
1468 2805 1614 2878 ecclesie
1634 2804 1746 2878 vineis
1770 2826 1840 2878 non
1857 2805 1967 2880 habe-

553 2939 683 3022 rentur,
700 2931 907 3026 oportuisset
921 2929 966 3003 de
984 2932 1211 3026 proventibus
1223 2930 1366 3004 ecclesie
1380 2929 1441 3022 qui
1462 2928 1509 3002 od
1526 2936 1678 3001 nostram
1694 2927 1826 3000 curiam
1844 2949 1967 3022 perre-

552 3052 694 3129 niebant
716 3053 804 3144 emi,
825 3054 937 3148 placet
959 3052 1061 3126 nobis
1077 3054 1173 3148 qood
1195 3053 1279 3128 inde
1298 3053 1427 3144 iecisti,
1453 3054 1484 3124 si
1507 3050 1672 3146 premissa
1694 3071 1733 3124 se
1753 3049 1905 3124 habeant
1928 3059 1969 3124 ut

551 3177 731 3272 scripsisti.
756 3173 763 3274 Ι
785 3179 835 3250 lle
865 3176 1089 3272 inquisitione
1115 3199 1222 3271 quam
1250 3179 1340 3250 sicut
1370 3175 1534 3273 scripsisti
1564 3175 1650 3248 lacis
1677 3172 1752 3246 fieri
1782 3173 1968 3270 diligenter

553 3309 670 3373 contra
693 3309 932 3395 procuratores
946 3301 1172 3374 ecclesiarum
1198 3301 1415 3391 vacantium,
1438 3321 1486 3373 ox
1502 3320 1651 3393 quorum
1673 3299 1776 3392 culpa
1797 3305 1832 3370 et
1854 3297 1965 3391 negli-

553 3423 669 3517 gentia
685 3422 845 3496 ecclesias
858 3423 951 3518 ipsae
966 3422 1159 3496 destructas
1173 3425 1298 3498 asseris
1313 3433 1348 3496 et
1364 3431 1604 3517 consumptas,
1628 3431 1727 3493 tuam
1749 3419 1966 3513 diligentiam

552 3543 851 3634 commendamus3
867 3553 906 3617 tu
916 3567 1000 3619 vero
1014 3545 1049 3618 in
1062 3547 1215 3619 ecclesiis
1230 3546 1433 3621 vacantibus
1444 3541 1695 3639 jurisdictionis
1709 3551 1769 3614 tue
1782 3541 1867 3614 tales
1884 3561 1965 3636 pro-

552 3677 726 3742 curatores
754 3671 942 3743 constituas
970 3669 1007 3741 in
1032 3669 1161 3764 quibus
1189 3691 1258 3742 non
1281 3671 1390 3765 possit
1415 3670 1517 3762 eulpa
1540 3665 1651 3740 notari
1674 3666 1731 3738 vel
1754 3663 1965 3758 negligentia

551 3791 775 3886 reprehendi,
794 3793 900 3866 immo
914 3793 945 3866 si
969 3794 1135 3888 expedire
1153 3793 1290 3868 videres
1309 3793 1436 3866 molius
1453 3801 1524 3864 tam
1539 3811 1601 3886 pro
1619 3788 1714 3863 curie
1730 3797 1844 3862 nostre
1855 3807 1962 3881 quam

551 3935 614 4010 pro
627 3915 750 4008 majori
771 3916 1016 3989 commoditate
1038 3917 1259 3990 ecclesiarum
1277 3917 1429 4012 ipsarum
1451 3924 1492 3987 ut
1514 3921 1704 4009 proventus
1724 3911 1877 4006 ipsarum
1899 3909 1963 3982 ali·

550 4038 679 4132 quibus
696 4039 828 4112 clericis
844 4040 880 4111 in
897 4039 1067 4114 eutalium
1084 4039 1299 4130 locarentur,
1314 4060 1376 4134 per
1389 4057 1478 4132 quos
1493 4047 1527 4110 et
1539 4041 1771 4131 proventuum
1788 4031 1963 4126 quantitas

549 4171 735 4254 augeretur
746 4171 782 4234 et
795 4163 885 4234 hona
897 4163 1117 4235 eeclesiarum
1134 4171 1274 4256 possent
1291 4159 1505 4235 commodine
1518 4156 1714 4256 procurari,
1733 4153 1843 4249 plooat
1861 4153 1962 4226 nobie

550 4292 589 4354 ut
603 4286 715 4356 lacere
732 4306 802 4357 non
820 4293 1017 4378 postponas.
1034 4286 1085 4358 lle
1106 4285 1293 4368 baronibus
1312 4285 1375 4378 qui
1397 4291 1556 4356 tenentur
1576 4278 1672 4353 curie
1694 4285 1812 4350 nosue
1825 4277 1961 4350 solvere

549 4405 690 4478 servitia
712 4406 940 4497 lignaminum
957 4410 1154 4501 galearum,
1171 4409 1233 4501 qni
1255 4428 1335 4480 cum
1353 4406 1492 4478 mobilia
1511 4426 1580 4477 non
1597 4402 1747 4474 babeant
1764 4398 1860 4474 unde
1882 4401 1959 4494 cogi

549 4528 680 4623 possint
693 4527 741 4600 ad
765 4527 949 4624 prestanda
967 4531 1107 4603 servitia
1131 4530 1347 4624 supradicta,
1361 4529 1391 4600 si
1408 4550 1470 4624 per
1491 4525 1626 4600 stabilia
1641 4524 1718 4622 cogi
1737 4519 1784 4595 ad
1807 4522 1874 4594 hoc
1895 4519 1957 4593 de·

548 4650 652 4723 beant
664 4651 837 4745 requisiti,
852 4653 1014 4724 volumus
1028 4662 1067 4724 ut
1081 4653 1141 4748 qui
1159 4653 1300 4726 mobilia
1313 4674 1383 4726 non
1405 4651 1608 4738 habuerint,
1622 4669 1685 4745 per
1702 4645 1839 4720 stabilia
1853 4644 1957 4720 ctiam

548 4771 594 4846 ad
608 4772 790 4868 prestanda
805 4773 921 4849 debita
937 4775 1078 4849 servitia
1099 4777 1197 4850 curie
1217 4787 1333 4850 nostra
1347 4775 1544 4870 compellas.
1563 4773 1613 4844 De
1628 4769 1747 4865 judice
1760 4787 1864 4863 quem
1883 4787 1957 4839 am·
