4468 6010
256 673 349 732 lantcr.
370 670 433 752 ta]
705 671 899 734 lllS'l'OlllA
925 674 1218 739 btrtouattcb.

306 1233 531 1317 Mandatum
567 1234 616 1316 ad
646 1235 889 1346 stratigotum
916 1237 1111 1320 Messanae
1148 1251 1191 1322 ut
1220 1239 1538 1348 appellationibus
1569 1265 1669 1349 quae
1781 1226 1793 1258 ²

257 1392 384 1450 coram
402 1393 448 1450 eo
473 1365 795 1451 incriminalibus
815 1368 1109 1478 interponuntur
1136 1373 1184 1454 de
1208 1371 1314 1482 jure,
1343 1373 1490 1456 deferre
1516 1373 1665 1458 debeat.

333 1569 464 1652 (Rapnt.
478 1571 582 1650 imper.
597 1568 716 1632 stada.
729 1571 769 1638 11,
785 1571 838 1632 tot.
854 1579 893 1632 74
906 1587 1006 1644 verso3
1019 1575 1052 1632 ln
1062 1573 1131 1635 edla
1146 1573 1284 1646 caream,
1299 1591 1331 1652 p.
1346 1573 1428 1652 aot.)

304 1747 352 1816 Dc
369 1746 536 1838 superiori
555 1743 713 1817 mundato
730 1749 821 1838 sacto
835 1767 898 1838 per
918 1747 1115 1839 magistrum
1134 1746 1304 1820 Taddcum
1319 1751 1449 1842 saepsit
1467 1748 1555 1820 idem
1571 1751 1610 1821 G.
1630 1749 1670 1818 de

259 1869 433 1940 cosma.-

303 1991 525 2080 fredericus,
546 2001 629 2082 etc.,
648 1994 825 2088 stratigoto
840 1995 1016 2086 Messana,
1038 2003 1104 2066 etc.
1127 1992 1350 2088 Significante
1369 1995 1471 2067 nobis
1491 1995 1670 2068 Guillelmo

259 2117 301 2190 de
312 2117 473 2211 Anglone
483 2115 666 2207 justitiario
682 2117 718 2188 in
736 2117 854 2190 Sicilia
876 2117 961 2190 citra
981 2117 1111 2190 flumen
1127 2119 1278 2208 Salsum,
1296 2117 1391 2191 fideli
1408 2127 1539 2212 nostro,
1555 2128 1671 2192 nostra

256 2239 422 2312 serenitas
438 2239 608 2312 intellexit
621 2239 717 2334 quod
733 2240 920 2334 siquando
939 2262 1055 2314 coram
1071 2251 1105 2314 ta
1118 2241 1302 2338 appellatio
1317 2241 1544 2338 interponitur
1564 2245 1599 2315 in
1611 2245 1670 2336 ju·

257 2365 346 2436 dicio
360 2363 548 2450 criminali,
572 2373 610 2433 tu
628 2363 733 2435 alicui
748 2364 966 2459 appellationi
980 2387 1051 2438 non
1067 2365 1198 2455 delers,
1215 2386 1373 2438 asserens
1387 2365 1453 2439 hoc
1473 2365 1519 2439 da
1532 2375 1672 2462 optenta

256 2509 332 2561 esse
346 2487 599 2560 consuetudine
619 2485 768 2560 civitatis
781 2487 951 2561 blessana.
969 2487 1179 2583 Cumigitur
1197 2490 1275 2562 talis
1293 2487 1506 2562 consuetudo
1521 2489 1592 2581 juri
1610 2509 1672 2584 pe·

258 2613 350 2684 nitus
378 2611 582 2685 adversetur
612 2622 647 2684 et
674 2621 744 2684 tam
771 2609 939 2704 injustum
968 2635 1074 2706 quam
1099 2613 1245 2707 impium
1273 2621 1453 2686 censeatur
1480 2623 1519 2684 nt
1549 2611 1673 2706 quiin

257 2737 351 2810 civili
370 2735 503 2830 jndicio
524 2755 545 2807 a
560 2735 714 2830 quolibet
726 2733 864 2808 modico
880 2735 927 2808 ad
945 2734 1192 2832 appellandum
1210 2736 1427 2828 admictitur,
1446 2735 1482 2807 in
1503 2735 1671 2808 criminali

257 2861 355 2956 qnod
370 2883 480 2956 penas
496 2860 681 2932 atrociores
693 2859 820 2954 infligit
836 2880 957 2932 vocam
975 2881 1047 2932 non
1066 2859 1192 2933 habeat
1209 2861 1418 2956 appellandi,
1440 2858 1595 2932 fidelitati
1614 2867 1674 2932 tue

256 2983 482 3082 precipiendo
501 2983 708 3056 mandamus
724 2993 912 3078 qnatenus,
928 2984 959 3056 si
977 2985 1145 3080 premissa
1161 2985 1307 3058 veritate
1328 2984 1495 3070 nituntur,
1520 2983 1672 3078 appella-

258 3109 411 3184 tionibus
428 3129 498 3202 que
513 3108 550 3179 in
567 3107 803 3182 criminalibus
815 3129 932 3182 coram
950 3117 985 3181 te
1004 3109 1264 3204 interponentur
1287 3107 1333 3182 da
1353 3109 1432 3200 jura
1457 3106 1592 3180 deterre
1612 3105 1674 3179 de-

257 3235 359 3324 beas,
382 3243 537 3305 tenorem
561 3253 737 3304 sacrarum
763 3232 1044 3306 constitutionum
1069 3241 1263 3316 nostrarum
1283 3232 1319 3303 in
1342 3230 1408 3326 hys
1431 3231 1519 3303 sicut
1539 3230 1575 3301 in
1596 3229 1674 3304 aliis

258 3357 423 3430 omnibus
438 3354 589 3448 negotiis
605 3355 836 3429 observando.

310 3483 433 3553 Datum
447 3475 497 3578 [ut
515 3477 645 3578 supro}

314 3994 477 4078 Litterae
495 3993 732 4104 responsales
750 3995 800 4077 ad
815 3993 1069 4105 justiciarium
1084 3990 1232 4075 Siciliae
1245 3989 1340 4071 citra
1357 3987 1502 4072 llumen
1520 3989 1673 4072 Salsum
1791 4050 1816 4082 η,

260 4127 310 4209 de
332 4126 462 4235 judice
478 4125 653 4236 eligendo
672 4151 789 4234 quem
807 4151 937 4208 secum
953 4124 1093 4208 habeat
1110 4131 1147 4205 et
1164 4122 1213 4205 de
1234 4121 1459 4233 equitaturis
1477 4121 1672 4230 quondam

260 4259 424 4342 llathaei
440 4257 680 4344 llarcalabae
702 4258 752 4341 ad
774 4259 920 4342 curiam
938 4257 1136 4342 ducendis.

342 4461 472 4542 (llcqat.
487 4461 590 4540 imper.
605 4457 724 4522 stede.
740 4459 779 4537 11,
794 4460 848 4522 tol.
864 4469 903 4522 tt
917 4476 1016 4532 verao;
1032 4463 1066 4520 ln
1079 4459 1151 4522 cdlt.
1167 4459 1306 4539 caream,
1320 4477 1350 4538 p.
1368 4457 1452 4536 ast.)

310 4635 523 4727 Fridericns,
541 4644 626 4726 etc,
649 4635 831 4709 Guillelmo
853 4633 899 4707 de
915 4631 1073 4729 Anglone
1090 4633 1276 4727 justitiario
1298 4631 1413 4704 Sicilie
1435 4631 1519 4704 citra
1544 4629 1675 4704 flumen

263 4760 416 4852 Salsum,
436 4769 502 4834 etc.
521 4759 762 4854 capitulaque
783 4766 899 4832 noaro
915 4757 1076 4850 culmini,
1098 4767 1163 4832 etc.
1182 4759 1233 4830 Da
1251 4755 1411 4830 habendo
1429 4763 1545 4830 auum
1559 4753 1677 4850 judice
