4468 6010
254 692 350 750 istra.
369 685 429 769 ta]
450 655 454 662 ’
703 681 905 742 ursroura.
926 677 1219 740 nrrnouarrcs.
1610 677 1670 739 :aa

255 819 368 904 nuele
395 817 608 928 lrajapane
636 813 809 898 Romano
836 812 997 914 elerico,
1029 813 1078 894 de
1102 809 1329 894 officialibus
1361 810 1594 920 praeteritis,
1623 813 1671 894 de

253 950 457 1064 petegariis
479 951 547 1058 qui
565 946 767 1058 pecuniam
790 945 958 1028 indebite
975 943 1200 1027 extorserint
1216 942 1430 1052 capiendis,
1450 944 1499 1026 de
1516 943 1672 1026 babita-

255 1086 357 1168 tione
377 1083 560 1166 Cesareae
578 1080 775 1187 Augustae
792 1087 830 1160 et
847 1075 1048 1184 Petrollae,
1068 1077 1117 1159 de
1133 1071 1296 1185 pecunia
1318 1074 1445 1157 curiae
1470 1075 1603 1183 ruisse,
1623 1075 1671 1158 de

256 1216 493 1325 exemptione
511 1213 652 1297 servitii
675 1211 851 1294 militaris
872 1236 943 1320 pro
961 1219 1063 1293 terra
1077 1208 1277 1320 justiciarii
1295 1206 1480 1316 ejusdem.

335 1394 584 1534 (ltepmiiwrr.
598 1447 715 1510 marc.
731 1448 771 1522 11,
786 1447 840 1509 lot.
858 1455 896 1508 to
910 1453 1007 1520 recto3
1022 1447 1055 1506 Ιιι
1071 1445 1143 1508 cdlt.
1158 1446 1295 1520 caream,
1308 1463 1340 1524 p.
1357 1455 1427 1521 ³57,
1443 1444 1523 1523 558).

307 1663 356 1733 lle
389 1659 561 1756 imperiali
590 1659 748 1732 merloto
777 1660 864 1748 [acto
889 1676 953 1748 prr
980 1654 1180 1748 morittium
1213 1653 1382 1726 Toddeum
1413 1655 1543 1748 sorpsit
1570 1657 1673 1726 Lau·
1729 1655 1732 1662 '

254 1787 415 1855 rectius:

301 1905 522 1994 Fredericus‚
546 1914 629 1994 etc,
657 1903 797 1976 Andree
823 1901 869 1976 de
892 1903 1077 1998 Aquaviva
1096 1900 1282 1996 justitiario
1305 1901 1408 1988 ‚reue
1428 1899 1577 1992 ldronti,
1601 1912 1669 1976 ete.

255 2032 422 2118 licteras,
450 2037 517 2102 etc.
536 2027 638 2114 Quod
655 2035 792 2115 autem,
812 2026 903 2100 sicut
924 2026 1120 2120 significas,
1141 2034 1279 2120 recepto
1306 2024 1470 2098 mandato
1494 2035 1613 2100 nostro
1634 2037 1673 2098 ut

255 2176 375 2226 omues
409 2151 620 2227 lendotarios
645 2151 895 2244 jurisdictionis
910 2161 984 2226 'tue
1018 2151 1202 2245 diligenter
1232 2149 1424 2244 inquireres
1461 2158 1495 2222 et
1526 2150 1673 2244 singulis

255 2275 453 2350 eorumdem
478 2275 546 2348 sub
566 2296 657 2370 pena
683 2275 867 2348 feudorum
884 2282 919 2346 et
939 2274 975 2346 in
997 2281 1141 2370 optentu
1158 2272 1267 2365 gratie
1284 2282 1399 2344 nostre
1416 2273 1610 2368 preciperes
1635 2285 1673 2346 ut

252 2403 351 2490 Juxta
376 2399 603 2494 quantitatem
632 2419 696 2493 pro
722 2419 872 2496 suorum,
893 2397 1028 2470 viribus
1054 2395 1237 2470 feudorum
1263 2395 1425 2470 decenter
1449 2409 1613 2493 pararent
1633 2423 1672 2476 sa

254 2524 359 2595 armis
381 2533 416 2596 et
437 2522 555 2618 equis,
575 2520 672 2594 finali
695 2521 748 2594 eis
765 2522 912 2595 termino
932 2519 1111 2616 usquead
1135 2522 1259 2592 testum
1279 2520 1404 2592 natalis
1421 2521 1557 2594 Domini
1583 2545 1673 2596 cou-

254 2647 389 2737 stitnto,
422 2646 593 2740 nobisque
620 2645 824 2718 rescriberes
850 2643 901 2741 (ιι)
927 2666 1017 2738 quos
1039 2644 1075 2716 in
1102 2654 1270 2738 apparatu
1298 2643 1434 2716 decenti
1459 2655 1494 2718 et
1519 2667 1672 2740 congruo
1747 2631 1750 2639 ¹

254 2771 428 2843 invenires
457 2778 492 2842 et
515 2791 586 2842 nou
614 2778 752 2864 paratos
779 2769 909 2840 laceres
936 2768 1110 2863 preparari
1138 2766 1185 2838 ad
1209 2775 1325 2839 nostra
1358 2770 1501 2840 servitia
1529 2791 1671 2864 proees-

253 2898 365 2982 suroa,
384 2903 422 2965 tu
440 2893 586 2985 singulis
596 2891 846 2986 iurisdictionis
857 2902 917 2964 tue
931 2891 1133 2964 feudatariis
1144 2889 1209 2962 hoc
1225 2889 1394 2964 mandasti
1406 2891 1497 2964 sicut
1511 2896 1672 2989 superius

253 3017 467 3109 continetur,
488 3026 524 3090 et
545 3038 617 3090 non
644 3017 788 3089 invento
809 3015 1002 3090 feudatario
1021 3015 1138 3109 aliquo
1155 3014 1191 3086 in
1210 3023 1378 3109 apparatu
1401 3015 1555 3106 decenti,
1582 3019 1671 3090 laeta

253 3139 395 3212 tandem
414 3139 638 3233 inquisitione
660 3161 703 3212 aa
724 3139 867 3212 invento
882 3137 980 3234 quod
997 3113 1147 3234 quatuor
1164 3161 1210 3210 ex
1233 3139 1285 3210 eis
1302 3139 1437 3210 suntin
1463 3149 1578 3214 nostro
1595 3163 1672 3214 ser-

254 3262 338 3335 vitio
360 3263 452 3336 ultra
475 3284 569 3336 mare
594 3272 629 3336 et
652 3262 815 3336 tredecim
841 3271 1008 3336 venerant
1029 3262 1065 3335 iu
1086 3262 1349 3352 lombardiam,
1372 3284 1465 3334 uuus
1491 3263 1595 3336 etiam
1620 3277 1672 3338 eat

254 3386 461 3458 castellanus
474 3386 511 3458 iu
524 3397 634 3458 castro
647 3387 796 3476 Sorelle,
818 3387 903 3481 quia
916 3387 1027 3478 major
1044 3407 1125 3482 pars
1144 3393 1180 3459 at
1197 3386 1269 3458 sere
1289 3394 1359 3458 tota
1374 3387 1582 3480 reliquorum
1599 3403 1672 3464 erat

256 3507 344 3582 adeo
366 3509 548 3582 imminuta
567 3508 616 3606 (t)
637 3509 733 3604 quod
756 3519 826 3582 tam
850 3511 918 3583 cito
937 3531 1009 3583 nou
1028 3519 1161 3606 poterat
1180 3510 1373 3606 preparari,
1399 3510 1520 3584 decern
1541 3524 1576 3586 et
1595 3526 1672 3590 ceto

258 3633 383 3706 milites
397 3633 564 3709 ordinasti
580 3633 643 3729 qui
666 3643 703 3708 et
719 3635 764 3708 ab
779 3635 857 3708 aliis
872 3635 978 3708 leuda
1001 3635 1197 3709 tenentibus
1215 3634 1410 3707 subsidium
1426 3657 1491 3730 pro
1504 3649 1672 3732 apparatu

259 3757 387 3830 debent
402 3759 567 3854 recipere,
586 3761 635 3832 ita
652 3758 747 3854 quod
765 3759 813 3833 ad
825 3747 944 3832 minus
955 3758 1084 3832 habeat
1098 3758 1244 3852 quilibet
1261 3767 1409 3851 quatuor
1424 3781 1549 3855 equos;
1571 3763 1671 3836 celsi·

258 3880 371 3954 tudini
386 3891 503 3954 nostre
524 3881 635 3976 placet
651 3891 686 3954 et
708 3881 869 3954 volumus
888 3891 927 3952 ut
948 3881 1073 3953 milites
1096 3888 1295 3976 preparatus
1317 3881 1353 3950 in
1371 3882 1506 3977 seriptis
1523 3883 1670 3976 babeas,

256 4003 352 4098 quod
369 4006 485 4076 statim
504 4027 583 4076 cum
606 4007 794 4101 oportuerit
806 4006 939 4100 possint
954 4005 1094 4095 haberi,
1112 4015 1282 4076 eteorum
1300 4005 1439 4078 nomina
1460 4029 1539 4078 cum
1558 4010 1675 4101 cujus·

257 4126 340 4199 libet
362 4139 529 4223 apparatu
553 4129 621 4200 sub
644 4129 758 4222 sigillo
783 4139 843 4201 tuo
865 4127 911 4201 ad
928 4129 1061 4200 curiam
1087 4137 1236 4202 nostram
1263 4129 1397 4200 mietas.
1423 4131 1472 4202 De
1487 4133 1620 4204 clericis
1640 4144 1675 4205 et

258 4250 352 4324 laicis
368 4273 458 4346 quos
484 4253 660 4346 inquirere
684 4262 718 4324 te
737 4251 984 4324 mandavimus
1008 4252 1038 4324 si
1061 4261 1138 4347 post
1160 4251 1281 4324 datum
1300 4262 1384 4324 tune
1407 4253 1452 4324 ab
1470 4257 1674 4330 excellentia

260 4384 374 4445 uestra
388 4373 589 4447 mandatum
606 4375 642 4446 in
660 4376 755 4447 curia
772 4397 861 4471 pape
880 4377 1003 4448 morati
1021 4375 1148 4448 luerint
1165 4397 1230 4448 nec
1251 4376 1286 4446 in
1307 4398 1452 4470 regnum
1473 4378 1520 4452 ad
1536 4382 1675 4477 propria

260 4495 435 4588 redierint,
449 4519 620 4571 aceorum
637 4499 738 4572 bouis
753 4509 821 4570 tarn
839 4499 1079 4572 ecclesiasticis
1095 4520 1200 4593 qnam
1216 4499 1513 4594 patrimonialibus
1526 4503 1572 4576 ad
1587 4527 1675 4600 opus

299 4683 341 4760 (ι)
363 4683 400 4744 ln
413 4687 556 4762 impresso
568 4683 739 4760 rescribam,
756 4691 855 4748 minus
868 4695 958 4749 recte.

301 4785 341 4867 (b)
365 4789 401 4851 ln
414 4792 557 4870 impresso
570 4794 740 4869 immunita,
759 4794 846 4854 male.
