<?xml version="1.0" encoding="UTF-8"?>
<!DOCTYPE html PUBLIC "-//W3C//DTD XHTML 1.0 Transitional//EN"
    "http://www.w3.org/TR/xhtml1/DTD/xhtml1-transitional.dtd">
<html xmlns="http://www.w3.org/1999/xhtml" xml:lang="en" lang="en">
 <head>
  <title>
</title>
<meta http-equiv="Content-Type" content="text/html;charset=utf-8" />
  <meta name='ocr-system' content='tesseract 3.04.00' />
  <meta name='ocr-capabilities' content='ocr_page ocr_carea ocr_par ocr_line ocrx_word'/>
</head>
<body>
  <div class='ocr_page' id='page_1' title='image "./historiadiploma01fredgoog_0186.png"; bbox 0 0 4468 6010; ppageno 0'>
   <div class='ocr_carea' id='block_1_1' title="bbox 548 711 1954 799">
    <p class='ocr_par' dir='ltr' id='par_1_1' title="bbox 548 711 1954 799">
     <span class='ocr_line' id='line_1_1' title="bbox 548 711 1954 799; baseline 0.003 -26"><span class='ocrx_word' id='word_1_1' title='bbox 548 711 608 774; x_wconf 76' lang='lat'>820</span> <span class='ocrx_word' id='word_1_2' title='bbox 1044 713 1259 776; x_wconf 69' lang='lat' dir='ltr'>sarnunto!</span> <span class='ocrx_word' id='word_1_3' title='bbox 1283 715 1456 776; x_wconf 79' lang='lat' dir='ltr'>SECUNPI</span> <span class='ocrx_word' id='word_1_4' title='bbox 1768 715 1848 799; x_wconf 76' lang='lat' dir='ltr'>[ssa.</span> <span class='ocrx_word' id='word_1_5' title='bbox 1867 715 1954 778; x_wconf 77' lang='lat' dir='ltr'>rato.</span> 
     </span>
    </p>
   </div>
   <div class='ocr_carea' id='block_1_2' title="bbox 537 845 1956 4630">
    <p class='ocr_par' dir='ltr' id='par_1_2' title="bbox 537 845 1956 4630">
     <span class='ocr_line' id='line_1_2' title="bbox 594 845 1953 947; baseline 0.004 -27"><span class='ocrx_word' id='word_1_6' title='bbox 594 845 814 936; x_wconf 84' lang='lat' dir='ltr'>Predericns,</span> <span class='ocrx_word' id='word_1_7' title='bbox 835 853 917 932; x_wconf 80' lang='lat' dir='ltr'>etc,</span> <span class='ocrx_word' id='word_1_8' title='bbox 936 847 1068 922; x_wconf 87' lang='lat' dir='ltr'>notario</span> <span class='ocrx_word' id='word_1_9' title='bbox 1093 849 1252 946; x_wconf 92' lang='lat' dir='ltr'>Philippo</span> <span class='ocrx_word' id='word_1_10' title='bbox 1269 859 1372 947; x_wconf 79' lang='lat' dir='ltr'>gayto</span> <span class='ocrx_word' id='word_1_11' title='bbox 1386 849 1561 940; x_wconf 82' lang='lat' dir='ltr'>Panormi,</span> <span class='ocrx_word' id='word_1_12' title='bbox 1588 858 1655 923; x_wconf 90' lang='lat' dir='ltr'>etc.</span> <span class='ocrx_word' id='word_1_13' title='bbox 1682 851 1836 945; x_wconf 83' lang='lat' dir='ltr'>Benigne</span> <span class='ocrx_word' id='word_1_14' title='bbox 1857 871 1953 925; x_wconf 89' lang='lat' dir='ltr'>rece·</span> 
     </span>
     <span class='ocr_line' id='line_1_3' title="bbox 547 969 1956 1070; baseline 0.001 -26"><span class='ocrx_word' id='word_1_15' title='bbox 547 973 661 1069; x_wconf 81' lang='lat' dir='ltr'><strong>pimus</strong></span> <span class='ocrx_word' id='word_1_16' title='bbox 678 980 738 1046; x_wconf 91' lang='lat' dir='ltr'>tue</span> <span class='ocrx_word' id='word_1_17' title='bbox 753 969 927 1043; x_wconf 85' lang='lat' dir='ltr'>fidelitatis</span> <span class='ocrx_word' id='word_1_18' title='bbox 944 970 1080 1045; x_wconf 86' lang='lat' dir='ltr'>licteras</span> <span class='ocrx_word' id='word_1_19' title='bbox 1100 983 1136 1046; x_wconf 89' lang='lat' dir='ltr'>et</span> <span class='ocrx_word' id='word_1_20' title='bbox 1152 977 1306 1070; x_wconf 90' lang='lat' dir='ltr'>ipsarum</span> <span class='ocrx_word' id='word_1_21' title='bbox 1328 983 1446 1048; x_wconf 87' lang='lat' dir='ltr'>tenore</span> <span class='ocrx_word' id='word_1_22' title='bbox 1466 973 1619 1068; x_wconf 78' lang='lat' dir='ltr'>cognito,</span> <span class='ocrx_word' id='word_1_23' title='bbox 1639 993 1720 1047; x_wconf 85' lang='lat' dir='ltr'>eoos</span> <span class='ocrx_word' id='word_1_24' title='bbox 1739 973 1804 1045; x_wconf 94' lang='lat' dir='ltr'>tibi</span> <span class='ocrx_word' id='word_1_25' title='bbox 1819 972 1956 1048; x_wconf 86' lang='lat' dir='ltr'>adsin-</span> 
     </span>
     <span class='ocr_line' id='line_1_4' title="bbox 546 1092 1953 1190; baseline 0.001 -22"><span class='ocrx_word' id='word_1_26' title='bbox 546 1097 628 1190; x_wconf 78' lang='lat' dir='ltr'>gula</span> <span class='ocrx_word' id='word_1_27' title='bbox 643 1093 904 1188; x_wconf 77' lang='lat' dir='ltr'>respondemus.</span> <span class='ocrx_word' id='word_1_28' title='bbox 920 1092 1035 1168; x_wconf 86' lang='lat' dir='ltr'>Primo</span> <span class='ocrx_word' id='word_1_29' title='bbox 1050 1097 1148 1190; x_wconf 91' lang='lat' dir='ltr'>quod</span> <span class='ocrx_word' id='word_1_30' title='bbox 1164 1097 1210 1170; x_wconf 91' lang='lat' dir='ltr'>ab</span> <span class='ocrx_word' id='word_1_31' title='bbox 1226 1096 1370 1172; x_wconf 90' lang='lat' dir='ltr'>ecclesia</span> <span class='ocrx_word' id='word_1_32' title='bbox 1381 1099 1505 1170; x_wconf 89' lang='lat' dir='ltr'>Sancte</span> <span class='ocrx_word' id='word_1_33' title='bbox 1517 1095 1691 1169; x_wconf 70' lang='lat' dir='ltr'><strong>Trinitatis</strong></span> <span class='ocrx_word' id='word_1_34' title='bbox 1710 1095 1756 1170; x_wconf 90' lang='lat' dir='ltr'>de</span> <span class='ocrx_word' id='word_1_35' title='bbox 1771 1096 1953 1189; x_wconf 90' lang='lat' dir='ltr'>Panormo,</span> 
     </span>
     <span class='ocr_line' id='line_1_5' title="bbox 545 1215 1954 1313; baseline -0.001 -20"><span class='ocrx_word' id='word_1_36' title='bbox 545 1219 682 1312; x_wconf 75' lang='lat' dir='ltr'>cognito</span> <span class='ocrx_word' id='word_1_37' title='bbox 693 1219 773 1310; x_wconf 86' lang='lat' dir='ltr'>juro</span> <span class='ocrx_word' id='word_1_38' title='bbox 791 1215 886 1289; x_wconf 90' lang='lat' dir='ltr'>curie</span> <span class='ocrx_word' id='word_1_39' title='bbox 899 1225 1014 1290; x_wconf 80' lang='lat' dir='ltr'>nostra</span> <span class='ocrx_word' id='word_1_40' title='bbox 1031 1230 1066 1291; x_wconf 89' lang='lat' dir='ltr'>et</span> <span class='ocrx_word' id='word_1_41' title='bbox 1082 1219 1224 1294; x_wconf 86' lang='lat' dir='ltr'>invento</span> <span class='ocrx_word' id='word_1_42' title='bbox 1235 1221 1313 1312; x_wconf 83' lang='lat' dir='ltr'>jure</span> <span class='ocrx_word' id='word_1_43' title='bbox 1327 1220 1470 1294; x_wconf 88' lang='lat' dir='ltr'>ecclesie</span> <span class='ocrx_word' id='word_1_44' title='bbox 1487 1218 1676 1310; x_wconf 79' lang='lat' dir='ltr'>defectivo,</span> <span class='ocrx_word' id='word_1_45' title='bbox 1694 1219 1834 1292; x_wconf 89' lang='lat' dir='ltr'>vineam</span> <span class='ocrx_word' id='word_1_46' title='bbox 1849 1240 1954 1313; x_wconf 90' lang='lat' dir='ltr'>quam</span> 
     </span>
     <span class='ocr_line' id='line_1_6' title="bbox 545 1337 1953 1438; baseline 0.003 -26"><span class='ocrx_word' id='word_1_47' title='bbox 545 1341 759 1436; x_wconf 79' lang='lat' dir='ltr'>plantaverat</span> <span class='ocrx_word' id='word_1_48' title='bbox 776 1338 812 1410; x_wconf 95' lang='lat' dir='ltr'>in</span> <span class='ocrx_word' id='word_1_49' title='bbox 830 1337 975 1412; x_wconf 87' lang='lat' dir='ltr'>flumine</span> <span class='ocrx_word' id='word_1_50' title='bbox 990 1338 1128 1433; x_wconf 85' lang='lat' dir='ltr'>Abbas,</span> <span class='ocrx_word' id='word_1_51' title='bbox 1153 1341 1337 1438; x_wconf 81' lang='lat' dir='ltr'>piscariam</span> <span class='ocrx_word' id='word_1_52' title='bbox 1357 1364 1463 1436; x_wconf 91' lang='lat' dir='ltr'>quam</span> <span class='ocrx_word' id='word_1_53' title='bbox 1485 1341 1631 1413; x_wconf 87' lang='lat' dir='ltr'>iaciebat</span> <span class='ocrx_word' id='word_1_54' title='bbox 1644 1342 1680 1412; x_wconf 94' lang='lat' dir='ltr'>iu</span> <span class='ocrx_word' id='word_1_55' title='bbox 1696 1341 1772 1436; x_wconf 90' lang='lat' dir='ltr'>ipso</span> <span class='ocrx_word' id='word_1_56' title='bbox 1790 1341 1953 1430; x_wconf 85' lang='lat' dir='ltr'>flumine,</span> 
     </span>
     <span class='ocr_line' id='line_1_7' title="bbox 544 1462 1955 1555; baseline 0.003 -21"><span class='ocrx_word' id='word_1_57' title='bbox 544 1462 777 1534; x_wconf 81' lang='lat' dir='ltr'>barbacanam</span> <span class='ocrx_word' id='word_1_58' title='bbox 788 1469 888 1534; x_wconf 86' lang='lat' dir='ltr'>extra</span> <span class='ocrx_word' id='word_1_59' title='bbox 899 1471 1033 1555; x_wconf 89' lang='lat' dir='ltr'>portam</span> <span class='ocrx_word' id='word_1_60' title='bbox 1048 1463 1273 1538; x_wconf 78' lang='lat' dir='ltr'>Thermarum</span> <span class='ocrx_word' id='word_1_61' title='bbox 1286 1465 1445 1538; x_wconf 89' lang='lat' dir='ltr'>Panormi</span> <span class='ocrx_word' id='word_1_62' title='bbox 1459 1472 1494 1536; x_wconf 87' lang='lat' dir='ltr'>et</span> <span class='ocrx_word' id='word_1_63' title='bbox 1508 1463 1604 1536; x_wconf 91' lang='lat' dir='ltr'>alind</span> <span class='ocrx_word' id='word_1_64' title='bbox 1616 1464 1851 1536; x_wconf 79' lang='lat' dir='ltr'>barbacanam</span> <span class='ocrx_word' id='word_1_65' title='bbox 1864 1465 1955 1538; x_wconf 85' lang='lat' dir='ltr'>intra</span> 
     </span>
     <span class='ocr_line' id='line_1_8' title="bbox 544 1583 1954 1684; baseline 0.002 -27"><span class='ocrx_word' id='word_1_66' title='bbox 544 1585 658 1658; x_wconf 90' lang='lat' dir='ltr'>menia</span> <span class='ocrx_word' id='word_1_67' title='bbox 675 1583 824 1657; x_wconf 89' lang='lat' dir='ltr'>civitatis</span> <span class='ocrx_word' id='word_1_68' title='bbox 842 1584 1000 1657; x_wconf 90' lang='lat' dir='ltr'>Panormi</span> <span class='ocrx_word' id='word_1_69' title='bbox 1013 1585 1151 1678; x_wconf 88' lang='lat' dir='ltr'>jardino</span> <span class='ocrx_word' id='word_1_70' title='bbox 1172 1586 1314 1684; x_wconf 89' lang='lat' dir='ltr'>suo(o),</span> <span class='ocrx_word' id='word_1_71' title='bbox 1335 1588 1478 1661; x_wconf 89' lang='lat' dir='ltr'>eeclesia</span> <span class='ocrx_word' id='word_1_72' title='bbox 1495 1587 1571 1682; x_wconf 89' lang='lat' dir='ltr'>ipsa</span> <span class='ocrx_word' id='word_1_73' title='bbox 1588 1587 1748 1676; x_wconf 86' lang='lat' dir='ltr'>exclusa,</span> <span class='ocrx_word' id='word_1_74' title='bbox 1766 1585 1814 1660; x_wconf 90' lang='lat' dir='ltr'>ad</span> <span class='ocrx_word' id='word_1_75' title='bbox 1831 1606 1954 1660; x_wconf 87' lang='lat' dir='ltr'>manus</span> 
     </span>
     <span class='ocr_line' id='line_1_9' title="bbox 544 1707 1952 1804; baseline 0.001 -24"><span class='ocrx_word' id='word_1_76' title='bbox 544 1718 658 1782; x_wconf 84' lang='lat' dir='ltr'>nostre</span> <span class='ocrx_word' id='word_1_77' title='bbox 670 1707 765 1780; x_wconf 90' lang='lat' dir='ltr'>curie</span> <span class='ocrx_word' id='word_1_78' title='bbox 782 1708 965 1797; x_wconf 88' lang='lat' dir='ltr'>revocasti,</span> <span class='ocrx_word' id='word_1_79' title='bbox 985 1709 1097 1803; x_wconf 86' lang='lat' dir='ltr'>planet</span> <span class='ocrx_word' id='word_1_80' title='bbox 1111 1711 1224 1784; x_wconf 86' lang='lat' dir='ltr'>nobis.</span> <span class='ocrx_word' id='word_1_81' title='bbox 1241 1711 1425 1804; x_wconf 80' lang='lat' dir='ltr'>Priviiegia</span> <span class='ocrx_word' id='word_1_82' title='bbox 1443 1730 1526 1783; x_wconf 86' lang='lat' dir='ltr'>vero</span> <span class='ocrx_word' id='word_1_83' title='bbox 1543 1719 1659 1781; x_wconf 86' lang='lat' dir='ltr'>nostra</span> <span class='ocrx_word' id='word_1_84' title='bbox 1676 1718 1711 1782; x_wconf 89' lang='lat' dir='ltr'>et</span> <span class='ocrx_word' id='word_1_85' title='bbox 1726 1709 1802 1781; x_wconf 91' lang='lat' dir='ltr'>divi</span> <span class='ocrx_word' id='word_1_86' title='bbox 1814 1711 1952 1802; x_wconf 77' lang='lat' dir='ltr'>augusti</span> 
     </span>
     <span class='ocr_line' id='line_1_10' title="bbox 543 1829 1952 1927; baseline -0.001 -23"><span class='ocrx_word' id='word_1_87' title='bbox 543 1831 650 1926; x_wconf 89' lang='lat' dir='ltr'>patris</span> <span class='ocrx_word' id='word_1_88' title='bbox 663 1829 768 1902; x_wconf 83' lang='lat' dir='ltr'>nostri</span> <span class='ocrx_word' id='word_1_89' title='bbox 781 1849 852 1924; x_wconf 89' lang='lat' dir='ltr'>que</span> <span class='ocrx_word' id='word_1_90' title='bbox 863 1831 953 1903; x_wconf 87' lang='lat' dir='ltr'>sicut</span> <span class='ocrx_word' id='word_1_91' title='bbox 966 1831 1089 1904; x_wconf 88' lang='lat' dir='ltr'>scribis</span> <span class='ocrx_word' id='word_1_92' title='bbox 1102 1832 1139 1904; x_wconf 95' lang='lat' dir='ltr'>in</span> <span class='ocrx_word' id='word_1_93' title='bbox 1148 1833 1338 1905; x_wconf 89' lang='lat' dir='ltr'>rationibus</span> <span class='ocrx_word' id='word_1_94' title='bbox 1349 1833 1459 1927; x_wconf 90' lang='lat' dir='ltr'>ipsius</span> <span class='ocrx_word' id='word_1_95' title='bbox 1472 1831 1616 1904; x_wconf 88' lang='lat' dir='ltr'>ecclesie</span> <span class='ocrx_word' id='word_1_96' title='bbox 1626 1829 1792 1925; x_wconf 88' lang='lat' dir='ltr'>reperisti,</span> <span class='ocrx_word' id='word_1_97' title='bbox 1804 1850 1952 1924; x_wconf 91' lang='lat' dir='ltr'>quorum</span> 
     </span>
     <span class='ocr_line' id='line_1_11' title="bbox 543 1953 1952 2049; baseline -0.002 -22"><span class='ocrx_word' id='word_1_98' title='bbox 543 1953 743 2027; x_wconf 90' lang='lat' dir='ltr'>anctoritate</span> <span class='ocrx_word' id='word_1_99' title='bbox 756 1960 915 2025; x_wconf 88' lang='lat' dir='ltr'>contenta</span> <span class='ocrx_word' id='word_1_100' title='bbox 933 1954 969 2024; x_wconf 95' lang='lat' dir='ltr'>in</span> <span class='ocrx_word' id='word_1_101' title='bbox 987 1954 1039 2026; x_wconf 90' lang='lat' dir='ltr'>eis</span> <span class='ocrx_word' id='word_1_102' title='bbox 1054 1955 1142 2049; x_wconf 90' lang='lat' dir='ltr'>parti</span> <span class='ocrx_word' id='word_1_103' title='bbox 1156 1957 1298 2028; x_wconf 86' lang='lat' dir='ltr'>ecclesie</span> <span class='ocrx_word' id='word_1_104' title='bbox 1312 1955 1484 2044; x_wconf 77' lang='lat' dir='ltr'>dimisisti,</span> <span class='ocrx_word' id='word_1_105' title='bbox 1501 1953 1596 2026; x_wconf 91' lang='lat' dir='ltr'>curie</span> <span class='ocrx_word' id='word_1_106' title='bbox 1607 1961 1722 2024; x_wconf 87' lang='lat' dir='ltr'>nostre</span> <span class='ocrx_word' id='word_1_107' title='bbox 1737 1973 1779 2024; x_wconf 87' lang='lat' dir='ltr'>ea</span> <span class='ocrx_word' id='word_1_108' title='bbox 1792 1953 1952 2024; x_wconf 88' lang='lat' dir='ltr'>volumus</span> 
     </span>
     <span class='ocr_line' id='line_1_12' title="bbox 543 2075 1951 2174; baseline -0.003 -24"><span class='ocrx_word' id='word_1_109' title='bbox 543 2077 743 2174; x_wconf 90' lang='lat' dir='ltr'>presentari.</span> <span class='ocrx_word' id='word_1_110' title='bbox 766 2077 816 2148; x_wconf 89' lang='lat' dir='ltr'>De</span> <span class='ocrx_word' id='word_1_111' title='bbox 832 2076 1019 2149; x_wconf 90' lang='lat' dir='ltr'>tenimento</span> <span class='ocrx_word' id='word_1_112' title='bbox 1034 2077 1210 2171; x_wconf 88' lang='lat' dir='ltr'>hospitalis</span> <span class='ocrx_word' id='word_1_113' title='bbox 1228 2079 1344 2150; x_wconf 88' lang='lat' dir='ltr'>Sancti</span> <span class='ocrx_word' id='word_1_114' title='bbox 1360 2077 1526 2151; x_wconf 82' lang='lat' dir='ltr'>lobannis</span> <span class='ocrx_word' id='word_1_115' title='bbox 1545 2075 1759 2148; x_wconf 88' lang='lat' dir='ltr'>intirmorum</span> <span class='ocrx_word' id='word_1_116' title='bbox 1783 2075 1878 2148; x_wconf 93' lang='lat' dir='ltr'>uude</span> <span class='ocrx_word' id='word_1_117' title='bbox 1894 2093 1951 2146; x_wconf 90' lang='lat' dir='ltr'>eo-</span> 
     </span>
     <span class='ocr_line' id='line_1_13' title="bbox 543 2197 1951 2295; baseline -0.004 -21"><span class='ocrx_word' id='word_1_118' title='bbox 543 2203 646 2276; x_wconf 92' lang='lat' dir='ltr'>ciesia</span> <span class='ocrx_word' id='word_1_119' title='bbox 659 2223 728 2273; x_wconf 94' lang='lat' dir='ltr'>uon</span> <span class='ocrx_word' id='word_1_120' title='bbox 741 2198 891 2273; x_wconf 78' lang='lat' dir='ltr'>ostendit</span> <span class='ocrx_word' id='word_1_121' title='bbox 904 2199 970 2270; x_wconf 93' lang='lat' dir='ltr'>uisi</span> <span class='ocrx_word' id='word_1_122' title='bbox 981 2201 1133 2273; x_wconf 89' lang='lat' dir='ltr'>notulam</span> <span class='ocrx_word' id='word_1_123' title='bbox 1143 2221 1248 2272; x_wconf 91' lang='lat' dir='ltr'>unam</span> <span class='ocrx_word' id='word_1_124' title='bbox 1262 2201 1433 2295; x_wconf 75' lang='lat' dir='ltr'>privilegii</span> <span class='ocrx_word' id='word_1_125' title='bbox 1445 2199 1541 2294; x_wconf 89' lang='lat' dir='ltr'>quod</span> <span class='ocrx_word' id='word_1_126' title='bbox 1554 2220 1592 2271; x_wconf 90' lang='lat' dir='ltr'>se</span> <span class='ocrx_word' id='word_1_127' title='bbox 1602 2198 1687 2272; x_wconf 90' lang='lat' dir='ltr'>dicit</span> <span class='ocrx_word' id='word_1_128' title='bbox 1696 2197 1825 2270; x_wconf 91' lang='lat' dir='ltr'>babere</span> <span class='ocrx_word' id='word_1_129' title='bbox 1836 2217 1857 2270; x_wconf 90' lang='lat' dir='ltr'>a</span> <span class='ocrx_word' id='word_1_130' title='bbox 1870 2215 1951 2290; x_wconf 78' lang='lat' dir='ltr'>rege</span> 
     </span>
     <span class='ocr_line' id='line_1_14' title="bbox 543 2319 1951 2417; baseline -0.002 -22"><span class='ocrx_word' id='word_1_131' title='bbox 543 2325 583 2397; x_wconf 87' lang='lat' dir='ltr'>G.</span> <span class='ocrx_word' id='word_1_132' title='bbox 601 2324 790 2409; x_wconf 92' lang='lat' dir='ltr'>indultum,</span> <span class='ocrx_word' id='word_1_133' title='bbox 813 2321 909 2416; x_wconf 89' lang='lat' dir='ltr'>quod</span> <span class='ocrx_word' id='word_1_134' title='bbox 928 2321 1054 2394; x_wconf 92' lang='lat' dir='ltr'>dicitur</span> <span class='ocrx_word' id='word_1_135' title='bbox 1070 2343 1146 2394; x_wconf 89' lang='lat' dir='ltr'>esse</span> <span class='ocrx_word' id='word_1_136' title='bbox 1157 2323 1194 2394; x_wconf 94' lang='lat' dir='ltr'>in</span> <span class='ocrx_word' id='word_1_137' title='bbox 1208 2323 1362 2417; x_wconf 85' lang='lat' dir='ltr'>partibus</span> <span class='ocrx_word' id='word_1_138' title='bbox 1379 2321 1627 2410; x_wconf 86' lang='lat' dir='ltr'>ultramarinis,</span> <span class='ocrx_word' id='word_1_139' title='bbox 1647 2319 1747 2412; x_wconf 86' lang='lat' dir='ltr'>cu&#39;jus</span> <span class='ocrx_word' id='word_1_140' title='bbox 1762 2329 1879 2392; x_wconf 93' lang='lat' dir='ltr'>tenore</span> <span class='ocrx_word' id='word_1_141' title='bbox 1893 2339 1951 2392; x_wconf 88' lang='lat' dir='ltr'>re-</span> 
     </span>
     <span class='ocr_line' id='line_1_15' title="bbox 542 2441 1949 2540; baseline -0.004 -20"><span class='ocrx_word' id='word_1_142' title='bbox 542 2447 755 2520; x_wconf 87' lang='lat' dir='ltr'>vocationem</span> <span class='ocrx_word' id='word_1_143' title='bbox 771 2443 946 2531; x_wconf 87' lang='lat' dir='ltr'>distulisti,</span> <span class='ocrx_word' id='word_1_144' title='bbox 966 2455 1148 2540; x_wconf 88' lang='lat' dir='ltr'>propterea</span> <span class='ocrx_word' id='word_1_145' title='bbox 1172 2444 1268 2539; x_wconf 91' lang='lat' dir='ltr'>qnod</span> <span class='ocrx_word' id='word_1_146' title='bbox 1285 2446 1321 2515; x_wconf 95' lang='lat' dir='ltr'>in</span> <span class='ocrx_word' id='word_1_147' title='bbox 1336 2445 1489 2538; x_wconf 88' lang='lat' dir='ltr'>quodam</span> <span class='ocrx_word' id='word_1_148' title='bbox 1505 2444 1689 2540; x_wconf 78' lang='lat' dir='ltr'>privilegio</span> <span class='ocrx_word' id='word_1_149' title='bbox 1707 2452 1823 2516; x_wconf 85' lang='lat' dir='ltr'>nostru</span> <span class='ocrx_word' id='word_1_150' title='bbox 1837 2441 1949 2516; x_wconf 90' lang='lat' dir='ltr'>eidem</span> 
     </span>
     <span class='ocr_line' id='line_1_16' title="bbox 541 2563 1949 2661; baseline -0.005 -19"><span class='ocrx_word' id='word_1_151' title='bbox 541 2569 684 2642; x_wconf 88' lang='lat' dir='ltr'>ecclesie</span> <span class='ocrx_word' id='word_1_152' title='bbox 700 2567 834 2640; x_wconf 89' lang='lat' dir='ltr'>indulto</span> <span class='ocrx_word' id='word_1_153' title='bbox 850 2567 1042 2640; x_wconf 90' lang='lat' dir='ltr'>continetur</span> <span class='ocrx_word' id='word_1_154' title='bbox 1054 2566 1266 2640; x_wconf 86' lang='lat' dir='ltr'>confirmatio</span> <span class='ocrx_word' id='word_1_155' title='bbox 1279 2568 1363 2640; x_wconf 94' lang='lat' dir='ltr'>dicti</span> <span class='ocrx_word' id='word_1_156' title='bbox 1379 2567 1470 2661; x_wconf 76' lang='lat' dir='ltr'>regis</span> <span class='ocrx_word' id='word_1_157' title='bbox 1483 2567 1653 2639; x_wconf 85' lang='lat' dir='ltr'>Gnilielmi</span> <span class='ocrx_word' id='word_1_158' title='bbox 1665 2565 1851 2661; x_wconf 78' lang='lat' dir='ltr'>privilegii,</span> <span class='ocrx_word' id='word_1_159' title='bbox 1868 2563 1949 2658; x_wconf 91' lang='lat' dir='ltr'>quia</span> 
     </span>
     <span class='ocr_line' id='line_1_17' title="bbox 541 2689 1948 2788; baseline -0.003 -24"><span class='ocrx_word' id='word_1_160' title='bbox 541 2693 628 2788; x_wconf 89' lang='lat' dir='ltr'>parti</span> <span class='ocrx_word' id='word_1_161' title='bbox 644 2692 786 2765; x_wconf 86' lang='lat' dir='ltr'>ecclesie</span> <span class='ocrx_word' id='word_1_162' title='bbox 802 2701 932 2764; x_wconf 88' lang='lat' dir='ltr'>certum</span> <span class='ocrx_word' id='word_1_163' title='bbox 950 2691 1135 2763; x_wconf 88' lang='lat' dir='ltr'>terminum</span> <span class='ocrx_word' id='word_1_164' title='bbox 1152 2712 1222 2764; x_wconf 94' lang='lat' dir='ltr'>nou</span> <span class='ocrx_word' id='word_1_165' title='bbox 1241 2691 1368 2764; x_wconf 89' lang='lat' dir='ltr'>dedisti</span> <span class='ocrx_word' id='word_1_166' title='bbox 1384 2713 1454 2786; x_wconf 92' lang='lat' dir='ltr'>quo</span> <span class='ocrx_word' id='word_1_167' title='bbox 1470 2693 1622 2786; x_wconf 91' lang='lat' dir='ltr'>ipsorum</span> <span class='ocrx_word' id='word_1_168' title='bbox 1640 2689 1716 2786; x_wconf 82' lang='lat' dir='ltr'>(ric)</span> <span class='ocrx_word' id='word_1_169' title='bbox 1730 2689 1948 2785; x_wconf 78' lang='lat' dir='ltr'>privilegium</span> 
     </span>
     <span class='ocr_line' id='line_1_18' title="bbox 541 2812 1950 2911; baseline -0.004 -23"><span class='ocrx_word' id='word_1_170' title='bbox 541 2817 751 2890; x_wconf 87' lang='lat' dir='ltr'>autenticum</span> <span class='ocrx_word' id='word_1_171' title='bbox 766 2823 994 2911; x_wconf 59' lang='lat' dir='ltr'>presentare,</span> <span class='ocrx_word' id='word_1_172' title='bbox 1014 2815 1120 2910; x_wconf 79' lang='lat' dir='ltr'>digne</span> <span class='ocrx_word' id='word_1_173' title='bbox 1138 2815 1381 2910; x_wconf 78' lang='lat' dir='ltr'>redarguimus</span> <span class='ocrx_word' id='word_1_174' title='bbox 1396 2837 1593 2910; x_wconf 85' lang='lat' dir='ltr'>processum</span> <span class='ocrx_word' id='word_1_175' title='bbox 1612 2825 1725 2886; x_wconf 93' lang='lat' dir='ltr'>tuum.</span> <span class='ocrx_word' id='word_1_176' title='bbox 1744 2812 1950 2886; x_wconf 88' lang='lat' dir='ltr'>blandamus</span> 
     </span>
     <span class='ocr_line' id='line_1_19' title="bbox 541 2933 1951 3034; baseline -0.007 -20"><span class='ocrx_word' id='word_1_177' title='bbox 541 2962 623 3034; x_wconf 81' lang='lat' dir='ltr'>ergo</span> <span class='ocrx_word' id='word_1_178' title='bbox 641 2939 797 3014; x_wconf 86' lang='lat' dir='ltr'>fidelitati</span> <span class='ocrx_word' id='word_1_179' title='bbox 813 2949 872 3012; x_wconf 91' lang='lat' dir='ltr'>tue</span> <span class='ocrx_word' id='word_1_180' title='bbox 888 2949 1059 3034; x_wconf 84' lang='lat' dir='ltr'>quatenns</span> <span class='ocrx_word' id='word_1_181' title='bbox 1071 2941 1252 3013; x_wconf 86' lang='lat' dir='ltr'>terminum</span> <span class='ocrx_word' id='word_1_182' title='bbox 1268 2939 1535 3034; x_wconf 88' lang='lat' dir='ltr'>peremptorium</span> <span class='ocrx_word' id='word_1_183' title='bbox 1554 2945 1803 3032; x_wconf 88' lang='lat' dir='ltr'>competentem</span> <span class='ocrx_word' id='word_1_184' title='bbox 1820 2933 1951 3006; x_wconf 86' lang='lat' dir='ltr'>tribuas</span> 
     </span>
     <span class='ocr_line' id='line_1_20' title="bbox 539 3061 1947 3158; baseline -0.006 -22"><span class='ocrx_word' id='word_1_185' title='bbox 539 3063 654 3136; x_wconf 91' lang='lat' dir='ltr'>eidem</span> <span class='ocrx_word' id='word_1_186' title='bbox 672 3063 815 3135; x_wconf 89' lang='lat' dir='ltr'>ecclesie</span> <span class='ocrx_word' id='word_1_187' title='bbox 835 3084 906 3156; x_wconf 90' lang='lat' dir='ltr'>qno</span> <span class='ocrx_word' id='word_1_188' title='bbox 927 3063 1042 3158; x_wconf 89' lang='lat' dir='ltr'>ipsum</span> <span class='ocrx_word' id='word_1_189' title='bbox 1060 3064 1279 3157; x_wconf 76' lang='lat' dir='ltr'>privilegium</span> <span class='ocrx_word' id='word_1_190' title='bbox 1299 3063 1391 3154; x_wconf 81' lang='lat' dir='ltr'>regis</span> <span class='ocrx_word' id='word_1_191' title='bbox 1409 3062 1450 3133; x_wconf 90' lang='lat' dir='ltr'>G.</span> <span class='ocrx_word' id='word_1_192' title='bbox 1472 3071 1588 3134; x_wconf 87' lang='lat' dir='ltr'>nostre</span> <span class='ocrx_word' id='word_1_193' title='bbox 1608 3061 1703 3133; x_wconf 89' lang='lat' dir='ltr'>curis</span> <span class='ocrx_word' id='word_1_194' title='bbox 1722 3065 1947 3154; x_wconf 56' lang='lat' dir='ltr'>representem</span> 
     </span>
     <span class='ocr_line' id='line_1_21' title="bbox 540 3181 1950 3280; baseline -0.006 -22"><span class='ocrx_word' id='word_1_195' title='bbox 540 3187 570 3258; x_wconf 92' lang='lat' dir='ltr'>si</span> <span class='ocrx_word' id='word_1_196' title='bbox 599 3205 683 3258; x_wconf 90' lang='lat' dir='ltr'>vero</span> <span class='ocrx_word' id='word_1_197' title='bbox 703 3207 775 3256; x_wconf 94' lang='lat' dir='ltr'>non</span> <span class='ocrx_word' id='word_1_198' title='bbox 798 3185 899 3256; x_wconf 84' lang='lat' dir='ltr'>inerit</span> <span class='ocrx_word' id='word_1_199' title='bbox 920 3195 1152 3280; x_wconf 81' lang='lat' dir='ltr'>presentatum</span> <span class='ocrx_word' id='word_1_200' title='bbox 1174 3185 1212 3256; x_wconf 93' lang='lat' dir='ltr'>in</span> <span class='ocrx_word' id='word_1_201' title='bbox 1236 3187 1399 3277; x_wconf 89' lang='lat' dir='ltr'>termino,</span> <span class='ocrx_word' id='word_1_202' title='bbox 1427 3184 1594 3280; x_wconf 92' lang='lat' dir='ltr'>quioquid</span> <span class='ocrx_word' id='word_1_203' title='bbox 1618 3185 1654 3255; x_wconf 94' lang='lat' dir='ltr'>in</span> <span class='ocrx_word' id='word_1_204' title='bbox 1678 3181 1800 3256; x_wconf 86' lang='lat' dir='ltr'>eodem</span> <span class='ocrx_word' id='word_1_205' title='bbox 1825 3181 1950 3254; x_wconf 91' lang='lat' dir='ltr'>dicitnr</span> 
     </span>
     <span class='ocr_line' id='line_1_22' title="bbox 540 3304 1947 3402; baseline -0.005 -22"><span class='ocrx_word' id='word_1_206' title='bbox 540 3307 706 3380; x_wconf 87' lang='lat' dir='ltr'>contineri</span> <span class='ocrx_word' id='word_1_207' title='bbox 724 3305 767 3378; x_wconf 91' lang='lat' dir='ltr'>ad</span> <span class='ocrx_word' id='word_1_208' title='bbox 783 3327 906 3378; x_wconf 91' lang='lat' dir='ltr'>manus</span> <span class='ocrx_word' id='word_1_209' title='bbox 922 3307 1017 3379; x_wconf 90' lang='lat' dir='ltr'>curie</span> <span class='ocrx_word' id='word_1_210' title='bbox 1035 3316 1149 3380; x_wconf 88' lang='lat' dir='ltr'>nostre</span> <span class='ocrx_word' id='word_1_211' title='bbox 1172 3329 1331 3399; x_wconf 88' lang='lat' dir='ltr'>revoces,</span> <span class='ocrx_word' id='word_1_212' title='bbox 1352 3318 1518 3402; x_wconf 87' lang='lat' dir='ltr'>tunquam</span> <span class='ocrx_word' id='word_1_213' title='bbox 1534 3309 1563 3378; x_wconf 92' lang='lat' dir='ltr'>si</span> <span class='ocrx_word' id='word_1_214' title='bbox 1581 3307 1715 3378; x_wconf 90' lang='lat' dir='ltr'>nullum</span> <span class='ocrx_word' id='word_1_215' title='bbox 1730 3304 1947 3400; x_wconf 79' lang='lat' dir='ltr'>privilegium</span> 
     </span>
     <span class='ocr_line' id='line_1_23' title="bbox 539 3429 1947 3526; baseline -0.003 -26"><span class='ocrx_word' id='word_1_216' title='bbox 539 3429 693 3524; x_wconf 88' lang='lat' dir='ltr'>predicte</span> <span class='ocrx_word' id='word_1_217' title='bbox 708 3429 850 3502; x_wconf 85' lang='lat' dir='ltr'>ecclesie</span> <span class='ocrx_word' id='word_1_218' title='bbox 868 3429 970 3500; x_wconf 87' lang='lat' dir='ltr'>fuerit</span> <span class='ocrx_word' id='word_1_219' title='bbox 986 3429 1175 3515; x_wconf 89' lang='lat' dir='ltr'>indultum;</span> <span class='ocrx_word' id='word_1_220' title='bbox 1194 3453 1272 3504; x_wconf 92' lang='lat' dir='ltr'>cum</span> <span class='ocrx_word' id='word_1_221' title='bbox 1293 3432 1322 3502; x_wconf 88' lang='lat' dir='ltr'>si</span> <span class='ocrx_word' id='word_1_222' title='bbox 1338 3440 1571 3526; x_wconf 88' lang='lat' dir='ltr'>presentatum</span> <span class='ocrx_word' id='word_1_223' title='bbox 1589 3429 1833 3502; x_wconf 88' lang='lat' dir='ltr'>documentum</span> <span class='ocrx_word' id='word_1_224' title='bbox 1853 3447 1947 3499; x_wconf 89' lang='lat' dir='ltr'>men·</span> 
     </span>
     <span class='ocr_line' id='line_1_24' title="bbox 539 3549 1947 3646; baseline -0.003 -22"><span class='ocrx_word' id='word_1_225' title='bbox 539 3553 667 3626; x_wconf 92' lang='lat' dir='ltr'>tionem</span> <span class='ocrx_word' id='word_1_226' title='bbox 680 3552 852 3624; x_wconf 88' lang='lat' dir='ltr'>contineat</span> <span class='ocrx_word' id='word_1_227' title='bbox 863 3552 1004 3624; x_wconf 90' lang='lat' dir='ltr'>alterius</span> <span class='ocrx_word' id='word_1_228' title='bbox 1019 3553 1230 3644; x_wconf 84' lang='lat' dir='ltr'>documenti,</span> <span class='ocrx_word' id='word_1_229' title='bbox 1247 3553 1304 3626; x_wconf 87' lang='lat' dir='ltr'>edi</span> <span class='ocrx_word' id='word_1_230' title='bbox 1318 3553 1444 3626; x_wconf 87' lang='lat' dir='ltr'>debeat</span> <span class='ocrx_word' id='word_1_231' title='bbox 1458 3551 1545 3624; x_wconf 94' lang='lat' dir='ltr'>illud</span> <span class='ocrx_word' id='word_1_232' title='bbox 1561 3553 1605 3625; x_wconf 90' lang='lat' dir='ltr'>de</span> <span class='ocrx_word' id='word_1_233' title='bbox 1621 3573 1692 3646; x_wconf 90' lang='lat' dir='ltr'>quo</span> <span class='ocrx_word' id='word_1_234' title='bbox 1706 3553 1787 3624; x_wconf 89' lang='lat' dir='ltr'>lacit</span> <span class='ocrx_word' id='word_1_235' title='bbox 1803 3549 1947 3622; x_wconf 92' lang='lat' dir='ltr'>mentio·</span> 
     </span>
     <span class='ocr_line' id='line_1_25' title="bbox 539 3671 1946 3769; baseline -0.004 -22"><span class='ocrx_word' id='word_1_236' title='bbox 539 3697 632 3748; x_wconf 88' lang='lat' dir='ltr'>nem.</span> <span class='ocrx_word' id='word_1_237' title='bbox 649 3677 698 3748; x_wconf 89' lang='lat' dir='ltr'>De</span> <span class='ocrx_word' id='word_1_238' title='bbox 718 3674 815 3748; x_wconf 87' lang='lat' dir='ltr'>terris</span> <span class='ocrx_word' id='word_1_239' title='bbox 829 3675 1041 3748; x_wconf 88' lang='lat' dir='ltr'>laboratoriis</span> <span class='ocrx_word' id='word_1_240' title='bbox 1062 3696 1154 3769; x_wconf 88' lang='lat' dir='ltr'>quas</span> <span class='ocrx_word' id='word_1_241' title='bbox 1165 3674 1287 3748; x_wconf 87' lang='lat' dir='ltr'>eadem</span> <span class='ocrx_word' id='word_1_242' title='bbox 1305 3675 1450 3748; x_wconf 89' lang='lat' dir='ltr'>ecclesia</span> <span class='ocrx_word' id='word_1_243' title='bbox 1467 3675 1572 3747; x_wconf 88' lang='lat' dir='ltr'>babet</span> <span class='ocrx_word' id='word_1_244' title='bbox 1587 3675 1675 3746; x_wconf 87' lang='lat' dir='ltr'>sicut</span> <span class='ocrx_word' id='word_1_245' title='bbox 1691 3673 1814 3746; x_wconf 89' lang='lat' dir='ltr'>scribis</span> <span class='ocrx_word' id='word_1_246' title='bbox 1829 3673 1866 3742; x_wconf 93' lang='lat' dir='ltr'>in</span> <span class='ocrx_word' id='word_1_247' title='bbox 1880 3671 1946 3742; x_wconf 93' lang='lat' dir='ltr'>cir-</span> 
     </span>
     <span class='ocr_line' id='line_1_26' title="bbox 539 3795 1946 3894; baseline -0.006 -20"><span class='ocrx_word' id='word_1_248' title='bbox 539 3802 634 3874; x_wconf 90' lang='lat' dir='ltr'>cuitu</span> <span class='ocrx_word' id='word_1_249' title='bbox 648 3801 820 3891; x_wconf 89' lang='lat' dir='ltr'>Panormi,</span> <span class='ocrx_word' id='word_1_250' title='bbox 837 3809 945 3872; x_wconf 87' lang='lat' dir='ltr'>emtas</span> <span class='ocrx_word' id='word_1_251' title='bbox 957 3798 1133 3894; x_wconf 90' lang='lat' dir='ltr'>quondam</span> <span class='ocrx_word' id='word_1_252' title='bbox 1147 3820 1208 3894; x_wconf 92' lang='lat' dir='ltr'>per</span> <span class='ocrx_word' id='word_1_253' title='bbox 1224 3799 1465 3872; x_wconf 90' lang='lat' dir='ltr'>cancellarium</span> <span class='ocrx_word' id='word_1_254' title='bbox 1479 3801 1523 3871; x_wconf 87' lang='lat' dir='ltr'>ll.</span> <span class='ocrx_word' id='word_1_255' title='bbox 1541 3799 1630 3870; x_wconf 91' lang='lat' dir='ltr'>sicut</span> <span class='ocrx_word' id='word_1_256' title='bbox 1644 3797 1779 3886; x_wconf 89' lang='lat' dir='ltr'>scribis,</span> <span class='ocrx_word' id='word_1_257' title='bbox 1797 3795 1946 3868; x_wconf 84' lang='lat' dir='ltr'>firmatas</span> 
     </span>
     <span class='ocr_line' id='line_1_27' title="bbox 540 3918 1948 4017; baseline -0.009 -20"><span class='ocrx_word' id='word_1_258' title='bbox 540 3925 646 3998; x_wconf 85' lang='lat' dir='ltr'>luisse</span> <span class='ocrx_word' id='word_1_259' title='bbox 677 3922 790 3996; x_wconf 88' lang='lat' dir='ltr'>eidem</span> <span class='ocrx_word' id='word_1_260' title='bbox 824 3922 981 4017; x_wconf 88' lang='lat' dir='ltr'>hospitali</span> <span class='ocrx_word' id='word_1_261' title='bbox 1010 3943 1070 4015; x_wconf 93' lang='lat' dir='ltr'>per</span> <span class='ocrx_word' id='word_1_262' title='bbox 1098 3921 1276 4016; x_wconf 89' lang='lat' dir='ltr'>quoddam</span> <span class='ocrx_word' id='word_1_263' title='bbox 1306 3922 1525 4016; x_wconf 80' lang='lat' dir='ltr'>privilegium</span> <span class='ocrx_word' id='word_1_264' title='bbox 1551 3921 1643 4014; x_wconf 75' lang='lat' dir='ltr'>regis</span> <span class='ocrx_word' id='word_1_265' title='bbox 1670 3918 1711 3991; x_wconf 86' lang='lat' dir='ltr'>G.</span> <span class='ocrx_word' id='word_1_266' title='bbox 1746 3939 1887 4009; x_wconf 80' lang='lat' dir='ltr'>grecum</span> <span class='ocrx_word' id='word_1_267' title='bbox 1913 3924 1948 3988; x_wconf 89' lang='lat' dir='ltr'>et</span> 
     </span>
     <span class='ocr_line' id='line_1_28' title="bbox 538 4041 1947 4138; baseline -0.009 -16"><span class='ocrx_word' id='word_1_268' title='bbox 538 4047 789 4122; x_wconf 90' lang='lat' dir='ltr'>sarracenicum</span> <span class='ocrx_word' id='word_1_269' title='bbox 806 4043 935 4118; x_wconf 83' lang='lat' dir='ltr'>ntideo</span> <span class='ocrx_word' id='word_1_270' title='bbox 955 4043 1002 4117; x_wconf 90' lang='lat' dir='ltr'>ad</span> <span class='ocrx_word' id='word_1_271' title='bbox 1019 4045 1273 4118; x_wconf 86' lang='lat' dir='ltr'>revocationem</span> <span class='ocrx_word' id='word_1_272' title='bbox 1295 4066 1414 4117; x_wconf 91' lang='lat' dir='ltr'>earnm</span> <span class='ocrx_word' id='word_1_273' title='bbox 1440 4043 1627 4138; x_wconf 88' lang='lat' dir='ltr'>procedere</span> <span class='ocrx_word' id='word_1_274' title='bbox 1649 4041 1826 4132; x_wconf 87' lang='lat' dir='ltr'>distulisti,</span> <span class='ocrx_word' id='word_1_275' title='bbox 1848 4059 1947 4111; x_wconf 88' lang='lat' dir='ltr'>man·</span> 
     </span>
     <span class='ocr_line' id='line_1_29' title="bbox 538 4165 1947 4263; baseline -0.009 -19"><span class='ocrx_word' id='word_1_276' title='bbox 538 4172 663 4244; x_wconf 91' lang='lat' dir='ltr'>damus</span> <span class='ocrx_word' id='word_1_277' title='bbox 677 4167 832 4243; x_wconf 86' lang='lat' dir='ltr'>fidelitati</span> <span class='ocrx_word' id='word_1_278' title='bbox 849 4178 907 4240; x_wconf 91' lang='lat' dir='ltr'>tue</span> <span class='ocrx_word' id='word_1_279' title='bbox 927 4178 966 4239; x_wconf 94' lang='lat' dir='ltr'>ut</span> <span class='ocrx_word' id='word_1_280' title='bbox 983 4168 1096 4262; x_wconf 91' lang='lat' dir='ltr'>ipsum</span> <span class='ocrx_word' id='word_1_281' title='bbox 1114 4169 1323 4239; x_wconf 88' lang='lat' dir='ltr'>autenticum</span> <span class='ocrx_word' id='word_1_282' title='bbox 1349 4167 1569 4263; x_wconf 80' lang='lat' dir='ltr'>privilegium</span> <span class='ocrx_word' id='word_1_283' title='bbox 1597 4165 1694 4237; x_wconf 90' lang='lat' dir='ltr'>curie</span> <span class='ocrx_word' id='word_1_284' title='bbox 1718 4173 1833 4236; x_wconf 90' lang='lat' dir='ltr'>nostre</span> <span class='ocrx_word' id='word_1_285' title='bbox 1855 4169 1947 4233; x_wconf 89' lang='lat' dir='ltr'>certo</span> 
     </span>
     <span class='ocr_line' id='line_1_30' title="bbox 538 4287 1947 4387; baseline -0.008 -21"><span class='ocrx_word' id='word_1_286' title='bbox 538 4295 684 4366; x_wconf 91' lang='lat' dir='ltr'>termino</span> <span class='ocrx_word' id='word_1_287' title='bbox 698 4289 868 4387; x_wconf 90' lang='lat' dir='ltr'>precipias</span> <span class='ocrx_word' id='word_1_288' title='bbox 884 4289 1093 4385; x_wconf 89' lang='lat' dir='ltr'>presentari,</span> <span class='ocrx_word' id='word_1_289' title='bbox 1110 4299 1149 4362; x_wconf 92' lang='lat' dir='ltr'>ut</span> <span class='ocrx_word' id='word_1_290' title='bbox 1164 4289 1209 4362; x_wconf 88' lang='lat' dir='ltr'>de</span> <span class='ocrx_word' id='word_1_291' title='bbox 1227 4290 1334 4386; x_wconf 91' lang='lat' dir='ltr'>ipsius</span> <span class='ocrx_word' id='word_1_292' title='bbox 1346 4291 1536 4364; x_wconf 89' lang='lat' dir='ltr'>etaliorum</span> <span class='ocrx_word' id='word_1_293' title='bbox 1555 4287 1813 4383; x_wconf 82' lang='lat' dir='ltr'>privilegiorum</span> <span class='ocrx_word' id='word_1_294' title='bbox 1831 4293 1947 4357; x_wconf 78' lang='lat' dir='ltr'>tonora</span> 
     </span>
     <span class='ocr_line' id='line_1_31' title="bbox 537 4407 1946 4510; baseline -0.008 -22"><span class='ocrx_word' id='word_1_295' title='bbox 537 4415 725 4510; x_wconf 87' lang='lat' dir='ltr'>majestatis</span> <span class='ocrx_word' id='word_1_296' title='bbox 744 4423 859 4486; x_wconf 88' lang='lat' dir='ltr'>nostre</span> <span class='ocrx_word' id='word_1_297' title='bbox 881 4413 1135 4508; x_wconf 91' lang='lat' dir='ltr'>beneplacitum</span> <span class='ocrx_word' id='word_1_298' title='bbox 1158 4415 1346 4485; x_wconf 89' lang='lat' dir='ltr'>voluntatis</span> <span class='ocrx_word' id='word_1_299' title='bbox 1368 4415 1604 4506; x_wconf 78' lang='lat' dir='ltr'>injungamus.</span> <span class='ocrx_word' id='word_1_300' title='bbox 1627 4407 1875 4484; x_wconf 91' lang='lat' dir='ltr'>Nicbilominus</span> <span class='ocrx_word' id='word_1_301' title='bbox 1894 4415 1946 4478; x_wconf 87' lang='lat' dir='ltr'>ta·</span> 
     </span>
     <span class='ocr_line' id='line_1_32' title="bbox 537 4531 1945 4630; baseline -0.009 -18"><span class='ocrx_word' id='word_1_302' title='bbox 537 4561 617 4612; x_wconf 89' lang='lat' dir='ltr'>men</span> <span class='ocrx_word' id='word_1_303' title='bbox 634 4539 795 4611; x_wconf 86' lang='lat' dir='ltr'>volumus</span> <span class='ocrx_word' id='word_1_304' title='bbox 812 4545 852 4608; x_wconf 95' lang='lat' dir='ltr'>ut</span> <span class='ocrx_word' id='word_1_305' title='bbox 863 4535 1045 4628; x_wconf 76' lang='lat' dir='ltr'>diligenter</span> <span class='ocrx_word' id='word_1_306' title='bbox 1063 4535 1217 4630; x_wconf 88' lang='lat' dir='ltr'>inquiras</span> <span class='ocrx_word' id='word_1_307' title='bbox 1233 4535 1278 4608; x_wconf 91' lang='lat' dir='ltr'>de</span> <span class='ocrx_word' id='word_1_308' title='bbox 1294 4535 1412 4624; x_wconf 90' lang='lat' dir='ltr'>bullis,</span> <span class='ocrx_word' id='word_1_309' title='bbox 1434 4534 1501 4608; x_wconf 87' lang='lat' dir='ltr'>iilis</span> <span class='ocrx_word' id='word_1_310' title='bbox 1517 4543 1551 4608; x_wconf 88' lang='lat' dir='ltr'>et</span> <span class='ocrx_word' id='word_1_311' title='bbox 1568 4533 1696 4606; x_wconf 90' lang='lat' dir='ltr'>licteris</span> <span class='ocrx_word' id='word_1_312' title='bbox 1713 4531 1945 4628; x_wconf 90' lang='lat' dir='ltr'>predictorum</span> 
     </span>
    </p>
   </div>
   <div class='ocr_carea' id='block_1_3' title="bbox 579 4793 1363 4879">
    <p class='ocr_par' dir='ltr' id='par_1_3' title="bbox 579 4793 1363 4879">
     <span class='ocr_line' id='line_1_33' title="bbox 579 4793 1363 4879; baseline -0.006 -19"><span class='ocrx_word' id='word_1_313' title='bbox 579 4797 621 4879; x_wconf 83' lang='lat' dir='ltr'>(a)</span> <span class='ocrx_word' id='word_1_314' title='bbox 642 4797 779 4862; x_wconf 80' lang='lat' dir='ltr'>Forsitan</span> <span class='ocrx_word' id='word_1_315' title='bbox 792 4793 989 4874; x_wconf 84' lang='lat' dir='ltr'>supplendum</span> <span class='ocrx_word' id='word_1_316' title='bbox 999 4795 1166 4876; x_wconf 74' lang='lat' dir='ltr'>cccttpaam</span> <span class='ocrx_word' id='word_1_317' title='bbox 1179 4794 1226 4858; x_wconf 81' lang='lat' dir='ltr'>vel</span> <span class='ocrx_word' id='word_1_318' title='bbox 1239 4794 1363 4858; x_wconf 61' lang='lat' dir='ltr'>aaran</span> 
     </span>
    </p>
   </div>
   <div class='ocr_carea' id='block_1_4' title="bbox 0 0 2238 6010">
    <p class='ocr_par' dir='ltr' id='par_1_4' title="bbox 0 0 2238 6010">
     <span class='ocr_line' id='line_1_34' title="bbox 0 0 2238 6010; baseline 0 0"><span class='ocrx_word' id='word_1_319' title='bbox 0 0 2238 6010; x_wconf 95' lang='lat' dir='ltr'> </span> 
     </span>
    </p>
   </div>
  </div>
 </body>
</html>
