4358 5996
545 617 607 680 oui
1048 615 1262 684 amoenior
1287 619 1461 684 SECUNDI
1769 621 1853 706 [Aa.
1873 621 1968 686 1240.

545 749 715 848 quioquid
729 749 792 823 tibi
808 771 871 846 pro
887 749 1038 824 servitiis
1054 753 1178 827 nostrie
1195 755 1337 830 duxerit
1355 753 1622 850 injungendum,
1636 757 1763 852 exequi
1777 779 1848 830 non
1864 767 1967 854 post-

547 897 655 972 ponas
671 883 710 948 nt
724 873 853 950 exinde
869 873 1134 948 commenderis.

750 1111 1067 1125 ..Ἥ-η..-

464 1363 477 1429 ‚2
597 1326 776 1412 Mandata
794 1327 844 1408 ud
859 1325 1109 1436 justitiarium
1130 1330 1280 1438 Aprutii
1298 1331 1404 1440 quod
1421 1331 1551 1414 omnia
1569 1329 1671 1414 bona
1685 1331 1825 1441 judicis
1840 1332 1965 1417 Guul-

545 1459 627 1543 terii
645 1461 694 1544 de
711 1459 937 1544 Buoolauioo
954 1461 1092 1569 captivi
1110 1463 1194 1572 oapi
1212 1461 1325 1546 faeiat
1343 1473 1381 1546 et
1400 1463 1732 1573 quod-Meuianum
1749 1465 1798 1548 de
1818 1463 1965 1548 Vesta-

542 1592 641 1676 rimo
668 1591 788 1676 oirem
807 1591 1043 1677 Laudensem
1062 1594 1145 1680 sine
1170 1595 1440 1706 impedimento
1456 1596 1619 1680 transire
1639 1596 1846 1706 permittat.

624 1769 1117 1852 (Ropor.impcr.uuedar.11,ror.
1134 1781 1150 1832 7
1163 1779 1260 1848 reem
1275 1775 1307 1836 ln
1319 1773 1391 1836 edit.
1408 1773 1545 1850 cumn,
1558 1791 1589 1853 p.
1606 1772 1691 1852 2⁴0.)

589 1925 673 1995 item
687 1924 847 2016 scripsit:

589 2045 810 2138 Frederieue,
830 2055 914 2136 eto,
933 2049 972 2120 B.
992 2047 1134 2121 Piaaono
1152 2048 1338 2141 iuditiario
1356 2046 1511 2144 Aprniii,
1530 2057 1597 2122 ein.
1621 2048 1794 2122 Fidelirati
1813 2057 1873 2122 tue
1894 2046 1961 2120 fir·

541 2169 643 2242 miter
665 2167 887 2264 precipiendo
912 2168 1121 2244 mandamus
1142 2181 1316 2265 qnatenus
1340 2171 1457 2244 omnia
1480 2170 1573 2243 bona
1591 2179 1662 2244 tam
1683 2169 1825 2243 mobilia
1849 2191 1960 2265 quam

540 2292 676 2366 stabilia
700 2293 830 2386 judicie
851 2293 1015 2366 Gnalterii
1042 2295 1088 2368 de
1115 2295 1300 2368 Buolanioo
1324 2317 1430 2389 quern
1455 2295 1632 2392 captivum
1656 2293 1693 2366 in
1716 2301 1835 2367 nostru
1858 2294 1958 2367 ouria

540 2413 753 2508 detinemus,
770 2415 818 2490 ad
835 2439 923 2513 opus
942 2417 1037 2492 curie
1052 2427 1168 2492 nosue
1185 2419 1263 2514 oapi
1284 2417 1390 2492 fauiae
1407 2428 1539 2493 etcum
1558 2419 1736 2514 diligentia
1756 2419 1955 2514 procurari,

539 2538 795 2634 significaturus
827 2539 928 2614 nobie
952 2563 1014 2636 per
1038 2543 1175 2616 liuterue
1210 2551 1288 2615 tuae
1317 2541 1471 2616 seriatim
1505 2541 1593 2638 qnid
1618 2541 1703 2617 inde
1727 2540 1873 2617 duxeris
1902 2542 1956 2614 ia·

539 2661 714 2736 ciendum.

588 2783 726 2884 [Datum
741 2785 858 2882 Fugie,
879 2787 910 2860 V
928 2787 1048 2879 madii,
1067 2788 1144 2860 Xlll
1160 2785 1389 2885 indictionis]

586 2910 671 2981 Item
686 2910 818 3004 scripsit
835 2909 962 2981 eidem:

586 3029 808 3124 Frederious,
836 3040 903 3104 eto.
932 3031 1022 3116 Quia
1046 3031 1221 3104 Monieens
1250 3031 1296 3106 de
1321 3031 1511 3106 Vestorimo
1534 3030 1623 3105 civis
1648 3029 1840 3106 Laudeuaie
1867 3033 1955 3107 lator

538 3155 750 3252 presentium
770 3151 882 3226 fidelis
899 3162 1033 3246 noster,
1052 3155 1113 3247 qui
1129 3155 1266 3228 noviter
1286 3155 1435 3228 nuncius
1450 3153 1498 3228 ad
1514 3175 1579 3228 nos
1601 3155 1715 3249 veuit,
1738 3155 1775 3228 in
1790 3155 1956 3228 lombar-

539 3277 634 3350 diam
656 3277 841 3350 revertitur
862 3275 908 3349 de
935 3287 1051 3350 nostre
1073 3278 1212 3350 liuentia
1231 3279 1435 3371 majestatis,
1462 3277 1617 3352 fidelitati
1642 3287 1702 3351 tue
1728 3277 1954 3375 precipiendo

538 3399 746 3472 mandamus
763 3409 934 3492 qnatenus
949 3401 1063 3496 ipsum
1081 3421 1161 3472 oum
1180 3400 1291 3472 tribus
1308 3399 1460 3474 runcinis
1475 3401 1548 3472 auia
1566 3423 1648 3474 oum
1663 3401 1793 3496 quibua
1806 3400 1854 3473 ad
1870 3421 1955 3496 pre-

539 3525 684 3596 sentiam
697 3531 849 3596 nostrum
863 3524 1020 3616 recessit,
1034 3524 1173 3597 duobus
1187 3523 1344 3597 scuteriis
1360 3533 1394 3597 et
1406 3523 1484 3597 aliie
1501 3523 1606 3597 rebus
1622 3524 1696 3598 suis
1713 3524 1790 3597 siue
1804 3523 1953 3620 impedi·

539 3653 656 3718 mento
671 3646 817 3720 transire
833 3647 1029 3742 permioias.

587 3771 712 3846 Datum
732 3765 783 3868 [ot
798 3767 934 3868 sopra}

379 4287 474 4388 {opp
595 4263 774 4351 Mandata
788 4264 838 4347 ad
861 4263 1054 4348 Andream
1072 4264 1120 4348 de
1143 4263 1270 4348 Cioala
1292 4273 1330 4347 et
1348 4261 1556 4373 Rogerium
1573 4261 1622 4344 da
1639 4257 1783 4344 Amicis
1799 4255 1951 4364 eapitu-

542 4423 635 4482 noos
656 4397 762 4508 quod
784 4396 950 4480 formam
972 4398 1021 4480 de
1042 4396 1176 4480 officiis
1196 4396 1390 4508 judicum,
1409 4392 1666 4498 notandorum,
1695 4389 1950 4492 medimnum,

543 4530 819 4640 cirurgioorum
836 4541 875 4612 et
891 4530 1163 4615 advocatorum
1181 4555 1303 4640 nuper
1325 4537 1507 4613 statuum
1523 4523 1710 4636 publicari
1729 4521 1883 4608 faciant.

626 4707 753 4792 (Requi.
768 4710 873 4790 imper.
888 4707 1009 4772 Freder.
1022 4709 1063 4787 11,
1077 4709 1130 4772 fol.
1149 4719 1166 4771 u
1181 4713 1277 4786 raeto;
1292 4706 1602 4784 inuoluendum.
1619 4700 1702 4782 ²⁴⁰.)
