4524 6012
303 669 399 728 iunrcr.
418 664 479 743 le]
753 659 948 722 rrrsronta
974 659 1268 723 urruomarlctt.

529 975 706 988 ..n-u*-
711 977 920 986 o--u--nuun--u-
925 977 1100 986 -n-—ua—-t—
1104 973 1486 989 *W

356 1269 531 1350 Mandata
559 1269 607 1348 ad
639 1277 823 1348 secretum
851 1267 1044 1380 Messanae
1073 1292 1143 1375 pro
1171 1266 1357 1348 solutione
1383 1267 1563 1374 pecuniae
1592 1295 1710 1379 quam
1750 1293 1902 1400 ¹3ng

309 1399 491 1482 lohannes
507 1400 556 1480 de
573 1398 761 1508 Rayuerio
780 1412 817 1479 et
833 1397 993 1481 lacobus
1013 1398 1127 1504 Petri,
1146 1407 1374 1480 mercatores
1392 1397 1569 1506 Romani,
1585 1399 1712 1484 curiae

311 1541 591 1637 mutuavemnt,
613 1530 652 1610 in
677 1529 806 1613 iuturo
831 1555 963 1612 mense
981 1530 1082 1612 maio
1100 1530 1308 1640 quietaudi.

385 1753 510 1834 (aaut.
523 1753 628 1832 emper.
639 1749 727 1814 neo.
742 1753 783 1826 11,
799 1752 851 1813 ror.
864 1761 901 1812 aa
915 1715 1016 1826 vain
1028 1755 1060 1813 n
1071 1753 1141 1814 eurr.
1155 1753 1290 1832 cumn,
1303 1771 1334 1831 p.
1350 1754 1432 1833 an.)

354 1951 400 2019 De
429 1949 587 2020 mucdeto
618 1948 787 2042 imperiali
815 1950 903 2038 sacto
924 1969 988 2041 per
1015 1949 1209 2039 mepistrum
1246 1947 1412 2020 Alterum
1443 1949 1575 2041 scripsit
1606 1951 1646 2021 G.
1673 1952 1713 2022 de

313 2076 429 2144 icccc:

354 2193 572 2282 Fredericus,
593 2201 677 2278 eto..
697 2193 816 2285 Maiori
834 2192 880 2267 de
896 2193 1100 2266 Plancutoue
1119 2201 1265 2282 secreto,
1284 2201 1350 2263 etc.
1371 2192 1459 2276 Quia
1478 2193 1650 2265 lohannes
1668 2193 1714 2266 de

309 2319 477 2414 Ruynerio
492 2325 660 2388 mercator
676 2316 851 2388 Romanus
870 2314 980 2388 tidelis
997 2323 1111 2387 noster
1132 2335 1194 2409 pro
1209 2313 1385 2409 dampnis,
1403 2315 1566 2410 expensis
1577 2325 1612 2388 et
1625 2317 1714 2389 iute-

309 2463 398 2516 roese
410 2440 456 2514 de
470 2449 591 2512 mutuo
603 2437 699 2533 quod
713 2437 847 2512 dudum
864 2440 989 2511 iecerat
1004 2459 1140 2511 camere
1155 2447 1281 2526 nostre,
1297 2447 1496 2532 recepturus
1512 2451 1565 2510 est
1581 2460 1602 2511 a
1618 2440 1714 2512 curia

310 2574 422 2638 nostra
441 2563 561 2635 uncias
583 2563 658 2648 LX,
676 2571 811 2634 tarenos
834 2562 898 2632 XX
915 2571 950 2634 et
967 2583 1075 2655 grana
1091 2572 1240 2655 septem,
1262 2570 1362 2656 prout
1385 2561 1420 2632 iu
1445 2561 1571 2634 licteris
1595 2572 1715 2658 puteu-

310 2687 401 2760 tibus
421 2685 629 2760 veuerabitis
652 2684 863 2756 Ravellensis
881 2683 1033 2778 episcopi
1058 2683 1232 2756 familiaris
1250 2693 1285 2756 et
1305 2683 1418 2758 fidelis
1438 2685 1544 2756 nostri
1569 2687 1644 2778 ejus
1668 2686 1714 2758 si·

308 2811 388 2904 gillo
404 2809 563 2902 sigillatis
580 2806 708 2880 exinde
723 2807 790 2878 sibi
808 2807 906 2878 iactis
921 2807 1059 2901 plenius
1078 2807 1283 2898 continetur,
1303 2806 1349 2880 de
1366 2807 1495 2900 quibus
1512 2809 1668 2902 promisit
1682 2810 1715 2881 ei

310 2934 403 3006 curia
418 2941 533 3004 nostra
548 2931 662 3025 ipsum
678 2930 714 3000 iu
729 2951 848 3001 mense
866 2929 973 3001 madii
993 2930 1102 3023 primo
1117 2930 1232 3001 futuro
1249 2931 1361 3003 iacere
1379 2931 1543 3024 quietari,
1561 2929 1716 3004 fidelitati

309 3067 365 3129 tue
390 3054 614 3151 precipiendo
641 3053 848 3126 mundamus
872 3061 1043 3148 quatenus
1067 3054 1236 3148 prciatum
1260 3053 1450 3126 Iohannem
1478 3054 1523 3126 de
1545 3055 1716 3150 Raynerio

311 3179 355 3252 de
373 3177 538 3274 predictis
553 3179 610 3248 Lx
629 3177 759 3263 unciis,
784 3177 911 3248 tarenis
927 3179 992 3248 XX
1006 3186 1040 3248 et
1055 3175 1171 3268 granis
1188 3185 1319 3272 septem
1345 3179 1551 3251 adveniente
1572 3179 1717 3251 termino

311 3303 386 3398 ipso
407 3299 537 3373 debeas
562 3299 717 3394 quietare
739 3299 785 3370 de
807 3299 953 3394 pecunie
974 3299 1069 3371 curie
1095 3307 1210 3372 nostre
1232 3323 1301 3394 que
1324 3311 1375 3372 est
1397 3322 1459 3395 per
1475 3321 1598 3373 manus
1621 3310 1715 3388 tuas,

310 3435 509 3520 recepturus
525 3424 569 3494 ab
587 3444 630 3495 ec
645 3423 781 3495 listerus
797 3422 943 3516 predicti
965 3423 1115 3517 episcopi
1136 3423 1364 3513 Ravelleusis,
1390 3433 1424 3495 et
1442 3424 1606 3517 scriptum
1622 3423 1720 3518 quie-

312 3547 449 3619 tatiouis
467 3547 512 3619 ab
536 3565 596 3635 eo,
622 3566 686 3640 pro
708 3546 803 3618 curie
817 3555 934 3618 nostra
954 3545 1099 3617 cautela.
1120 3546 1278 3618 Potentes
1294 3547 1396 3618 etiam
1416 3547 1549 3618 licteras
1566 3555 1716 3636 nocuas,

311 3691 398 3762 quas
421 3670 454 3741 ei
479 3669 524 3742 de
550 3667 667 3741 debito
696 3665 770 3740 fieri
803 3665 1064 3756 mandavimus,
1093 3667 1122 3738 si
1146 3688 1252 3762 penes
1277 3689 1357 3740 eum
1384 3677 1485 3755 suut,
1506 3669 1653 3762 recipies
1674 3669 1720 3742 ab

313 3791 446 3864 eodem.

359 3915 484 3985 Datum
501 3912 596 4008 apud
609 3913 730 4002 Senes,
751 3911 825 3984 vlit
836 3911 1002 4002 januarii,
1020 3912 1096 3984 Xlll
1111 3912 1318 3986 indictionis.
1397 3891 1402 3900 ⁵

360 4035 415 4108 nd
440 4035 604 4109 eumdem
625 4033 760 4128 scripsit
783 4033 875 4106 idem
897 4055 960 4129 pro
977 4035 1103 4107 Iacobo
1119 4037 1208 4109 Petri
1225 4036 1350 4109 Seueb.
1367 4035 1418 4132 (a)
1439 4038 1568 4112 similas
1588 4039 1723 4113 licterus

313 4180 374 4254 pro
391 4159 504 4231 unciis
518 4160 558 4248 L,
578 4157 705 4230 tarenis
719 4177 845 4230 novem
862 4165 897 4230 et
912 4157 1029 4250 grume
1048 4158 1203 4253 quinque
1219 4157 1393 4231 solvendis
1411 4160 1543 4250 eidem,
1561 4171 1666 4256 prout
1686 4163 1723 4234 in

313 4283 440 4354 lictoris
456 4281 653 4376 patentibus
670 4279 922 4354 venerabiiium
942 4279 1093 4375 Capuani
1109 4281 1356 4378 archiepiscopi
1373 4291 1409 4354 et
1420 4284 1631 4358 Ravelieneis
1649 4285 1724 4380 epi-

312 4406 407 4499 scopi
425 4401 632 4476 continetur.

354 4590 397 4670 (a)
420 4593 456 4652 lu
469 4595 602 4670 margine
612 4607 669 4670 pru
681 4589 786 4654 emto
798 4589 882 4653 Petri
894 4588 997 4651 Seueb.
1012 4590 1147 4651 cmm.

413 4831 452 4892 V.
472 4845 562 4890 rma

1825 1344 1891 1388 curt
