4564 6038
512 701 589 764 noo
1026 697 1210 760 counanr
1235 699 1386 772 ounnrr
1732 699 1920 784 [8188888.

590 841 686 924 (solt.
701 859 751 921 ap.
766 843 898 903 Moram.
916 843 1010 922 Boia,
1029 844 1166 920 8111111,
1185 846 1294 925 paral,
1308 863 1339 924 p.
1364 852 1439 922 881,
1454 845 1923 926 888-1188888888ώῶ

619 943 956 1030 fitrSaddratrcltland,
969 953 995 1010 t.
1010 949 1043 1028 Ι,
1057 965 1088 1028 p.
1105 957 1179 1030 188,
1193 960 1226 1014 8·
1243 961 1324 1014 1.-
1337 950 1452 1026 horn,
1467 949 1599 1012 Monam.
1614 948 1683 1013 1181.
1700 950 1811 1032 mm,
1826 955 1922 1036 t.1v‚

627 1071 658 1130 p.
676 1055 759 1128 888.)

558 1238 736 1312 Conradus
754 1238 829 1312 divi
843 1238 984 1333 augusti
997 1238 1210 1334 imperatoris
1228 1239 1392 1314 Friderioi
1413 1237 1526 1332 lilius,
1542 1239 1604 1312 Dei
1619 1239 1729 1332 gratia
1748 1239 1922 1312 Romano-

509 1383 587 1436 rum
606 1363 642 1432 in
658 1362 934 1456 regemelectus,
949 1383 1087 1457 semper
1101 1371 1290 1456 augustus,
1310 1373 1345 1436 et
1359 1363 1461 1436 heres
1479 1363 1577 1455 regni
1598 1363 1921 1458 Hierosolymitaui,

509 1485 681 1559 universis
697 1495 875 1580 presentes
892 1485 1022 1560 litteras
1039 1485 1246 1582 inspecturis
1258 1485 1421 1560 fidelibus
1439 1487 1592 1582 imperii,
1612 1486 1757 1580 gratiam
1772 1494 1925 1559 suamet

509 1609 773 1684 omnebonum.
798 1611 929 1684 Tenore
950 1609 1161 1704 protantium
1181 1610 1228 1684 ad
1248 1611 1492 1685 modernorum
1508 1619 1543 1684 et
1556 1612 1751 1682 lutummm
1765 1609 1924 1682 notitiam

509 1733 691 1827 pervenire
711 1736 872 1827 cupimus
892 1741 927 1806 et
949 1731 1108 1828 protendi
1126 1733 1222 1827 quod
1239 1734 1286 1807 ad
1305 1733 1563 1828 requisitionem
1585 1733 1759 1827 ligenonis
1776 1753 1924 1805 888888-

510 1855 589 1928 bilis
606 1856 705 1928 electi
720 1855 932 1928 Brixinensis
946 1856 1110 1946 88818818,
1125 1855 1243 1930 dilecti
1260 1857 1427 1953 principis
1443 1857 1571 1947 nostri,
1588 1865 1666 1952 post
1678 1866 1851 1950 receptam
1864 1856 1921 1927 in·

509 1979 710 2054 vestituram
724 1981 892 2074 regalium
909 2000 1111 2074 parmenus
1130 1988 1282 2070 nostras,
1301 1980 1512 2054 dictantibus
1526 2001 1586 2052 888
1600 1979 1833 2074 principibus,
1853 1979 1924 2053 ha-

509 2103 1172 2197 88188881881811118888818888881,
1198 2104 1291 2178 idem
1322 2104 1533 2198 subscriptas
1559 2102 1709 2176 obtinuit
1734 2103 1923 2175 8881881188

509 2247 626 2312 coram
644 2226 767 2300 nohis:
787 2227 898 2320 primo
911 2226 1073 2299 videlicet
1085 2227 1182 2322 quod
1200 2237 1276 2322 post
1291 2235 1450 2320 suscepta
1469 2226 1613 2319 regalia,
1633 2226 1798 2298 universa
1809 2225 1924 2300 officia

509 2349 726 2444 episcopatus
743 2349 796 2422 sui
816 2349 890 2422 suis
908 2350 1069 2422 manibus
1088 2351 1158 2424 sint
1173 2353 1306 2442 soluta,
1323 2351 1477 2446 exceptis
1493 2359 1641 2444 quatuor
1657 2347 1779 2422 officiis
1796 2331 1924 2443 princi-

509 2470 663 2564 palibus,
692 2493 762 2564 que
786 2473 1066 2566 consequentiam
1092 2481 1170 2568 post
1194 2493 1233 2546 se
1255 2473 1407 2546 trahunt.
1429 2473 1515 2546 Item
1538 2471 1635 2566 quod
1657 2467 1861 2546 durantibus
1884 2473 1922 2544 18

509 2595 880 2682 excommunicatione,
899 2617 963 2667 888
984 2597 1115 2690 possint
1139 2595 1244 2668 leuda
1270 2596 1436 2690 denegari
1459 2605 1495 2669 et
1522 2594 1668 2668 detineri
1689 2595 1855 2688 legitime,
1876 2615 1922 2667 88

509 2716 603 2810 quod
621 2719 704 2790 18188
723 2721 965 2790 communione
983 2718 1099 2792 dehita
1115 2719 1184 2792 sint
1200 2719 1340 2814 privati.
1364 2719 1421 2794 Ad
1441 2719 1523 2811 hoo,
1542 2739 1622 2792 cum
1643 2718 1719 2812 ipso
1734 2719 1813 2809 jure
1828 2717 1923 2791 nulle

509 2841 590 2932 sint,
604 2863 723 2914 eorum
738 2843 814 2935 (lep.
831 2841 938 2936 quod)
949 2843 1130 2917 universas
1142 2843 1369 2937 obligationes
1382 2843 1579 2938 pignorum,
1595 2841 1922 2914 888888818888188-

509 2962 633 3036 dorum
653 2986 714 3036 seu
733 2986 971 3059 quascumque
985 2963 1210 3040 alienationes
1231 2967 1401 3039 bonorum
1419 2964 1638 3061 episcopatus
1661 2963 1716 3036 sui
1732 2965 1838 3036 188188
1854 2963 1922 3034 im-

509 3088 597 3183 perii
607 3096 641 3161 et
650 3089 705 3160 sui
715 3089 855 3183 capituli
868 3110 938 3162 888
951 3089 1136 3162 accedente
1144 3111 1326 3179 causamn,
1339 3091 1444 3184 possit
1453 3099 1487 3161 et
1495 3088 1619 3162 debeat
1630 3087 1723 3160 licite
1733 3085 1780 3160 ad
1792 3087 1921 3160 utilita-

509 3219 579 3284 tem
591 3212 734 3284 ecclesie
746 3233 915 3286 reuocare.
926 3211 1081 3286 Preterea
1091 3213 1332 3286 sententiatum
1343 3215 1475 3286 exstitit
1485 3212 1531 3284 ad
1542 3210 1740 3282 instantiam
1755 3209 1921 3304 principis

509 3333 689 3406 memorati
706 3333 803 3428 quod
813 3334 944 3407 ratione
956 3335 1168 3429 gladiorum,
1182 3337 1366 3430 spiritualis
1377 3335 1540 3409 videlicet
1550 3343 1585 3406 et
1595 3333 1779 3406 materialis
1792 3331 1920 3426 quibus

510 3477 575 3529 sua
591 3457 795 3551 episcopalis
811 3456 961 3550 dignitas
979 3469 1030 3530 est
1045 3459 1182 3548 1818118,
1204 3480 1267 3530 sex
1281 3459 1482 3554 septimanis
1499 3459 1537 3529 18·
1551 3454 1920 3531 excommunicationis

511 3579 568 3652 vel
590 3579 848 3674 proscriptionis
870 3581 1009 3652 vinculo
1028 3580 1274 3675 perdurantem
1297 3581 1389 3654 licite
1411 3590 1521 3676 potest
1539 3582 1643 3673 juxta
1663 3589 1752 3652 terre
1773 3597 1921 3652 consue·

511 3701 682 3790 tudinem,
698 3711 815 3775 actore
828 3712 979 3798 petente,
998 3703 1182 3798 percellere
1199 3705 1307 3776 altero
1322 3703 1528 3797 gladiorum,
1547 3706 1595 3776 118
1608 3702 1704 3797 quod
1716 3721 1918 3775 excommu-

512 3824 616 3898 nicati
629 3824 898 3919 proscribantur,
912 3837 946 3898 et
958 3847 1157 3900 econverso
1170 3827 1350 3922 proscripti
1367 3825 1734 3900 excommunicationis
1751 3821 1919 3898 sententia

512 3947 734 4022 innodantur.
752 3947 807 4021 Ad
828 3971 976 4042 quarum
997 3950 1251 4023 sentenciarum
1271 3953 1470 4024 memoriam
1492 3949 1707 4024 retinendam
1723 3957 1919 4043 presentem

512 4072 674 4166 paginam
691 4071 793 4164 sigilli
811 4073 916 4144 nostri
930 4073 1121 4146 munimine
1135 4071 1303 4146 duximus
1321 4073 1565 4148 roborandum.
1856 4074 1857 4077 ’

524 4255 529 4262 .
560 4195 685 4268 Actum
698 4193 795 4290 apud
810 4195 1059 4290 Nordelingen‚
1077 4216 1169 4270 anuo
1188 4197 1298 4290 gratie
1315 4198 1496 4272 millesimo
1512 4195 1749 4274 ducentesimo
1766 4191 1921 4289 quadra-

513 4317 656 4412 gesimo,
673 4337 793 4391 meuse
811 4318 912 4410 maii,
928 4317 1177 4392 terciodecimo
1193 4319 1403 4394 indictionis.
