<?xml version="1.0" encoding="UTF-8"?>
<!DOCTYPE html PUBLIC "-//W3C//DTD XHTML 1.0 Transitional//EN"
    "http://www.w3.org/TR/xhtml1/DTD/xhtml1-transitional.dtd">
<html xmlns="http://www.w3.org/1999/xhtml" xml:lang="en" lang="en">
 <head>
  <title>
</title>
<meta http-equiv="Content-Type" content="text/html;charset=utf-8" />
  <meta name='ocr-system' content='tesseract 3.04.00' />
  <meta name='ocr-capabilities' content='ocr_page ocr_carea ocr_par ocr_line ocrx_word'/>
</head>
<body>
  <div class='ocr_page' id='page_1' title='image "./historiadiploma01fredgoog_0183.png"; bbox 0 0 4468 6010; ppageno 0'>
   <div class='ocr_carea' id='block_1_1' title="bbox 301 649 1710 736">
    <p class='ocr_par' dir='ltr' id='par_1_1' title="bbox 301 649 1710 736">
     <span class='ocr_line' id='line_1_1' title="bbox 301 649 1710 736; baseline -0.009 -12"><span class='ocrx_word' id='word_1_1' title='bbox 301 665 398 724; x_wconf 64' lang='lat' dir='ltr'><strong>uua.</strong></span> <span class='ocrx_word' id='word_1_2' title='bbox 416 658 479 736; x_wconf 80' lang='lat' dir='ltr'><strong>ru]</strong></span> <span class='ocrx_word' id='word_1_3' title='bbox 747 653 945 718; x_wconf 76' lang='lat' dir='ltr'><strong>oleronis</strong></span> <span class='ocrx_word' id='word_1_4' title='bbox 971 651 1264 716; x_wconf 78' lang='lat' dir='ltr'><strong>orcuonorrca</strong></span> <span class='ocrx_word' id='word_1_5' title='bbox 1651 649 1710 712; x_wconf 85' lang='lat' dir='ltr'><strong>err</strong></span> 
     </span>
    </p>
   </div>
   <div class='ocr_carea' id='block_1_2' title="bbox 302 779 1711 1005">
    <p class='ocr_par' dir='ltr' id='par_1_2' title="bbox 302 779 1711 1005">
     <span class='ocr_line' id='line_1_2' title="bbox 303 779 1711 900; baseline -0.009 -25"><span class='ocrx_word' id='word_1_6' title='bbox 303 801 388 900; x_wconf 89' lang='lat' dir='ltr'><strong>post</strong></span> <span class='ocrx_word' id='word_1_7' title='bbox 404 788 553 874; x_wconf 87' lang='lat' dir='ltr'><strong>obitum</strong></span> <span class='ocrx_word' id='word_1_8' title='bbox 571 785 725 873; x_wconf 86' lang='lat' dir='ltr'><strong>lioberti</strong></span> <span class='ocrx_word' id='word_1_9' title='bbox 743 787 792 870; x_wconf 87' lang='lat' dir='ltr'><strong>de</strong></span> <span class='ocrx_word' id='word_1_10' title='bbox 803 787 960 872; x_wconf 81' lang='lat' dir='ltr'><strong>Gcmcio</strong></span> <span class='ocrx_word' id='word_1_11' title='bbox 972 811 1061 870; x_wconf 88' lang='lat' dir='ltr'><strong>eum</strong></span> <span class='ocrx_word' id='word_1_12' title='bbox 1077 783 1258 870; x_wconf 88' lang='lat' dir='ltr'><strong>omnibus</strong></span> <span class='ocrx_word' id='word_1_13' title='bbox 1274 780 1430 894; x_wconf 80' lang='lat' dir='ltr'><strong>justitiis</strong></span> <span class='ocrx_word' id='word_1_14' title='bbox 1447 791 1485 866; x_wconf 86' lang='lat' dir='ltr'><strong>et</strong></span> <span class='ocrx_word' id='word_1_15' title='bbox 1501 779 1711 866; x_wconf 85' lang='lat' dir='ltr'><strong>rationibus</strong></span> 
     </span>
     <span class='ocr_line' id='line_1_3' title="bbox 302 919 486 1005; baseline -0.022 0"><span class='ocrx_word' id='word_1_16' title='bbox 302 919 486 1005; x_wconf 89' lang='lat' dir='ltr'><strong>coneedit.</strong></span> 
     </span>
    </p>
   </div>
   <div class='ocr_carea' id='block_1_3' title="bbox 381 1084 1710 1300">
    <p class='ocr_par' dir='ltr' id='par_1_3' title="bbox 381 1084 1710 1300">
     <span class='ocr_line' id='line_1_4' title="bbox 381 1084 1710 1199; baseline -0.008 -18"><span class='ocrx_word' id='word_1_17' title='bbox 381 1117 479 1199; x_wconf 74' lang='lat' dir='ltr'><strong>(Edit.</strong></span> <span class='ocrx_word' id='word_1_18' title='bbox 494 1135 544 1195; x_wconf 86' lang='lat' dir='ltr'><strong>ap.</strong></span> <span class='ocrx_word' id='word_1_19' title='bbox 563 1114 703 1178; x_wconf 65' lang='lat' dir='ltr'><strong>Tabula.</strong></span> <span class='ocrx_word' id='word_1_20' title='bbox 718 1133 782 1198; x_wconf 76' lang='lat' dir='ltr'><strong>rep.</strong></span> <span class='ocrx_word' id='word_1_21' title='bbox 799 1084 835 1177; x_wconf 63' lang='grc' dir='ltr'><em>ἃ</em></span> <span class='ocrx_word' id='word_1_22' title='bbox 851 1117 954 1196; x_wconf 78' lang='lat' dir='ltr'><strong>imper.</strong></span> <span class='ocrx_word' id='word_1_23' title='bbox 968 1131 1034 1196; x_wconf 82' lang='lat' dir='ltr'><strong>cop.</strong></span> <span class='ocrx_word' id='word_1_24' title='bbox 1049 1113 1107 1178; x_wconf 81' lang='lat' dir='ltr'><strong>dio.</strong></span> <span class='ocrx_word' id='word_1_25' title='bbox 1121 1115 1218 1190; x_wconf 81' lang='lat' dir='ltr'><strong>Patri,</strong></span> <span class='ocrx_word' id='word_1_26' title='bbox 1232 1133 1261 1194; x_wconf 93' lang='lat' dir='ltr'><strong>p.</strong></span> <span class='ocrx_word' id='word_1_27' title='bbox 1280 1123 1336 1194; x_wconf 72' lang='lat'><strong>55,</strong></span> <span class='ocrx_word' id='word_1_28' title='bbox 1351 1123 1385 1176; x_wconf 89' lang='lat' dir='ltr'><strong>u·</strong></span> <span class='ocrx_word' id='word_1_29' title='bbox 1404 1122 1454 1192; x_wconf 81' lang='lat'><strong>⁴¹,</strong></span> <span class='ocrx_word' id='word_1_30' title='bbox 1467 1129 1505 1174; x_wconf 84' lang='lat' dir='ltr'><strong>cx</strong></span> <span class='ocrx_word' id='word_1_31' title='bbox 1518 1113 1585 1174; x_wconf 86' lang='lat' dir='ltr'><strong>eod.</strong></span> <span class='ocrx_word' id='word_1_32' title='bbox 1599 1111 1710 1172; x_wconf 78' lang='lat' dir='ltr'><strong>Antan.</strong></span> 
     </span>
     <span class='ocr_line' id='line_1_5' title="bbox 421 1217 1339 1300; baseline -0.002 -15"><span class='ocrx_word' id='word_1_33' title='bbox 421 1225 529 1285; x_wconf 77' lang='lat' dir='ltr'><strong>Amlcl.</strong></span> <span class='ocrx_word' id='word_1_34' title='bbox 540 1256 581 1268; x_wconf 96' lang='lat'><em>-</em></span> <span class='ocrx_word' id='word_1_35' title='bbox 590 1223 692 1285; x_wconf 80' lang='lat' dir='ltr'><strong>illuns</strong></span> <span class='ocrx_word' id='word_1_36' title='bbox 704 1239 776 1283; x_wconf 86' lang='lat' dir='ltr'><strong>roro</strong></span> <span class='ocrx_word' id='word_1_37' title='bbox 789 1229 918 1284; x_wconf 84' lang='lat' dir='ltr'><strong>correcta</strong></span> <span class='ocrx_word' id='word_1_38' title='bbox 927 1223 966 1284; x_wconf 87' lang='lat' dir='ltr'><strong>ad</strong></span> <span class='ocrx_word' id='word_1_39' title='bbox 979 1239 1052 1284; x_wconf 87' lang='lat' dir='ltr'><strong>anu.</strong></span> <span class='ocrx_word' id='word_1_40' title='bbox 1071 1231 1147 1284; x_wconf 73' lang='lat' dir='ltr'><strong>luto</strong></span> <span class='ocrx_word' id='word_1_41' title='bbox 1161 1217 1339 1300; x_wconf 74' lang='lat' dir='ltr'>reponitur.)</span> 
     </span>
    </p>
   </div>
   <div class='ocr_carea' id='block_1_4' title="bbox 301 1388 1715 2716">
    <p class='ocr_par' dir='ltr' id='par_1_4' title="bbox 301 1388 1715 2594">
     <span class='ocr_line' id='line_1_6' title="bbox 350 1388 1713 1490; baseline -0.007 -21"><span class='ocrx_word' id='word_1_42' title='bbox 350 1395 562 1488; x_wconf 80' lang='lat' dir='ltr'><strong>Fridcricns,</strong></span> <span class='ocrx_word' id='word_1_43' title='bbox 580 1395 644 1468; x_wconf 78' lang='lat' dir='ltr'><strong>liei</strong></span> <span class='ocrx_word' id='word_1_44' title='bbox 659 1395 770 1490; x_wconf 77' lang='lat' dir='ltr'><strong>gratia</strong></span> <span class='ocrx_word' id='word_1_45' title='bbox 793 1395 1023 1468; x_wconf 90' lang='lat' dir='ltr'><strong>llomauorum</strong></span> <span class='ocrx_word' id='word_1_46' title='bbox 1043 1393 1226 1486; x_wconf 88' lang='lat' dir='ltr'><strong>imperator</strong></span> <span class='ocrx_word' id='word_1_47' title='bbox 1243 1412 1379 1486; x_wconf 86' lang='lat' dir='ltr'><strong>sempor</strong></span> <span class='ocrx_word' id='word_1_48' title='bbox 1401 1397 1591 1483; x_wconf 80' lang='lat' dir='ltr'><strong>augustus,</strong></span> <span class='ocrx_word' id='word_1_49' title='bbox 1610 1388 1713 1461; x_wconf 86' lang='lat' dir='ltr'><strong>leru-</strong></span> 
     </span>
     <span class='ocr_line' id='line_1_7' title="bbox 305 1509 1713 1608; baseline -0.007 -15"><span class='ocrx_word' id='word_1_50' title='bbox 305 1518 409 1594; x_wconf 85' lang='lat' dir='ltr'><strong>salem</strong></span> <span class='ocrx_word' id='word_1_51' title='bbox 430 1527 466 1591; x_wconf 90' lang='lat' dir='ltr'><strong>et</strong></span> <span class='ocrx_word' id='word_1_52' title='bbox 483 1517 597 1590; x_wconf 84' lang='lat' dir='ltr'><strong>Sicilie</strong></span> <span class='ocrx_word' id='word_1_53' title='bbox 616 1539 693 1590; x_wconf 87' lang='lat' dir='ltr'><strong>rex.</strong></span> <span class='ocrx_word' id='word_1_54' title='bbox 713 1517 841 1589; x_wconf 87' lang='lat' dir='ltr'><strong>Notum</strong></span> <span class='ocrx_word' id='word_1_55' title='bbox 864 1515 1009 1589; x_wconf 87' lang='lat' dir='ltr'><strong>iacimus</strong></span> <span class='ocrx_word' id='word_1_56' title='bbox 1027 1515 1199 1587; x_wconf 85' lang='lat' dir='ltr'><strong>universis</strong></span> <span class='ocrx_word' id='word_1_57' title='bbox 1217 1513 1314 1608; x_wconf 95' lang='lat' dir='ltr'><strong>quod</strong></span> <span class='ocrx_word' id='word_1_58' title='bbox 1328 1513 1468 1585; x_wconf 92' lang='lat' dir='ltr'><strong>Nicolao</strong></span> <span class='ocrx_word' id='word_1_59' title='bbox 1488 1509 1540 1605; x_wconf 84' lang='lat' dir='ltr'><strong>(l)</strong></span> <span class='ocrx_word' id='word_1_60' title='bbox 1558 1509 1713 1583; x_wconf 86' lang='lat' dir='ltr'><strong>terciario</strong></span> 
     </span>
     <span class='ocr_line' id='line_1_8' title="bbox 304 1633 1714 1736; baseline -0.008 -21"><span class='ocrx_word' id='word_1_61' title='bbox 304 1642 455 1736; x_wconf 86' lang='lat' dir='ltr'><strong>cappello</strong></span> <span class='ocrx_word' id='word_1_62' title='bbox 478 1642 568 1714; x_wconf 85' lang='lat' dir='ltr'><strong>sacri</strong></span> <span class='ocrx_word' id='word_1_63' title='bbox 588 1640 704 1736; x_wconf 91' lang='lat' dir='ltr'><strong>palatii</strong></span> <span class='ocrx_word' id='word_1_64' title='bbox 732 1640 839 1712; x_wconf 81' lang='lat' dir='ltr'><strong>nostri</strong></span> <span class='ocrx_word' id='word_1_65' title='bbox 868 1639 1048 1730; x_wconf 81' lang='lat' dir='ltr'><strong>Panormi,</strong></span> <span class='ocrx_word' id='word_1_66' title='bbox 1071 1637 1164 1710; x_wconf 87' lang='lat' dir='ltr'><strong>fideli</strong></span> <span class='ocrx_word' id='word_1_67' title='bbox 1193 1647 1329 1722; x_wconf 90' lang='lat' dir='ltr'><strong>nostro,</strong></span> <span class='ocrx_word' id='word_1_68' title='bbox 1353 1635 1401 1708; x_wconf 91' lang='lat' dir='ltr'><strong>ad</strong></span> <span class='ocrx_word' id='word_1_69' title='bbox 1429 1633 1714 1730; x_wconf 76' lang='lat' dir='ltr'><strong>supplicationem</strong></span> 
     </span>
     <span class='ocr_line' id='line_1_9' title="bbox 305 1755 1714 1860; baseline -0.004 -26"><span class='ocrx_word' id='word_1_70' title='bbox 305 1763 415 1860; x_wconf 89' lang='lat' dir='ltr'><strong>ipsius</strong></span> <span class='ocrx_word' id='word_1_71' title='bbox 441 1762 610 1854; x_wconf 86' lang='lat' dir='ltr'><strong>torciarii,</strong></span> <span class='ocrx_word' id='word_1_72' title='bbox 630 1761 822 1856; x_wconf 89' lang='lat' dir='ltr'><strong>cappellam</strong></span> <span class='ocrx_word' id='word_1_73' title='bbox 844 1759 944 1834; x_wconf 86' lang='lat' dir='ltr'><strong>castri</strong></span> <span class='ocrx_word' id='word_1_74' title='bbox 968 1760 1075 1832; x_wconf 79' lang='lat' dir='ltr'><strong>nostri</strong></span> <span class='ocrx_word' id='word_1_75' title='bbox 1095 1759 1226 1833; x_wconf 88' lang='lat' dir='ltr'><strong>Geracii</strong></span> <span class='ocrx_word' id='word_1_76' title='bbox 1246 1760 1282 1831; x_wconf 93' lang='lat' dir='ltr'><strong>iu</strong></span> <span class='ocrx_word' id='word_1_77' title='bbox 1301 1757 1417 1831; x_wconf 82' lang='lat' dir='ltr'><strong>Sicilia</strong></span> <span class='ocrx_word' id='word_1_78' title='bbox 1441 1777 1512 1852; x_wconf 91' lang='lat' dir='ltr'><strong>que</strong></span> <span class='ocrx_word' id='word_1_79' title='bbox 1534 1755 1581 1829; x_wconf 90' lang='lat' dir='ltr'><strong>ad</strong></span> <span class='ocrx_word' id='word_1_80' title='bbox 1604 1756 1714 1829; x_wconf 89' lang='lat' dir='ltr'><strong>oolla-</strong></span> 
     </span>
     <span class='ocr_line' id='line_1_10' title="bbox 304 1879 1715 1980; baseline -0.005 -22"><span class='ocrx_word' id='word_1_81' title='bbox 304 1887 430 1960; x_wconf 89' lang='lat' dir='ltr'><strong>tionam</strong></span> <span class='ocrx_word' id='word_1_82' title='bbox 458 1894 607 1958; x_wconf 89' lang='lat' dir='ltr'><strong>nostram</strong></span> <span class='ocrx_word' id='word_1_83' title='bbox 634 1893 791 1980; x_wconf 86' lang='lat' dir='ltr'><strong>spectare</strong></span> <span class='ocrx_word' id='word_1_84' title='bbox 814 1882 1040 1978; x_wconf 76' lang='lat' dir='ltr'><strong>dignoscitur,</strong></span> <span class='ocrx_word' id='word_1_85' title='bbox 1064 1905 1170 1978; x_wconf 90' lang='lat' dir='ltr'><strong>quam</strong></span> <span class='ocrx_word' id='word_1_86' title='bbox 1195 1881 1288 1954; x_wconf 89' lang='lat' dir='ltr'><strong>idem</strong></span> <span class='ocrx_word' id='word_1_87' title='bbox 1312 1881 1427 1954; x_wconf 86' lang='lat' dir='ltr'><strong>dictus</strong></span> <span class='ocrx_word' id='word_1_88' title='bbox 1452 1879 1613 1952; x_wconf 89' lang='lat' dir='ltr'><strong>Nicolaus</strong></span> <span class='ocrx_word' id='word_1_89' title='bbox 1640 1879 1715 1951; x_wconf 88' lang='lat' dir='ltr'><strong>clo·</strong></span> 
     </span>
     <span class='ocr_line' id='line_1_11' title="bbox 301 2003 1715 2103; baseline -0.006 -21"><span class='ocrx_word' id='word_1_90' title='bbox 301 2011 394 2083; x_wconf 83' lang='lat' dir='ltr'><strong>ricus</strong></span> <span class='ocrx_word' id='word_1_91' title='bbox 426 2029 548 2083; x_wconf 85' lang='lat' dir='ltr'><strong>vacare</strong></span> <span class='ocrx_word' id='word_1_92' title='bbox 574 2008 722 2081; x_wconf 86' lang='lat' dir='ltr'><strong>asseruit</strong></span> <span class='ocrx_word' id='word_1_93' title='bbox 747 2029 794 2081; x_wconf 90' lang='lat' dir='ltr'><strong>ox</strong></span> <span class='ocrx_word' id='word_1_94' title='bbox 828 2007 924 2080; x_wconf 91' lang='lat' dir='ltr'><strong>obito</strong></span> <span class='ocrx_word' id='word_1_95' title='bbox 955 2007 1146 2103; x_wconf 76' lang='lat' dir='ltr'><strong>presbyteri</strong></span> <span class='ocrx_word' id='word_1_96' title='bbox 1176 2005 1312 2080; x_wconf 85' lang='lat' dir='ltr'><strong>liuberti</strong></span> <span class='ocrx_word' id='word_1_97' title='bbox 1341 2005 1387 2078; x_wconf 90' lang='lat' dir='ltr'><strong>de</strong></span> <span class='ocrx_word' id='word_1_98' title='bbox 1413 2004 1555 2077; x_wconf 86' lang='lat' dir='ltr'><strong>Geracio</strong></span> <span class='ocrx_word' id='word_1_99' title='bbox 1580 2003 1641 2096; x_wconf 95' lang='lat' dir='ltr'><strong>qui</strong></span> <span class='ocrx_word' id='word_1_100' title='bbox 1668 2023 1715 2074; x_wconf 92' lang='lat' dir='ltr'><strong>ox</strong></span> 
     </span>
     <span class='ocr_line' id='line_1_12' title="bbox 302 2125 1714 2224; baseline -0.006 -18"><span class='ocrx_word' id='word_1_101' title='bbox 302 2131 522 2206; x_wconf 74' lang='lat' dir='ltr'><strong>concessione</strong></span> <span class='ocrx_word' id='word_1_102' title='bbox 544 2129 721 2224; x_wconf 88' lang='lat' dir='ltr'><strong>qnondam</strong></span> <span class='ocrx_word' id='word_1_103' title='bbox 738 2129 874 2202; x_wconf 90' lang='lat' dir='ltr'><strong>comitis</strong></span> <span class='ocrx_word' id='word_1_104' title='bbox 896 2128 1045 2224; x_wconf 80' lang='lat' dir='ltr'><strong>Aldoyui</strong></span> <span class='ocrx_word' id='word_1_105' title='bbox 1068 2139 1151 2202; x_wconf 87' lang='lat' dir='ltr'><strong>tuno</strong></span> <span class='ocrx_word' id='word_1_106' title='bbox 1176 2128 1307 2203; x_wconf 92' lang='lat' dir='ltr'><strong>domini</strong></span> <span class='ocrx_word' id='word_1_107' title='bbox 1331 2126 1489 2220; x_wconf 86' lang='lat' dir='ltr'><strong>ejusdem</strong></span> <span class='ocrx_word' id='word_1_108' title='bbox 1513 2125 1614 2198; x_wconf 88' lang='lat' dir='ltr'><strong>castri</strong></span> <span class='ocrx_word' id='word_1_109' title='bbox 1638 2147 1714 2198; x_wconf 91' lang='lat' dir='ltr'><strong>eam</strong></span> 
     </span>
     <span class='ocr_line' id='line_1_13' title="bbox 303 2249 1715 2345; baseline -0.006 -17"><span class='ocrx_word' id='word_1_110' title='bbox 303 2255 457 2345; x_wconf 88' lang='lat' dir='ltr'><strong>tenebat,</strong></span> <span class='ocrx_word' id='word_1_111' title='bbox 478 2254 525 2326; x_wconf 93' lang='lat' dir='ltr'><strong>de</strong></span> <span class='ocrx_word' id='word_1_112' title='bbox 545 2255 657 2344; x_wconf 77' lang='lat' dir='ltr'><strong>gratia</strong></span> <span class='ocrx_word' id='word_1_113' title='bbox 679 2261 795 2326; x_wconf 87' lang='lat' dir='ltr'><strong>nostra</strong></span> <span class='ocrx_word' id='word_1_114' title='bbox 821 2253 1074 2339; x_wconf 73' lang='lat' dir='ltr'><strong>concessimus,</strong></span> <span class='ocrx_word' id='word_1_115' title='bbox 1093 2253 1123 2324; x_wconf 89' lang='lat' dir='ltr'><strong>si</strong></span> <span class='ocrx_word' id='word_1_116' title='bbox 1142 2261 1261 2343; x_wconf 85' lang='lat' dir='ltr'><strong>vacat,</strong></span> <span class='ocrx_word' id='word_1_117' title='bbox 1281 2273 1362 2324; x_wconf 91' lang='lat' dir='ltr'><strong>cum</strong></span> <span class='ocrx_word' id='word_1_118' title='bbox 1388 2250 1550 2325; x_wconf 87' lang='lat' dir='ltr'><strong>omnibus</strong></span> <span class='ocrx_word' id='word_1_119' title='bbox 1567 2249 1715 2342; x_wconf 87' lang='lat' dir='ltr'><strong>justiciis</strong></span> 
     </span>
     <span class='ocr_line' id='line_1_14' title="bbox 302 2373 1715 2470; baseline -0.006 -18"><span class='ocrx_word' id='word_1_120' title='bbox 302 2391 337 2452; x_wconf 87' lang='lat' dir='ltr'><strong>et</strong></span> <span class='ocrx_word' id='word_1_121' title='bbox 352 2379 545 2454; x_wconf 90' lang='lat' dir='ltr'><strong>rationibus</strong></span> <span class='ocrx_word' id='word_1_122' title='bbox 558 2379 644 2450; x_wconf 89' lang='lat' dir='ltr'><strong>suis.</strong></span> <span class='ocrx_word' id='word_1_123' title='bbox 660 2377 717 2452; x_wconf 84' lang='lat' dir='ltr'><strong>Ad</strong></span> <span class='ocrx_word' id='word_1_124' title='bbox 733 2379 835 2470; x_wconf 88' lang='lat' dir='ltr'><strong>cujus</strong></span> <span class='ocrx_word' id='word_1_125' title='bbox 849 2377 1079 2451; x_wconf 87' lang='lat' dir='ltr'><strong>concessionis</strong></span> <span class='ocrx_word' id='word_1_126' title='bbox 1095 2386 1209 2450; x_wconf 92' lang='lat' dir='ltr'><strong>nostre</strong></span> <span class='ocrx_word' id='word_1_127' title='bbox 1225 2375 1445 2466; x_wconf 87' lang='lat' dir='ltr'><strong>memoriam,</strong></span> <span class='ocrx_word' id='word_1_128' title='bbox 1462 2383 1637 2470; x_wconf 87' lang='lat' dir='ltr'><strong>praaeutee</strong></span> <span class='ocrx_word' id='word_1_129' title='bbox 1653 2373 1715 2444; x_wconf 89' lang='lat' dir='ltr'><strong>lit-</strong></span> 
     </span>
     <span class='ocr_line' id='line_1_15' title="bbox 305 2500 1402 2594; baseline -0.005 -18"><span class='ocrx_word' id='word_1_130' title='bbox 305 2513 392 2576; x_wconf 88' lang='lat' dir='ltr'><strong>teras</strong></span> <span class='ocrx_word' id='word_1_131' title='bbox 410 2500 486 2575; x_wconf 84' lang='lat' dir='ltr'><strong>fieri</strong></span> <span class='ocrx_word' id='word_1_132' title='bbox 505 2511 539 2575; x_wconf 91' lang='lat' dir='ltr'><strong>et</strong></span> <span class='ocrx_word' id='word_1_133' title='bbox 550 2502 663 2594; x_wconf 77' lang='lat' dir='ltr'><strong>sigillo</strong></span> <span class='ocrx_word' id='word_1_134' title='bbox 675 2501 862 2594; x_wconf 83' lang='lat' dir='ltr'><strong>majestatis</strong></span> <span class='ocrx_word' id='word_1_135' title='bbox 877 2511 992 2573; x_wconf 90' lang='lat' dir='ltr'><strong>nostre</strong></span> <span class='ocrx_word' id='word_1_136' title='bbox 1002 2500 1169 2592; x_wconf 77' lang='lat' dir='ltr'><strong>iussimus</strong></span> <span class='ocrx_word' id='word_1_137' title='bbox 1185 2500 1402 2572; x_wconf 89' lang='lat' dir='ltr'><strong>communiri.</strong></span> 
     </span>
    </p>

    <p class='ocr_par' dir='ltr' id='par_1_5' title="bbox 351 2622 1258 2716">
     <span class='ocr_line' id='line_1_16' title="bbox 351 2622 1258 2716; baseline -0.003 -18"><span class='ocrx_word' id='word_1_138' title='bbox 351 2626 478 2700; x_wconf 88' lang='lat' dir='ltr'><strong>Datum</strong></span> <span class='ocrx_word' id='word_1_139' title='bbox 496 2624 649 2716; x_wconf 85' lang='lat' dir='ltr'><strong>Cometi,</strong></span> <span class='ocrx_word' id='word_1_140' title='bbox 666 2633 792 2698; x_wconf 85' lang='lat' dir='ltr'><strong>octavo</strong></span> <span class='ocrx_word' id='word_1_141' title='bbox 807 2624 939 2714; x_wconf 87' lang='lat' dir='ltr'><strong>martii,</strong></span> <span class='ocrx_word' id='word_1_142' title='bbox 956 2622 1034 2696; x_wconf 86' lang='lat' dir='ltr'><strong>Xlll</strong></span> <span class='ocrx_word' id='word_1_143' title='bbox 1051 2622 1258 2695; x_wconf 85' lang='lat' dir='ltr'><strong>indictionis.</strong></span> 
     </span>
    </p>
   </div>
   <div class='ocr_carea' id='block_1_5' title="bbox 513 2917 1512 2936">
    <p class='ocr_par' dir='ltr' id='par_1_6' title="bbox 513 2917 1512 2936">
     <span class='ocr_line' id='line_1_17' title="bbox 513 2917 1512 2936; baseline -0.009 -1"><span class='ocrx_word' id='word_1_144' title='bbox 513 2917 1512 2936; x_wconf 53' lang='lat' dir='ltr'><strong>mann-W*</strong></span> 
     </span>
    </p>
   </div>
   <div class='ocr_carea' id='block_1_6' title="bbox 308 3159 1712 3401">
    <p class='ocr_par' dir='ltr' id='par_1_7' title="bbox 308 3159 1712 3401">
     <span class='ocr_line' id='line_1_18' title="bbox 356 3159 1712 3272; baseline 0.003 -30"><span class='ocrx_word' id='word_1_145' title='bbox 356 3159 579 3242; x_wconf 87' lang='lat' dir='ltr'><strong>Mandatum</strong></span> <span class='ocrx_word' id='word_1_146' title='bbox 608 3161 658 3243; x_wconf 87' lang='lat' dir='ltr'><strong>ad</strong></span> <span class='ocrx_word' id='word_1_147' title='bbox 680 3161 943 3245; x_wconf 79' lang='lat' dir='ltr'><strong>Alexandrum</strong></span> <span class='ocrx_word' id='word_1_148' title='bbox 975 3161 1097 3246; x_wconf 89' lang='lat' dir='ltr'><strong>filium</strong></span> <span class='ocrx_word' id='word_1_149' title='bbox 1126 3161 1299 3270; x_wconf 89' lang='lat' dir='ltr'><strong>Henrioi,</strong></span> <span class='ocrx_word' id='word_1_150' title='bbox 1324 3187 1394 3272; x_wconf 88' lang='lat' dir='ltr'><strong>pro</strong></span> <span class='ocrx_word' id='word_1_151' title='bbox 1422 3163 1595 3272; x_wconf 83' lang='lat' dir='ltr'><strong>expensis</strong></span> <span class='ocrx_word' id='word_1_152' title='bbox 1618 3162 1712 3246; x_wconf 90' lang='lat' dir='ltr'><strong>Pal-</strong></span> 
     </span>
     <span class='ocr_line' id='line_1_19' title="bbox 308 3291 938 3401; baseline 0.006 -29"><span class='ocrx_word' id='word_1_153' title='bbox 308 3291 424 3374; x_wconf 88' lang='lat' dir='ltr'><strong>mcrio</strong></span> <span class='ocrx_word' id='word_1_154' title='bbox 442 3291 678 3401; x_wconf 86' lang='lat' dir='ltr'><strong>leopmderio</strong></span> <span class='ocrx_word' id='word_1_155' title='bbox 699 3293 938 3377; x_wconf 88' lang='lat' dir='ltr'><strong>exhibendis.</strong></span> 
     </span>
    </p>
   </div>
   <div class='ocr_carea' id='block_1_7' title="bbox 387 3490 1500 3573">
    <p class='ocr_par' dir='ltr' id='par_1_8' title="bbox 387 3490 1500 3573">
     <span class='ocr_line' id='line_1_20' title="bbox 387 3490 1500 3573; baseline 0.004 -21"><span class='ocrx_word' id='word_1_156' title='bbox 387 3490 513 3573; x_wconf 69' lang='lat' dir='ltr'><strong>(nepot.</strong></span> <span class='ocrx_word' id='word_1_157' title='bbox 527 3493 631 3572; x_wconf 75' lang='lat' dir='ltr'><strong>imper.</strong></span> <span class='ocrx_word' id='word_1_158' title='bbox 645 3490 766 3554; x_wconf 67' lang='lat' dir='ltr'><strong>medo.</strong></span> <span class='ocrx_word' id='word_1_159' title='bbox 779 3493 825 3567; x_wconf 89' lang='lat'><strong>11,</strong></span> <span class='ocrx_word' id='word_1_160' title='bbox 839 3494 892 3556; x_wconf 88' lang='lat' dir='ltr'><strong>lol.</strong></span> <span class='ocrx_word' id='word_1_161' title='bbox 909 3503 946 3555; x_wconf 80' lang='lat'><strong>82</strong></span> <span class='ocrx_word' id='word_1_162' title='bbox 966 3509 1068 3569; x_wconf 79' lang='lat' dir='ltr'><strong>vereo3</strong></span> <span class='ocrx_word' id='word_1_163' title='bbox 1084 3496 1116 3554; x_wconf 92' lang='lat' dir='ltr'><strong>ln</strong></span> <span class='ocrx_word' id='word_1_164' title='bbox 1130 3493 1202 3554; x_wconf 83' lang='lat' dir='ltr'><strong>edit.</strong></span> <span class='ocrx_word' id='word_1_165' title='bbox 1218 3493 1354 3571; x_wconf 77' lang='lat' dir='ltr'><strong>curan,</strong></span> <span class='ocrx_word' id='word_1_166' title='bbox 1368 3509 1400 3572; x_wconf 87' lang='lat' dir='ltr'><strong>p.</strong></span> <span class='ocrx_word' id='word_1_167' title='bbox 1416 3494 1500 3572; x_wconf 78' lang='lat' dir='ltr'><strong>tos.)</strong></span> 
     </span>
    </p>
   </div>
   <div class='ocr_carea' id='block_1_8' title="bbox 306 3661 1715 4498">
    <p class='ocr_par' dir='ltr' id='par_1_9' title="bbox 307 3661 1715 3881">
     <span class='ocr_line' id='line_1_21' title="bbox 353 3661 1715 3760; baseline 0.004 -26"><span class='ocrx_word' id='word_1_168' title='bbox 353 3661 403 3735; x_wconf 84' lang='lat' dir='ltr'><strong>Dc</strong></span> <span class='ocrx_word' id='word_1_169' title='bbox 423 3662 591 3758; x_wconf 84' lang='lat' dir='ltr'><strong>imperiali</strong></span> <span class='ocrx_word' id='word_1_170' title='bbox 607 3661 768 3736; x_wconf 84' lang='lat' dir='ltr'><strong>moodoto</strong></span> <span class='ocrx_word' id='word_1_171' title='bbox 789 3667 877 3756; x_wconf 80' lang='lat' dir='ltr'><strong>[octo</strong></span> <span class='ocrx_word' id='word_1_172' title='bbox 890 3685 954 3758; x_wconf 85' lang='lat' dir='ltr'><strong>per</strong></span> <span class='ocrx_word' id='word_1_173' title='bbox 971 3663 1167 3760; x_wconf 81' lang='lat' dir='ltr'><strong>mopirtrom</strong></span> <span class='ocrx_word' id='word_1_174' title='bbox 1185 3663 1227 3736; x_wconf 84' lang='lat' dir='ltr'><strong>ll.</strong></span> <span class='ocrx_word' id='word_1_175' title='bbox 1249 3663 1289 3736; x_wconf 87' lang='lat' dir='ltr'><strong>dc</strong></span> <span class='ocrx_word' id='word_1_176' title='bbox 1303 3665 1444 3737; x_wconf 76' lang='lat' dir='ltr'><strong>dautem</strong></span> <span class='ocrx_word' id='word_1_177' title='bbox 1465 3667 1597 3760; x_wconf 71' lang='lat' dir='ltr'><strong>scripsit</strong></span> <span class='ocrx_word' id='word_1_178' title='bbox 1612 3669 1653 3740; x_wconf 85' lang='lat' dir='ltr'><strong>P.</strong></span> <span class='ocrx_word' id='word_1_179' title='bbox 1675 3668 1715 3739; x_wconf 84' lang='lat' dir='ltr'><strong>dc</strong></span> 
     </span>
     <span class='ocr_line' id='line_1_22' title="bbox 307 3783 446 3881; baseline 0.007 -24"><span class='ocrx_word' id='word_1_180' title='bbox 307 3783 446 3881; x_wconf 64' lang='lat' dir='ltr'><strong>Capram</strong></span> 
     </span>
    </p>

    <p class='ocr_par' dir='ltr' id='par_1_10' title="bbox 306 3907 1715 4498">
     <span class='ocr_line' id='line_1_23' title="bbox 352 3907 1715 4002; baseline 0.004 -21"><span class='ocrx_word' id='word_1_181' title='bbox 352 3909 571 4000; x_wconf 88' lang='lat' dir='ltr'><strong>Fredericua,</strong></span> <span class='ocrx_word' id='word_1_182' title='bbox 590 3919 674 4002; x_wconf 77' lang='lat' dir='ltr'><strong>etc,</strong></span> <span class='ocrx_word' id='word_1_183' title='bbox 693 3907 895 3982; x_wconf 74' lang='lat' dir='ltr'><strong>Alexandro</strong></span> <span class='ocrx_word' id='word_1_184' title='bbox 915 3907 986 3981; x_wconf 86' lang='lat' dir='ltr'><strong>lilio</strong></span> <span class='ocrx_word' id='word_1_185' title='bbox 1008 3908 1163 4001; x_wconf 87' lang='lat' dir='ltr'><strong>Henrici,</strong></span> <span class='ocrx_word' id='word_1_186' title='bbox 1182 3918 1248 3982; x_wconf 89' lang='lat' dir='ltr'><strong>etc.</strong></span> <span class='ocrx_word' id='word_1_187' title='bbox 1276 3907 1365 3982; x_wconf 84' lang='lat' dir='ltr'><strong>Ecce</strong></span> <span class='ocrx_word' id='word_1_188' title='bbox 1383 3909 1555 3985; x_wconf 87' lang='lat' dir='ltr'><strong>mictimus</strong></span> <span class='ocrx_word' id='word_1_189' title='bbox 1576 3913 1715 3986; x_wconf 88' lang='lat' dir='ltr'><strong>Palme-</strong></span> 
     </span>
     <span class='ocr_line' id='line_1_24' title="bbox 306 4029 1715 4130; baseline 0.005 -28"><span class='ocrx_word' id='word_1_190' title='bbox 306 4029 396 4102; x_wconf 92' lang='lat' dir='ltr'><strong>rinm</strong></span> <span class='ocrx_word' id='word_1_191' title='bbox 414 4032 555 4106; x_wconf 88' lang='lat' dir='ltr'><strong>latorem</strong></span> <span class='ocrx_word' id='word_1_192' title='bbox 572 4034 783 4128; x_wconf 88' lang='lat' dir='ltr'><strong>presentium</strong></span> <span class='ocrx_word' id='word_1_193' title='bbox 803 4031 1054 4128; x_wconf 86' lang='lat' dir='ltr'><strong>leoparderium</strong></span> <span class='ocrx_word' id='word_1_194' title='bbox 1076 4039 1230 4105; x_wconf 91' lang='lat' dir='ltr'><strong>nostrum</strong></span> <span class='ocrx_word' id='word_1_195' title='bbox 1247 4053 1310 4128; x_wconf 94' lang='lat' dir='ltr'><strong>pro</strong></span> <span class='ocrx_word' id='word_1_196' title='bbox 1331 4033 1531 4129; x_wconf 76' lang='lat' dir='ltr'><strong>adaptando</strong></span> <span class='ocrx_word' id='word_1_197' title='bbox 1552 4035 1715 4130; x_wconf 85' lang='lat' dir='ltr'><strong>leopardo</strong></span> 
     </span>
     <span class='ocr_line' id='line_1_25' title="bbox 306 4153 1715 4250; baseline 0.005 -25"><span class='ocrx_word' id='word_1_198' title='bbox 306 4154 476 4226; x_wconf 82' lang='lat' dir='ltr'><strong>nostruin</strong></span> <span class='ocrx_word' id='word_1_199' title='bbox 499 4155 651 4228; x_wconf 85' lang='lat' dir='ltr'><strong>Luceria.</strong></span> <span class='ocrx_word' id='word_1_200' title='bbox 671 4155 842 4230; x_wconf 87' lang='lat' dir='ltr'><strong>Fidelitati</strong></span> <span class='ocrx_word' id='word_1_201' title='bbox 866 4165 925 4228; x_wconf 91' lang='lat' dir='ltr'><strong>tue</strong></span> <span class='ocrx_word' id='word_1_202' title='bbox 950 4155 1155 4228; x_wconf 90' lang='lat' dir='ltr'><strong>mandamns</strong></span> <span class='ocrx_word' id='word_1_203' title='bbox 1176 4163 1349 4250; x_wconf 87' lang='lat' dir='ltr'><strong>quatenus</strong></span> <span class='ocrx_word' id='word_1_204' title='bbox 1373 4153 1487 4228; x_wconf 89' lang='lat' dir='ltr'><strong>eidem</strong></span> <span class='ocrx_word' id='word_1_205' title='bbox 1510 4155 1715 4232; x_wconf 90' lang='lat' dir='ltr'><strong>Palmerioa</strong></span> 
     </span>
     <span class='ocr_line' id='line_1_26' title="bbox 306 4273 1714 4374; baseline 0.004 -26"><span class='ocrx_word' id='word_1_206' title='bbox 306 4273 463 4350; x_wconf 79' lang='lat' dir='ltr'><strong>kalendis</strong></span> <span class='ocrx_word' id='word_1_207' title='bbox 484 4279 651 4372; x_wconf 87' lang='lat' dir='ltr'><strong>presentis</strong></span> <span class='ocrx_word' id='word_1_208' title='bbox 671 4279 800 4352; x_wconf 86' lang='lat' dir='ltr'><strong>mensis</strong></span> <span class='ocrx_word' id='word_1_209' title='bbox 816 4279 928 4351; x_wconf 85' lang='lat' dir='ltr'><strong>martii</strong></span> <span class='ocrx_word' id='word_1_210' title='bbox 946 4277 982 4349; x_wconf 93' lang='lat' dir='ltr'><strong>in</strong></span> <span class='ocrx_word' id='word_1_211' title='bbox 1004 4287 1106 4351; x_wconf 87' lang='lat' dir='ltr'><strong>antea</strong></span> <span class='ocrx_word' id='word_1_212' title='bbox 1124 4279 1487 4374; x_wconf 86' lang='lat' dir='ltr'><strong>quousquevidelicet</strong></span> <span class='ocrx_word' id='word_1_213' title='bbox 1507 4301 1568 4374; x_wconf 93' lang='lat' dir='ltr'><strong>pro</strong></span> <span class='ocrx_word' id='word_1_214' title='bbox 1590 4277 1714 4354; x_wconf 89' lang='lat' dir='ltr'><strong>eodem</strong></span> 
     </span>
     <span class='ocr_line' id='line_1_27' title="bbox 307 4398 1714 4498; baseline 0.005 -28"><span class='ocrx_word' id='word_1_215' title='bbox 307 4398 447 4472; x_wconf 85' lang='lat' dir='ltr'><strong>servitio</strong></span> <span class='ocrx_word' id='word_1_216' title='bbox 472 4409 589 4474; x_wconf 86' lang='lat' dir='ltr'><strong>nostro</strong></span> <span class='ocrx_word' id='word_1_217' title='bbox 612 4399 742 4476; x_wconf 90' lang='lat' dir='ltr'><strong>ibidem</strong></span> <span class='ocrx_word' id='word_1_218' title='bbox 767 4423 896 4475; x_wconf 88' lang='lat' dir='ltr'><strong>moram</strong></span> <span class='ocrx_word' id='word_1_219' title='bbox 913 4401 1073 4494; x_wconf 86' lang='lat' dir='ltr'><strong>traxerit,</strong></span> <span class='ocrx_word' id='word_1_220' title='bbox 1095 4421 1157 4498; x_wconf 88' lang='lat' dir='ltr'><strong>pro</strong></span> <span class='ocrx_word' id='word_1_221' title='bbox 1171 4422 1227 4493; x_wconf 91' lang='lat' dir='ltr'><strong>se,</strong></span> <span class='ocrx_word' id='word_1_222' title='bbox 1246 4423 1317 4475; x_wconf 96' lang='lat' dir='ltr'><strong>uuo</strong></span> <span class='ocrx_word' id='word_1_223' title='bbox 1333 4402 1497 4476; x_wconf 87' lang='lat' dir='ltr'><strong>soutilero</strong></span> <span class='ocrx_word' id='word_1_224' title='bbox 1518 4411 1553 4477; x_wconf 90' lang='lat' dir='ltr'><strong>et</strong></span> <span class='ocrx_word' id='word_1_225' title='bbox 1575 4401 1714 4477; x_wconf 90' lang='lat' dir='ltr'><strong>duobus</strong></span> 
     </span>
    </p>
   </div>
   <div class='ocr_carea' id='block_1_9' title="bbox 310 4557 1710 4577">
    <p class='ocr_par' dir='ltr' id='par_1_11' title="bbox 310 4557 1710 4577">
     <span class='ocr_line' id='line_1_28' title="bbox 310 4557 1710 4577; baseline -0.001 -7"><span class='ocrx_word' id='word_1_226' title='bbox 310 4557 1215 4573; x_wconf 51' lang='lat' dir='ltr'><strong>*n—-u-——m——a--n-——a-—on---u-——u-..o--u</strong></span> <span class='ocrx_word' id='word_1_227' title='bbox 1533 4565 1710 4577; x_wconf 54' lang='grc' dir='ltr'>...Ἣ</span> 
     </span>
    </p>
   </div>
   <div class='ocr_carea' id='block_1_10' title="bbox 308 4637 1713 4816">
    <p class='ocr_par' dir='ltr' id='par_1_12' title="bbox 308 4637 1713 4816">
     <span class='ocr_line' id='line_1_29' title="bbox 342 4637 1713 4718; baseline 0.007 -24"><span class='ocrx_word' id='word_1_228' title='bbox 342 4637 381 4711; x_wconf 75' lang='lat' dir='ltr'><strong>(t)</strong></span> <span class='ocrx_word' id='word_1_229' title='bbox 398 4639 554 4700; x_wconf 76' lang='lat' dir='ltr'><strong>Vocabatur</strong></span> <span class='ocrx_word' id='word_1_230' title='bbox 567 4641 699 4702; x_wconf 82' lang='lat' dir='ltr'><strong>Niooloot</strong></span> <span class='ocrx_word' id='word_1_231' title='bbox 712 4641 823 4716; x_wconf 73' lang='lat' dir='ltr'><strong>Sicine,</strong></span> <span class='ocrx_word' id='word_1_232' title='bbox 836 4643 907 4701; x_wconf 76' lang='lat' dir='ltr'><strong>deut</strong></span> <span class='ocrx_word' id='word_1_233' title='bbox 923 4648 1036 4718; x_wconf 85' lang='lat' dir='ltr'><strong>apparot</strong></span> <span class='ocrx_word' id='word_1_234' title='bbox 1049 4658 1083 4701; x_wconf 87' lang='lat' dir='ltr'><strong>ex</strong></span> <span class='ocrx_word' id='word_1_235' title='bbox 1096 4641 1272 4702; x_wconf 86' lang='lat' dir='ltr'><strong>imtrumento</strong></span> <span class='ocrx_word' id='word_1_236' title='bbox 1291 4644 1355 4702; x_wconf 87' lang='lat' dir='ltr'><strong>unni</strong></span> <span class='ocrx_word' id='word_1_237' title='bbox 1371 4647 1456 4718; x_wconf 74' lang='lat'><strong>⁴252,</strong></span> <span class='ocrx_word' id='word_1_238' title='bbox 1471 4643 1550 4718; x_wconf 78' lang='lat' dir='ltr'><strong>ibid,</strong></span> <span class='ocrx_word' id='word_1_239' title='bbox 1564 4649 1596 4703; x_wconf 82' lang='lat' dir='ltr'><strong>u·</strong></span> <span class='ocrx_word' id='word_1_240' title='bbox 1610 4647 1655 4718; x_wconf 73' lang='lat' dir='ltr'><strong>lo,</strong></span> <span class='ocrx_word' id='word_1_241' title='bbox 1667 4645 1713 4704; x_wconf 88' lang='lat' dir='ltr'><strong>ubi</strong></span> 
     </span>
     <span class='ocr_line' id='line_1_30' title="bbox 308 4737 1112 4816; baseline 0.009 -23"><span class='ocrx_word' id='word_1_242' title='bbox 308 4737 484 4794; x_wconf 76' lang='lat' dir='ltr'><strong>canonicor</strong></span> <span class='ocrx_word' id='word_1_243' title='bbox 497 4753 604 4813; x_wconf 89' lang='lat' dir='ltr'><strong>quoque</strong></span> <span class='ocrx_word' id='word_1_244' title='bbox 614 4739 683 4798; x_wconf 82' lang='lat' dir='ltr'><strong>haec</strong></span> <span class='ocrx_word' id='word_1_245' title='bbox 696 4740 843 4816; x_wconf 84' lang='lat' dir='ltr'><strong>imperialis</strong></span> <span class='ocrx_word' id='word_1_246' title='bbox 858 4739 1005 4800; x_wconf 52' lang='lat' dir='ltr'><strong>concana.</strong></span> <span class='ocrx_word' id='word_1_247' title='bbox 1109 4753 1112 4760; x_wconf 80' lang='grc'><strong>“</strong></span> 
     </span>
    </p>
   </div>
   <div class='ocr_carea' id='block_1_11' title="bbox 0 0 2245 6004">
    <p class='ocr_par' dir='ltr' id='par_1_13' title="bbox 0 0 2245 6004">
     <span class='ocr_line' id='line_1_31' title="bbox 0 0 2245 6004; baseline 0 0"><span class='ocrx_word' id='word_1_248' title='bbox 0 0 2245 6004; x_wconf 95' lang='lat' dir='ltr'><strong> </strong></span> 
     </span>
    </p>
   </div>
  </div>
 </body>
</html>
