4384 6004
243 667 342 728 lanum.
362 665 424 742 ld]
693 658 889 720 HISTORIA
913 657 1208 720 elaboraturos.
1572 649 1649 710 1055

243 798 486 872 mandavimus
503 794 733 870 lanueusibus
748 793 943 868 antedictis.
959 795 1002 866 Et
1012 794 1092 866 licat
1107 789 1349 866 consueverint
1362 789 1552 860 lanuenses
1566 785 1649 858 dare

243 923 379 1016 galeam
392 921 481 994 bena
497 927 662 994 armatam
677 939 741 1013 pro
759 917 917 990 ducentis
930 917 1028 990 libris
1038 915 1265 990 lanucnsium
1281 931 1463 1009 perunum
1476 929 1645 1000 mensam,

243 1045 333 1117 sicut
347 1045 420 1136 jam
437 1041 674 1138 experimento
691 1039 894 1129 didicimus,
915 1061 981 1112 vos
999 1049 1112 1110 tamen
1131 1037 1258 1110 habere
1277 1057 1340 1130 pro
1360 1033 1483 1105 minori
1505 1032 1534 1104 si
1553 1040 1649 1124 potc-

244 1167 318 1239 ritis
345 1143 522 1254 laboretis3
547 1185 656 1238 naves
681 1173 796 1236 numm
821 1161 867 1236 ud
890 1161 1093 1257 portandam
1118 1159 1371 1232 multitudinem
1395 1155 1600 1232 clericorum
1618 1163 1652 1227 ct-

243 1290 391 1364 aliorum
414 1289 624 1362 necessarias
652 1296 863 1382 reputamus.
886 1284 1101 1360 Provideatis
1125 1283 1229 1358 otium
1255 1304 1335 1354 cum
1357 1277 1588 1354 tanuensibus
1606 1275 1651 1352 da

244 1413 330 1486 locis
348 1411 527 1508 oportunis
543 1412 578 1482 in
596 1411 724 1506 quibus
744 1409 849 1506 recipi
872 1408 1022 1482 debeant
1043 1406 1166 1504 prelati
1184 1415 1219 1478 et
1238 1405 1296 1478 alii
1317 1403 1362 1478 ad
1387 1402 1568 1477 concilium
1584 1423 1651 1476 ve-

245 1538 393 1612 aientes.

1159 1731 1439 1742 -aeu—-n—r-

303 1993 508 2103 Gregorius
530 2017 630 2102 papa
653 1989 828 2073 Albonica
854 1989 902 2072 de
919 1989 1091 2072 Romano
1117 1988 1255 2072 iterum
1278 1988 1408 2072 scribit
1434 1998 1477 2072 ut
1502 1989 1657 2074 nuntios
1772 1990 1797 2022 ‘⁸

251 2151 341 2210 snos
372 2126 499 2207 mittat
529 2125 579 2206 ad
609 2123 812 2206 concilium
843 2121 987 2205 Romae
1013 2120 1234 2204 habendum
1270 2130 1402 2204 contra
1426 2121 1657 2206 Friderioum

250 2257 530 2366 imperatorem.

332 2469 435 2548 (Edid.
450 2468 562 2547 Vmor,
576 2466 656 2528 Stor.
676 2463 752 2548 depl.
768 2463 862 2544 Eccl,
877 2473 901 2527 t.
915 2467 976 2544 ΠΙ,
991 2484 1022 2544 p.
1040 2474 1113 2539 aaa,
1129 2465 1226 2526 elibr.
1247 2465 1330 2528 arch.
1351 2483 1460 2528 comm.
1480 2469 1594 2530 Tarvls.
1617 2471 1659 2530 sl·

372 2579 455 2654 gunt.
470 2573 497 2635 N
510 2575 553 2650 a.)

298 2759 485 2854 Gregorius
495 2759 677 2854 episcopus
687 2780 810 2832 servus
820 2779 1002 2831 servorum
1012 2758 1088 2846 Dei,
1099 2757 1223 2830 dilecto
1234 2755 1308 2830 lilio
1321 2757 1426 2830 nobili
1438 2759 1513 2832 viro
1522 2757 1661 2836 Albrioo

252 2883 297 2957 da
313 2884 468 2956 llomano
485 2883 630 2954 salutem
655 2891 690 2954 et
711 2882 933 2977 apostolicam
960 2882 1247 2954 benedictionem.
1270 2882 1386 2976 Nuper
1407 2882 1660 2958 considerantes

252 3005 347 3102 quod
365 3006 522 3080 instantis
536 3005 665 3077 malitia
683 3006 844 3100 temporis
859 3005 1007 3098 negotiis
1023 3004 1169 3076 diversis
1187 3013 1221 3076 at
1238 3005 1357 3076 arduis
1375 3027 1443 3078 non
1462 3007 1574 3079 solum
1589 3009 1660 3082 Ro-

252 3151 403 3216 manam,
420 3129 482 3202 sed
500 3128 604 3201 etiam
617 3129 849 3201 universalem
861 3128 958 3222 angit
970 3129 1159 3200 Ecclesiam
1174 3135 1208 3200 at
1222 3128 1399 3222 cupientes
1417 3129 1454 3200 in
1467 3129 1522 3202 bis
1537 3131 1602 3203 suh
1619 3153 1660 3206 ea

251 3252 437 3348 prudentia
455 3261 490 3325 et
505 3251 710 3324 discretione
726 3251 913 3346 procedere
928 3251 1023 3344 quod
1044 3259 1077 3323 et
1094 3251 1169 3345 ipsa
1192 3251 1328 3344 negotia
1348 3261 1502 3347 optatum
1522 3264 1661 3330 auctora

252 3377 324 3448 Deo
341 3373 446 3447 linem
466 3374 672 3469 suscipiant,
691 3383 726 3446 et
745 3374 874 3447 exinde
890 3374 1000 3446 honor
1013 3374 1164 3446 Ecclesia
1186 3374 1354 3468 generalis
1373 3385 1408 3447 et
1424 3377 1516 3450 salus
1532 3381 1661 3476 populo

253 3497 438 3570 christiano
461 3505 683 3591 consurgant,
704 3497 922 3592 prudentiam
938 3507 1033 3569 tuam
1055 3497 1250 3592 apostolicis
1267 3497 1526 3574 sollicitavimus
1542 3501 1662 3576 litteris

254 3629 293 3692 nt
311 3620 486 3715 usquead
509 3623 633 3693 testum
649 3620 807 3715 proxime
822 3629 1006 3694 venturum
1018 3619 1276 3692 resurrectionis
1290 3619 1489 3712 Dominice,
1507 3621 1553 3696 ad
1566 3607 1661 3718 quod

254 3765 367 3838 nuper
382 3743 449 3815 hoc
466 3741 716 3815 advocavimus
736 3743 921 3814 concilium
945 3745 1171 3838 prelatorum,
1187 3743 1233 3816 ad
1254 3764 1318 3816 nos
1334 3737 1413 3816 tuos
1434 3747 1578 3840 nuncios
1599 3749 1661 3843 qni

255 3865 357 3938 nobis
372 3865 451 3937 vioe
464 3871 523 3936 tua
537 3865 687 3938 salutare
701 3865 883 3937 consilium
900 3867 1051 3938 tribuant
1072 3866 1275 3951 destinares,
1294 3876 1333 3938 ιιι
1350 3867 1529 3962 dispositio
1547 3881 1661 3946 nostra

255 3997 349 4060 tanto
366 3987 498 4058 cunctis
512 3987 556 4058 sit
573 3987 701 4080 gratior
718 3995 848 4082 quanto
862 3987 1087 4082 plurimorum
1102 3989 1202 4060 luerit
1213 3987 1360 4083 provida
1374 3998 1408 4061 et
1426 3991 1555 4062 salubri
1574 3993 1662 4066 dali-

255 4109 431 4183 beratione
456 4121 632 4204 concepta.
657 4109 892 4182 Verumsiout
914 4119 1091 4204 procerte
1116 4107 1367 4203 intelleximus,
1384 4111 1605 4210 adversarius
1629 4125 1664 4189 et
1750 4205 1757 4220 ι
1871 4171 1874 4178 .

255 4233 362 4306 bostis
377 4232 529 4304 Ecclesia
544 4232 582 4305 E.
599 4232 711 4304 dictus
726 4233 910 4328 imperator
924 4233 985 4326 qui
1005 4233 1040 4304 in
1059 4231 1206 4306 diversis
1220 4233 1372 4307 articulis
1391 4235 1491 4307 matri
1510 4237 1663 4312 Ecclesia

256 4356 385 4450 quibus
399 4363 511 4449 potest
527 4355 707 4429 conatibus
725 4355 941 4444 adversatur,
961 4356 1164 4430 universalis
1180 4357 1332 4430 Ecclesia
1345 4358 1567 4432 commodum
1580 4379 1661 4456 pro·

256 4478 368 4573 prium
383 4477 586 4550 existimans
600 4477 861 4570 detrimentum,
880 4487 918 4550 ut
932 4479 1167 4552 auctoritatem
1184 4479 1371 4574 apostolice
1386 4479 1480 4554 sedis
1497 4483 1664 4558 annihilet

257 4621 298 4672 ac
317 4600 485 4673 unitatem
506 4600 659 4689 scindat,
680 4602 775 4695 quod
798 4601 905 4688 absit,
920 4601 1070 4675 Ecclesia
1086 4603 1273 4697 generalis,
1295 4605 1465 4696 prelatum
1482 4606 1662 4680 consilium

258 4723 378 4795 nititur
404 4723 572 4818 impedire
594 4701 811 4799 diversarum
835 4722 996 4796 fraudum
1017 4746 1152 4799 venena
1171 4725 1375 4819 conficiens,
1402 4735 1442 4800 nt
1461 4739 1664 4825 conceptum
