4384 6004
1467 391 1480 440 l

437 639 444 651 ⁴
557 677 635 738 roeo
1053 675 1266 738 rnrnnnrcr
1291 677 1464 738 sscuuot
1770 678 1851 756 [aaa
1871 680 1960 742 rato.

553 831 674 882 secure
690 807 914 901 requirimus,
938 831 1009 902 que
1027 809 1079 882 sic
1103 823 1260 906 prompta
1284 811 1384 884 nobis
1405 811 1553 884 allatura
1580 811 1811 898 credidimus,
1835 826 1874 885 ut
1900 837 1962 908 pro

552 931 696 1004 victorie
718 929 912 1003 desiderate
934 931 1065 1023 leticia,
1082 955 1148 1006 vos
1165 954 1234 1005 non
1256 944 1449 1006 attenuatos
1472 934 1597 1028 opibus
1619 956 1685 1007 nee
1705 935 1884 1008 laboribus
1909 939 1961 1010 ia·

551 1055 689 1147 tigatos,
708 1053 770 1126 sed
785 1065 941 1126 recentes
959 1054 1005 1126 ad
1021 1055 1259 1128 subventionis
1277 1068 1392 1128 nostre
1409 1057 1571 1152 suffragia
1591 1059 1740 1151 reperire
1758 1059 1958 1130 credamus.

551 1179 623 1250 Nec
640 1187 753 1248 mmen
769 1177 928 1248 volumus
946 1178 981 1248 in
998 1187 1131 1248 tantum
1146 1178 1192 1250 ad
1207 1179 1414 1252 indefessam
1429 1179 1732 1274 promptitudinem
1746 1179 1830 1253 fidei
1845 1190 1962 1254 vestre

551 1299 734 1394 respicere,
755 1300 841 1393 quin
861 1301 1009 1372 velimus
1032 1301 1176 1372 eandem
1199 1302 1417 1394 providentie
1435 1313 1548 1374 nostre
1575 1302 1741 1375 modestia
1766 1302 1958 1392 moderari,

550 1446 592 1496 ac
613 1423 710 1520 prins
730 1423 830 1494 nobis
851 1423 935 1518 ipsis
953 1425 988 1494 in
1007 1435 1103 1518 parte
1121 1423 1266 1496 delicere
1288 1435 1322 1496 et
1345 1426 1563 1498 necessitates
1590 1425 1743 1497 insolitas
1768 1426 1957 1512 sustinere,

548 1569 654 1642 quam
665 1568 727 1620 vos
742 1547 859 1638 gravis
872 1555 907 1618 et
924 1547 1116 1618 inconsueti
1130 1547 1340 1640 gravaminis
1353 1568 1457 1620 onere
1469 1569 1694 1643 pregravar03
1710 1558 1828 1641 utpote
1839 1548 1901 1640 qni
1913 1547 1959 1620 ad

548 1671 643 1744 istud
665 1671 768 1743 etiam
789 1649 1021 1763 exigendum,
1042 1681 1129 1742 teste
1151 1671 1251 1742 nobis
1274 1669 1465 1759 Altissimo,
1484 1691 1711 1766 provocamur
1737 1671 1858 1760 inviti,
1882 1679 1918 1742 et
1937 1693 1957 1740 a

548 1815 619 1888 quo
635 1793 859 1865 libentissime
883 1803 999 1865 nostra
1014 1795 1180 1866 serenitas
1199 1793 1404 1884 abstineret,
1425 1793 1456 1864 si
1473 1793 1548 1864 sine
1565 1793 1764 1864 contusione
1790 1803 1959 1886 perpetua

548 1917 654 1988 nostri
677 1916 825 1988 nominis
842 1925 875 1988 et
898 1915 1055 2006 honoris,
1075 1937 1180 2010 quam
1198 1915 1281 1988 fidei
1303 1925 1416 1988 vestre
1439 1915 1599 2010 perfectio
1615 1917 1710 1988 nullo
1727 1915 1834 1988 modo
1858 1926 1960 2010 pate·

546 2051 657 2128 retur,
674 2039 847 2112 abstinere
868 2059 1060 2133 possemus.

595 2165 646 2234 Tu
662 2163 766 2255 igitur
779 2163 868 2233 inter
882 2183 941 2232 eos
960 2161 1215 2255 providentiam
1230 2171 1264 2234 et
1279 2159 1482 2236 modestiam
1499 2171 1663 2252 nostram,
1679 2184 1784 2255 quam
1798 2173 1958 2258 respectu

547 2287 784 2381 preteritarum
804 2284 1026 2356 exactionum
1048 2284 1217 2359 babemus
1238 2285 1274 2356 in
1296 2286 1376 2375 eis,
1390 2285 1622 2357 favorabiliter
1646 2285 1785 2358 studeas
1813 2295 1850 2358 et
1877 2308 1959 2358 cnm

547 2410 641 2482 omni
661 2407 838 2502 diligentia
852 2407 1045 2502 publicare,
1063 2429 1142 2478 cnm
1159 2407 1267 2480 multo
1287 2408 1452 2480 minorem
1470 2409 1693 2501 quantitatem
1718 2405 1959 2480 subventionis

547 2531 593 2604 ab
610 2532 782 2604 universis
800 2531 895 2624 exigi
912 2530 1119 2602 mandemus
1134 2531 1179 2602 ad
1199 2551 1357 2625 presens,
1377 2531 1600 2604 ecclesiarum
1616 2540 1650 2602 et
1670 2531 1872 2602 clericorum
1891 2553 1957 2603 nec

548 2677 619 2729 non
641 2654 825 2727 feudorum
846 2663 1039 2725 nostrorum
1067 2663 1101 2724 et
1126 2652 1170 2724 de
1195 2654 1341 2725 cameris
1366 2651 1633 2725 laudatariorum
1660 2653 1695 2723 in
1718 2653 1791 2748 ipsa
1814 2655 1957 2725 collecta

547 2778 713 2851 subsidiis
738 2778 959 2872 computatis,
977 2785 1078 2870 prout
1092 2775 1215 2847 cedula
1231 2777 1382 2847 continet
1399 2775 1599 2864 interclusa,
1621 2797 1725 2869 quam
1748 2775 1958 2848 edemaniis

546 2897 671 2974 nostris
701 2911 833 2972 tantum
870 2899 1034 2972 serenitas
1061 2908 1176 2971 nostra
1206 2899 1348 2988 exigere
1378 2899 1569 2971 consuevit.
1607 2899 1836 2992 Expositums
1869 2899 1957 2994 ipsis

546 3023 771 3097 nibilominus
789 3033 909 3096 votum
936 3032 1109 3110 nostrum,
1128 3021 1223 3115 quod
1243 3043 1290 3092 ex
1310 3021 1377 3094 boc
1395 3021 1530 3094 modico
1546 3021 1692 3092 libenter
1710 3021 1856 3092 nibilum
1879 3024 1957 3094 exi·

547 3167 727 3243 geremus,
749 3147 778 3216 si
802 3156 879 3240 post
902 3145 1077 3218 obtentam
1103 3145 1281 3216 victoriam
1305 3155 1495 3218 nostrorum
1525 3144 1747 3240 negociorum
1775 3145 1956 3240 expeditio
2006 3201 2012 3212 .

545 3281 730 3368 pateretur.
752 3270 790 3340 ln
806 3269 982 3341 taxatione
999 3277 1152 3364 preterea
1172 3267 1387 3340 determinati
1405 3267 1569 3358 subsidii,
1591 3267 1687 3362 quod
1705 3267 1956 3360 jurisdictionis

545 3395 608 3465 tibi
626 3395 761 3468 decrete
784 3391 990 3462 mandamus
1006 3392 1206 3463 bominibus
1227 3391 1495 3486 imponendum,
1515 3401 1632 3464 contra
1656 3391 1789 3462 solitam
1813 3392 1955 3485 imposi-

547 3529 660 3588 torum
682 3527 717 3587 et
736 3515 953 3587 collectorum
968 3515 1156 3607 nequitiam
1173 3515 1224 3585 sic
1244 3535 1327 3604 agas
1347 3511 1513 3600 fideliter,¹
1526 3513 1577 3584 sic
1596 3513 1756 3597 discrete,
1775 3513 1865 3586 sicut
1888 3511 1955 3586 un-¹

546 3661 651 3734 quam
671 3639 816 3730 gretiam
833 3648 984 3708 nostram
1001 3637 1115 3729 diligis
1127 3647 1161 3706 et
1176 3635 1450 3729 indignationem
1466 3639 1665 3729 perpetuam
1684 3634 1860 3707 desideras
1878 3638 1955 3708 evi·

547 3776 632 3851 tare,
645 3763 773 3833 nullius
789 3781 970 3855 personam
985 3781 1031 3830 ex
1048 3779 1166 3830 amore
1180 3759 1232 3830 vel
1246 3757 1328 3830 odio
1341 3765 1597 3852 prospecturus,
1616 3767 1654 3828 ut
1666 3759 1846 3851 negocium
1860 3759 1955 3832 istud

546 3884 640 3978 qood
664 3883 881 3978 providentie
905 3894 962 3954 tue
982 3903 1060 3952 cnm
1082 3903 1216 3954 summa
1233 3880 1361 3967 fiducia
1377 3880 1541 3952 committi
1564 3879 1800 3972 decrevimus,
1822 3883 1868 3955 ad
1889 3883 1953 3956 bo·

546 4027 664 4080 norem
682 4007 842 4078 culminis
859 4006 965 4078 nostri
981 4014 1015 4076 et
1033 4004 1284 4076 alleviationem
1308 4001 1489 4098 providam
1506 4012 1698 4076 nostrorum
1716 4013 1784 4076 tam
1802 4006 1954 4078 celeriter

545 4153 651 4225 quam
667 4128 815 4204 fideliter
832 4129 1043 4223 compleatur
1061 4127 1075 4222 l
1099 4127 1126 4223 ).

582 4436 617 4509 (t)
635 4436 708 4492 Haec
716 4434 812 4492 eadem
820 4440 862 4490 est
873 4433 986 4490 collecta
994 4434 1073 4513 cujus
1085 4431 1247 4490 mentionem
1259 4431 1323 4489 iacit
1333 4431 1481 4489 lliccardus
1492 4431 1526 4488 de
1536 4430 1634 4488 Sancto
1646 4431 1823 4490 Germanoad
1832 4448 1951 4489 mensem

544 4533 698 4606 januarium
717 4533 797 4602 tttt,
819 4530 861 4588 bia
880 4531 971 4590 verbis
990 4547 997 4586 ε
1017 4531 1139 4588 «Mense
1158 4529 1284 4601 januario
1303 4543 1353 4602 per
1377 4535 1464 4585 totum
1485 4543 1597 4601 regnum
1615 4529 1748 4602 generalis
1768 4530 1876 4588 collecta
1892 4531 1953 4586 exi-

546 4631 655 4702 gitur.»
