4384 6004
270 1191 480 1274 Dietelmus
497 1191 546 1272 de
562 1185 803 1295 llreukingen
818 1194 856 1268 et
873 1183 942 1266 filii
961 1184 1043 1294 eJ'us
1061 1185 1101 1266 in
1120 1212 1259 1269 manus
1277 1187 1471 1296 Friderici,
1487 1190 1634 1274 Roma·
1702 1225 1716 1257 ι
1763 1224 1804 1310 οι·

219 1349 358 1408 norum
380 1321 641 1433 imperatoris,
666 1345 738 1428 pro
769 1317 875 1400 mille
905 1328 943 1400 et
968 1319 1142 1401 ducentis
1168 1321 1315 1431 argenti
1342 1321 1482 1404 marcis
1505 1322 1632 1406 advo-

217 1457 357 1540 catiam
374 1455 698 1566 Rhinaugieusem
714 1479 804 1535 cum
821 1452 970 1536 civitate
988 1465 1026 1535 et
1039 1453 1316 1536 munitionibus
1329 1454 1449 1563 ipsius
1462 1456 1633 1538 vendunt

218 1591 442 1673 ottradunt.
1049 1617 1052 1624 ·

301 1805 403 1884 (Edld.
418 1803 534 1876 Maur,
552 1801 705 1874 Gummr,
723 1798 793 1863 cod.
811 1799 895 1879 epist.
910 1795 1028 1878 liudolfi
1047 1801 1073 1872 1,
1089 1806 1203 1862 auctar.
1218 1800 1355 1880 diplom,
1372 1802 1512 1880 append,
1534 1813 1568 1863 η·
1585 1803 1632 1884 11,

339 1927 370 1988 p.
386 1918 458 1988 ²²⁰,
472 1926 510 1971 ex
523 1909 637 1970 archiv.
653 1913 782 1968 monast.
799 1905 1057 1986 Rhanauglauats.)

271 2097 372 2169 Anno
401 2094 574 2168 dominice
606 2092 853 2166 incarnationis
884 2092 1067 2165 millesimo
1099 2092 1336 2166 ducentesimo
1365 2093 1633 2189 quadragesimo

140 2253 144 2262 ·
218 2219 348 2316 primo,
365 2240 486 2291 mense
503 2219 598 2307 maii,
618 2216 875 2312 quartadecima
889 2215 1099 2289 indictionis.
1113 2217 1184 2290 Nos
1199 2217 1383 2290 Dietelmus
1401 2219 1446 2292 de
1462 2220 1632 2294 Kreulrin·

218 2364 300 2438 gan,
315 2343 527 2417 Wemherus
540 2353 575 2416 et
591 2342 781 2414 Dietelmus
795 2338 856 2412 filii
873 2343 949 2433 ejus
964 2341 1114 2436 presenti
1129 2342 1256 2436 scripto
1270 2343 1418 2416 latemur
1431 2345 1526 2438 quod
1537 2355 1633 2440 grata

218 2477 252 2540 ct
269 2477 458 2562 spontanea
475 2467 655 2540 voluntate
670 2464 907 2556 vendidimus,
927 2464 1135 2538 tradidimus
1148 2475 1183 2538 et
1196 2467 1439 2539 renunciamus
1454 2469 1490 2540 in
1509 2491 1634 2542 manus

219 2591 351 2665 domini
375 2591 538 2665 Friderici
564 2592 796 2665 Romanorum
820 2590 1033 2686 imperatoris
1056 2612 1192 2686 semper
1210 2591 1367 2684 augusti,
1389 2593 1578 2666 Jerusalem
1599 2606 1633 2667 et

217 2715 334 2788 Sicilie
351 2716 456 2810 regia,
477 2725 512 2788 et
524 2714 714 2788 heredibus
731 2715 805 2788 suis
821 2713 1037 2788 advocatiam
1054 2715 1295 2808 llinogienaem
1312 2737 1391 2788 cum
1409 2717 1531 2790 eadem
1546 2718 1633 2790 civi-

217 2847 304 2930 tate,
328 2839 595 2930 munitionibus,
612 2839 704 2911 villis
729 2849 763 2912 et
778 2839 940 2911 omnibus
958 2839 1172 2934 pertinentiis
1187 2839 1261 2912 suis
1278 2861 1340 2936 pro
1355 2841 1478 2912 marcis
1501 2844 1632 2936 argenti

218 2964 311 3036 mille
323 2974 357 3037 at
375 2963 549 3056 ducentis,
570 2963 616 3036 de
633 2963 763 3058 quibus
776 2963 969 3058 recepimus
986 2963 1032 3035 ab
1047 2983 1089 3034 eo
1108 2984 1241 3035 marcas
1259 2975 1412 3055 centum,
1427 2973 1461 3036 et
1475 2965 1633 3040 residuas

219 3089 376 3183 promisit
397 3088 497 3161 nobis
524 3086 638 3160 dictus
662 3087 825 3160 dominus
849 3087 1035 3182 imperator
1057 3087 1206 3182 persolvi
1231 3089 1342 3160 lacere
1365 3089 1519 3162 terminis
1544 3090 1631 3164 iufra

219 3210 355 3306 scriptis
373 3237 382 3281 :
398 3210 560 3285 videlicet
575 3211 792 3284 medietatem
808 3211 843 3282 in
863 3211 973 3304 prima
995 3211 1150 3304 precaria
1170 3221 1205 3284 at
1221 3212 1388 3306 reliquam
1414 3212 1630 3287 medietatem

219 3334 255 3405 in
269 3333 422 3408 secunda
436 3335 590 3430 precaria
608 3357 697 3430 quas
713 3334 749 3405 in
764 3333 966 3406 Alamannia
987 3335 1164 3427 continget
1181 3335 1323 3430 imponi.
1344 3335 1386 3408 Et
1399 3337 1632 3430 obligavimus

220 3479 284 3532 nos
305 3467 340 3531 et
358 3458 503 3532 heredes
523 3467 655 3532 nostros
668 3466 787 3530 contra
809 3457 998 3553 predictam
1014 3458 1267 3546 venditionem,
1285 3459 1505 3535 traditionem
1527 3474 1561 3536 ct
1577 3486 1630 3536 re·

220 3582 468 3655 nuntiationem
492 3583 563 3655 ullo
580 3591 735 3677 tempore
759 3601 827 3654 non
849 3581 982 3653 venire.
1004 3581 1151 3666 Quodsi
1169 3603 1232 3656 nos
1250 3584 1304 3655 val
1331 3584 1476 3658 heredes
1501 3599 1633 3660 nostros

220 3706 336 3801 aliqua
355 3717 427 3779 arte
445 3707 501 3779 val
517 3706 657 3799 ingenio
672 3704 912 3778 contravenire
925 3705 1152 3797 contingeret,
1168 3715 1347 3780 teneamur
1362 3707 1478 3780 eidem
1493 3708 1633 3784 domino

221 3831 416 3926 imperatori
433 3841 468 3904 et
481 3830 667 3903 heredibus
685 3830 758 3901 anis
777 3828 912 3902 solvere
930 3827 1002 3902 dno
1021 3831 1129 3902 millia
1148 3852 1282 3904 marcus
1300 3833 1450 3924 argenti,
1471 3833 1634 3928 predictis

222 3952 431 4043 venditione,
448 3953 635 4026 traditione
648 3962 682 4026 et
693 3951 954 4026 renunciatione
969 3953 1193 4026 nihilominus
1208 3954 1244 4026 in
1258 3975 1323 4026 sna
1338 3956 1557 4028 manentibus
1573 3955 1632 4028 fir·

221 4078 350 4150 mitata.
379 4076 435 4150 Ad
456 4079 556 4170 cujus
578 4077 626 4150 rei
645 4076 847 4150 memoriam
865 4097 1007 4172 presens
1022 4077 1187 4171 scriptum
1210 4077 1284 4150 lieri
1302 4077 1446 4150 lecimus
1464 4089 1498 4151 at
1522 4080 1634 4174 sigillo

221 4201 287 4273 mei
304 4201 449 4295 predicti
465 4200 620 4273 Dietelmi
640 4203 770 4296 patris,
792 4199 963 4273 dictorum
980 4200 1161 4274 Wernbari
1181 4215 1215 4273 et
1232 4201 1387 4274 Dietelmi
1405 4203 1630 4276 munivimus.

221 4325 331 4418 Hujus
345 4327 395 4398 rei
415 4335 518 4398 testea
536 4337 617 4397 sunt
634 4325 842 4399 venerabilia
859 4325 968 4398 abbas
990 4323 1249 4418 Rhinogiensis,
1270 4325 1440 4399 liudolfus
1457 4347 1571 4400 comes
1590 4327 1635 4402 de

222 4449 488 4544 Habecbaaburg
498 4447 565 4546 (t),
581 4450 763 4523 Heinricua
774 4449 946 4546 Aquensis
959 4451 1166 4546 prepositus,
1180 4447 1376 4522 Waltbarus
1389 4451 1434 4524 de
1443 4451 1634 4544 Saclrbges·

1555 4617 1636 4634 -

257 4700 292 4773 (t)
304 4701 399 4759 Senior
407 4701 432 4760 ia
441 4702 568 4761 ltudollua
577 4719 612 4761 au
623 4703 684 4778 ejus
697 4719 791 4778 napos,
803 4712 896 4777 postea
909 4703 1092 4762 Romanorum
1101 4719 1159 4775 rex,
1168 4703 1259 4775 luerit,
1270 4703 1405 4762 incertum
1414 4711 1465 4777 ast,
1474 4705 1534 4764 licat
1544 4707 1634 4780 potius

222 4798 256 4854 ad
268 4805 394 4872 nepotem
407 4799 482 4857 locos
493 4799 649 4860 talerandus
660 4801 797 4861 videatur.
816 4799 857 4859 ct.
872 4801 1013 4874 Gnmr,
1026 4802 1103 4860 Fert.
1118 4799 1265 4876 sumpt„
1281 4799 1355 4860 lbtd.
1374 4817 1441 4876 cap..
1452 4802 1485 4874 11,
1505 4819 1533 4878 p.
1551 4819 1631 4863 xvrrr.
