4374 6010
243 656 425 738 lrnrcr.13.]
695 655 893 720 HISTORIA
917 655 1211 720 ntrtottnrtcu.
1597 651 1659 714 877

291 795 342 864 Dc
354 791 526 888 imperiali
539 791 698 866 mactato
716 796 805 886 [octo
817 817 882 890 per
896 794 1065 868 moinum
1076 794 1259 867 labeonem
1276 792 1406 864 Morum
1421 789 1554 884 scripsit
1563 788 1660 861 Luc-

245 917 397 988 rodmar

293 1039 515 1129 Freden‘cns,
535 1039 678 1131 etc.,'A.
699 1040 771 1117 lilio
784 1042 935 1135 Henrici,
956 1053 1023 1116 etc.
1042 1041 1247 1116 blandamns
1260 1047 1296 1114 et
1311 1037 1522 1136 precipimus
1539 1035 1660 1111 fideli-

247 1163 308 1236 tati
330 1173 391 1236 tne
414 1173 587 1258 quatenns
606 1165 653 1240 ad
675 1167 937 1261 requisitionem
958 1163 1076 1238 lacobi
1099 1164 1223 1258 Capice
1244 1163 1362 1236 statuti
1382 1183 1487 1258 super
1509 1159 1659 1234 servitiis

246 1287 344 1361 curie
363 1287 545 1361 karissime
564 1291 733 1362 conmuis
755 1281 871 1363 nostre
891 1291 919 1362 1.
938 1289 1168 1361 llomanorum
1190 1285 1417 1380 imperatricis
1438 1305 1573 1379 semper
1591 1305 1659 1356 nn-

244 1420 359 1504 gusta,
376 1409 489 1485 fidelis
508 1413 634 1502 nostri,
651 1413 703 1486 sic
723 1411 864 1486 studeas
888 1411 1052 1486 ordinare
1076 1409 1176 1506 quod
1192 1409 1258 1481 bac
1275 1409 1353 1482 vicu
1368 1407 1415 1482 de
1433 1409 1660 1504 proventibus

243 1534 340 1606 curie
357 1543 473 1607 nostre
490 1535 651 1630 quisunt
667 1555 729 1632 per
747 1557 871 1610 manns
890 1545 988 1625 tuus,
1012 1535 1075 1609 des
1101 1533 1304 1608 indumenta
1328 1553 1392 1628 pro
1412 1532 1542 1606 lamiliu
1563 1533 1659 1606 curie

227 1655 338 1730 'dicte
351 1657 520 1730 consortis
536 1669 652 1732 nostre
668 1669 703 1733 et
717 1661 766 1754 F„
781 1659 951 1733 karissimi
967 1658 1028 1731 lilii
1045 1659 1172 1749 nostri,
1193 1679 1235 1730 ac
1250 1657 1360 1731 donec
1377 1656 1501 1729 eudem
1519 1677 1660 1730 consors

246 1789 365 1854 nosba
380 1789 416 1854 et
430 1777 524 1852 idn
540 1779 633 1853 lilius
650 1791 766 1855 noster
785 1783 821 1852 in
842 1782 1085 1874 jurisdictione
1100 1791 1161 1854 tna
1182 1781 1424 1872 morabuntur,
1444 1779 1490 1852 ad
1510 1781 1659 1876 requisi·

248 1904 378 1977 tionem
393 1903 550 1996 ejusdam
574 1905 728 1999 quelibet
748 1913 919 2000 oportuna
938 1926 1000 2000 pro
1023 1905 1075 1978 eis
1094 1915 1129 1977 et
1148 1905 1222 1976 suis
1243 1903 1382 1977 familiis
1407 1904 1535 1978 debeas
1557 1904 1659 1978 exhi·

248 2028 351 2118 bere,
368 2045 568 2124 recepturus
585 2051 607 2102 a
627 2027 722 2103 dicto
740 2029 869 2103 tacebo
890 2027 936 2104 de
949 2029 1111 2104 omnibus
1131 2049 1202 2123 qne
1220 2037 1403 2126 propterea
1423 2027 1563 2103 dederis
1582 2030 1661 2105 ido-

246 2174 349 2226 neam
367 2151 570 2250 apndixam.
923 2167 927 2180 ·

295 2277 421 2349 Datum
437 2275 598 2362 luceria,
616 2276 662 2350 lll
678 2275 816 2372 aprilis,
832 2275 910 2348 Xlll
926 2275 1137 2351 indictionis.

303 2751 524 2836 Mandatum
541 2755 592 2838 ad
611 2754 860 2840 Guillelmum
877 2759 926 2842 de
943 2758 1183 2844 Pedevillano
1204 2769 1242 2842 et
1271 2758 1321 2841 ad
1347 2769 1534 2842 secretum
1552 2757 1659 2843 bles-
1738 2779 1760 2864 ζ
1798 2778 1837 2866 ··;

246 2911 363 2969 sanae
381 2895 425 2969 nt
439 2911 537 2996 opus
558 2889 673 2972 castri
691 2889 781 2974 noui
799 2889 993 2977 Messanae
1008 2918 1096 2975 oum
1120 2891 1226 2976 omni
1249 2891 1376 2974 studio
1399 2903 1438 2975 et
1463 2889 1660 3000 diligentia

244 3017 429 3127 compleri
447 3017 595 3103 debeat.

330 3217 458 3300 (licoat.
472 3219 576 3300 caper.
591 3217 709 3284 mmo.
723 3221 764 3300 11,
778 3222 830 3286 lul.
847 3231 886 3286 st
900 3231 996 3300 recto3
1009 3227 1041 3286 in
1054 3225 1126 3288 edlt.
1141 3223 1279 3300 ceren,
1292 3241 1324 3304 p.
1341 3221 1423 3302 389.)

294 3393 343 3463 Dc
357 3392 515 3464 mundato
532 3394 701 3488 imponet
712 3397 845 3492 empsit
864 3399 905 3470 G.
932 3399 972 3470 dc
990 3401 1114 3472 lacco:

294 3515 513 3608 hadericus,
531 3526 616 3609 eto,
635 3517 815 3595 Gnillelmu
836 3521 881 3596 de
898 3523 1139 3615 Pedevillano,
1161 3531 1228 3596 etc.
1249 3520 1421 3594 Fidelitati
1443 3527 1503 3593 tue
1522 3519 1658 3592 listerus

247 3639 346 3712 solita
356 3639 570 3735 benignitate
580 3643 774 3739 recepimus
786 3655 821 3720 et
835 3649 1080 3722 continentiam
1095 3646 1327 3720 intelleximus
1341 3644 1535 3738 diligenter.
1547 3645 1658 3739 Super

248 3783 289 3836 eo
305 3783 395 3836 vero
410 3763 507 3858 quod
524 3755 725 3858 aignfficasti
743 3791 805 3865 par
820 3792 880 3844 eas
899 3773 996 3868 quod
1016 3773 1173 3868 inopere
1189 3769 1291 3844 castri
1312 3768 1395 3842 novi
1409 3767 1567 3842 blessane
1587 3789 1657 3841 non

240 3871 443 3960 'secundum
458 3888 660 3963 mandatnm
676 3900 831 3966 nostrum
844 3896 906 3990 qni
922 3916 1010 3992 opus
1023 3897 1138 3991 ipsum
1153 3895 1315 3970 volumus
1333 3915 1414 3966 cum
1430 3892 1525 3965 omni
1542 3891 1659 3964 studio

251 4011 496 4102 consummari,
509 4011 574 4086 sed
587 4013 730 4090 remisse
741 4019 954 4113 proceditur,
968 4041 1033 4116 pro
1046 4041 1088 4093 ao
1099 4017 1196 4114 quod
1214 4027 1366 4090 secretus
1377 4015 1534 4088 blessane
1548 4012 1659 4088 fidelis

249 4135 410 4209 nost'erX
425 4136 546 4210 uncias
563 4137 640 4211 auri
653 4149 787 4214 tantum
803 4143 866 4216 tibi
883 4141 1202 4218 dandasordinavit
1217 4159 1455 4237 parmensem,
1469 4137 1657 4233 dequibus

250 4257 333 4332 lacis
350 4260 504 4367 pemeria
521 4259 666 4335 laborari
678 4262 726 4337 ad
737 4265 972 4341 extrahendos
990 4266 1124 4365 lapides
1142 4289 1220 4339 cnm
1233 4263 1478 4362 perriatoribus
1492 4271 1527 4335 at
1542 4271 1658 4357 porta·

250 4381 382 4452 toribus
396 4382 539 4471 nostris,
556 4392 592 4456 et
613 4407 676 4480 per
689 4408 771 4460 eum
792 4390 854 4484 qni
870 4400 1016 4464 statutus
1034 4401 1087 4464 est
1106 4411 1168 4486 per
1185 4387 1346 4463 eumdem
1365 4394 1534 4459 secretum
1553 4405 1657 4480 snper

249 4503 406 4576 sumeriis
422 4515 457 4577 et
479 4505 595 4578 bubus
613 4528 682 4581 non
698 4511 872 4586 laboratur
895 4515 931 4586 in
955 4535 1060 4608 opere
1077 4514 1153 4609 ipso
1170 4513 1236 4586 nisi
1258 4533 1337 4586 cum
1361 4511 1421 4583 XL
1444 4508 1602 4584 somariis
1622 4520 1658 4582 et

249 4644 318 4697 uno
329 4625 474 4720 pariclo,
498 4625 505 4726 Ι
526 4650 606 4702 oum
622 4653 686 4706 nos
699 4637 919 4710 statuerimus
938 4649 975 4709 ut
996 4659 1077 4710 cnm
1095 4647 1234 4711 centnm
1250 4634 1410 4709 sumeriis
1422 4641 1457 4707 et
1474 4631 1538 4706 XX
1560 4632 1658 4728 pari·
1682 4653 1849 4701 soram.

252 4745 311 4819 elis
331 4748 369 4820 in
390 4749 514 4824 eodem
536 4773 641 4850 opere
663 4757 855 4851 laboretur,
880 4759 1037 4835 fidelitati
1062 4771 1121 4834 tue
1146 4761 1261 4834 taliter
1283 4755 1532 4854 respondemus
1557 4755 1658 4851 quud

328 4871 367 4933 V·
389 4887 446 4933 Pars
458 4889 480 4934 2
1441 4889 1495 4942 111
