4374 6010
540 599 603 664 aad
1046 608 1257 672 releuaret
1282 607 1457 671 SECUNDI
1759 605 1843 689 [An.
1860 609 1945 674 lato.

453 773 455 778 ·
589 736 634 809 VI
647 737 755 812 madii
766 749 931 815 renovate
944 751 1026 816 sunt
1042 743 1089 818 ad
1104 742 1293 818 Iohannem
1308 742 1354 817 de
1365 742 1471 818 Cioffo
1487 741 1689 838 magistrum
1703 745 1944 836 numerarium,

539 858 622 954 quia
634 871 786 937 secretus
799 873 936 939 amotus
953 867 1018 940 suit
1030 867 1091 965 (o).
1466 865 1469 870 ’

461 1465 481 1500 .
587 1401 810 1490 Mandatum
837 1359 888 1485 ad
909 1401 1188 1508 Alexandrum,
1213 1401 1336 1488 filium
1357 1403 1530 1513 Raurici,
1552 1405 1601 1488 de
1622 1404 1733 1488 ferris
1750 1405 1944 1512 mulorum

534 1544 572 1620 et
598 1535 844 1620 roncinorum
868 1545 907 1644 et
932 1533 1049 1621 clavis
1074 1535 1275 1646 faciendis,
1302 1547 1340 1622 et
1356 1537 1466 1622 Petro
1488 1537 1727 1624 manescaloo
1748 1539 1943 1624 mulorum

532 1695 705 1754 camerae
722 1669 977 1780 assignandis.

613 1869 741 1952 (linunt.
756 1871 859 1950 impar.
874 1867 994 1930 Frodcr.
1009 1869 1054 1950 11,
1068 1869 1122 1932 iol.
1141 1879 1197 1932 1⁰8
1210 1875 1306 1946 rootoa
1321 1873 1354 1932 in
1366 1871 1438 1934 edit.
1453 1873 1584 1950 Garum,
1596 1889 1627 1952 p.
1643 1872 1728 1952 ⁴08.)

580 2046 628 2115 De
641 2043 797 2116 mndata
810 2041 980 2136 imperiali
1001 2043 1089 2135 [octo
1105 2065 1168 2140 per
1183 2043 1382 2136 moqistrom
1403 2045 1446 2117 R.
1468 2045 1509 2118 de
1528 2044 1670 2118 Comere
1688 2045 1819 2140 snipst't
1835 2047 1876 2118 P.
1900 2046 1941 2118 de

531 2167 673 2261 Comus:

577 2289 792 2383 Frederinur,
808 2299 891 2383 eto,
907 2289 1107 2364 Alexandro
1122 2289 1194 2364 filio
1205 2292 1358 2382 Henrioi,
1377 2300 1444 2365 ete.
1458 2290 1629 2366 Fideiitati
1643 2300 1702 2366 tue
1718 2291 1940 2388 precipiendo

529 2415 736 2490 mandamus
755 2424 927 2509 quatenus
941 2414 989 2487 ad
1006 2415 1268 2509 requisitionem
1286 2416 1379 2490 Petri
1395 2416 1603 2490 manesoaloi
1616 2415 1788 2490 mulorum
1803 2438 1939 2491 camere

528 2549 644 2614 nostre
658 2539 751 2611 mille
770 2548 805 2613 et
821 2539 1093 2636 quadringentos
1116 2541 1223 2614 ferros
1241 2539 1287 2614 de
1303 2539 1407 2614 mulis
1423 2561 1503 2614 oum
1524 2539 1631 2614 chris
1653 2561 1772 2614 eorum
1797 2551 1833 2615 et
1854 2561 1938 2614 sex·

514 2641 647 2740 'centos
667 2664 775 2736 ferros
799 2662 845 2737 de
866 2663 1018 2737 roncinis
1040 2664 1196 2739 similiter
1215 2685 1296 2738 oum
1319 2661 1428 2740 clavis
1444 2682 1564 2738 eorum
1586 2671 1622 2738 et
1644 2673 1760 2760 preter
1784 2683 1845 2739 eos
1868 2665 1938 2738 alia

526 2795 674 2883 quatuor
684 2785 844 2860 miltiade
854 2786 962 2862 clavis
973 2785 1047 2858 tieri
1061 2787 1181 2879 iacias,
1192 2795 1227 2862 et
1237 2795 1307 2862 tam
1320 2787 1449 2862 forrum
1461 2809 1567 2884 qnam
1580 2788 1697 2864 elavos
1711 2787 1805 2886 ipsos
1815 2807 1938 2862 omues

483 3001 486 3012 Ι
526 2909 641 2985 eidem
658 2909 756 2983 Petro
771 2909 900 2983 debeas
913 2910 1101 3002 assignare.

575 3035 698 3107 Datum
714 3032 811 3129 apud
827 3034 962 3126 Onam,
982 3034 1108 3109 XXVII
1127 3033 1272 3130 aprelis,
1290 3035 1368 3108 xm
1381 3033 1592 3110 indictionis.

463 3592 487 3658 ¹·
577 3543 798 3630 Mandatum
816 3542 922 3652 quod
939 3567 1125 3652 expensae
1146 3543 1268 3628 foetae
1293 3569 1364 3654 pro
1387 3553 1474 3628 outo
1494 3544 1604 3657 eqrris
1626 3543 1754 3630 euriae
1770 3543 1934 3628 infirmis

523 3678 626 3789 apud
640 3674 888 3787 justitiarium
901 3675 1050 3786 Aprutii
1067 3675 1250 3782 dimissis,
1264 3676 1305 3760 in
1321 3676 1534 3761 rationibus
1548 3677 1743 3788 justitiarii
1761 3676 1933 3790 ejusdem

521 3818 800 3921 computentur.

602 4012 729 4096 (iteam.
743 4011 847 4092 imper.
859 4007 977 4072 Fredcr.
993 4010 1038 4090 11,
1052 4009 1106 4073 tol.
1124 4019 1180 4072 loa
1192 4015 1283 4084 recto
1297 4013 1329 4072 tn
1342 4011 1414 4072 edtt.
1430 4009 1568 4092 caream,
1579 4026 1611 4090 p.
1626 4009 1709 4090 tot.)

569 4185 786 4260 nemanauo
800 4145 1089 4276 marsianum·
1104 4184 1241 4278 scapio
1257 4183 1370 4256 som:

567 4309 789 4402 Fundaniana,
810 4315 893 4396 ete,
911 4308 950 4380 B.
972 4307 1130 4381 Pisoiono
1151 4307 1338 4402 justitiario
1358 4305 1512 4402 Aprutii,
1531 4315 1600 4380 ete.
1620 4305 1707 4378 Cum
1726 4305 1763 4378 in
1783 4303 1929 4378 transitu

519 4445 636 4510 nostro
656 4455 719 4530 por
732 4432 988 4527 justitiariatum
1000 4430 1137 4528 Aprutii
1157 4443 1235 4506 oeto
1253 4453 1366 4528 equos
1386 4431 1482 4506 eurio
1498 4439 1614 4505 nostra
1630 4428 1726 4526 apud
1742 4437 1776 4503 te
1796 4427 1929 4502 Raude

558 4609 601 4694 (a)
622 4612 703 4674 Haeo
721 4611 872 4673 adduntur
889 4625 928 4672 ex
945 4612 1088 4689 margine.
1103 4610 1218 4673 Desunt
1234 4627 1305 4673 voro
1322 4609 1378 4673 hae
1396 4611 1512 4673 linetae
1533 4611 1567 4672 in
1588 4607 1756 4688 fragmento
1777 4606 1858 4686 qnod
1875 4621 1925 4669 su·

478 4753 481 4760 κ
516 4727 623 4800 penest.
