4374 6010
322 599 426 660 quen
446 595 509 676 IX]
780 590 977 654 HISTORIA
1001 590 1297 655 ulrtottltrtca
1683 587 1745 650 933

320 739 359 802 et
381 751 449 826 pro
464 721 726 822 impugnatione
743 721 835 796 dioto
857 723 969 798 Rooee
987 722 1050 796 tibi
1073 721 1254 816 exhibeat,
1280 721 1374 795 omui
1396 741 1492 795 mora
1510 728 1545 794 et
1564 719 1745 794 occasione

318 852 481 926 remotis.

373 978 503 1049 Datum
520 972 689 1046 Coronate
706 969 771 1066 (l),
791 969 930 1043 XXVIII
951 970 1097 1064 aprelis,
1116 969 1194 1044 XIII
1213 968 1423 1044 indictionis.

314 1165 319 1175 .
374 1099 463 1171 Item
479 1096 616 1192 son'psit
630 1093 759 1168 Jaeobo
776 1093 822 1167 de
836 1093 1057 1168 Castromaris
1072 1092 1271 1193 [castellano
1283 1089 1472 1190 Introduoi]
1487 1099 1527 1165 ut
1541 1090 1672 1164 blidam
1688 1111 1745 1164 as·

323 1225 443 1318 signet
455 1219 578 1292 nuntio
591 1218 674 1292 dieti
687 1217 863 1292 Robberti.

376 1349 462 1418 Item
477 1344 646 1436 empsit.-
669 1419 672 1428 ,

377 1466 594 1558 hadericus,
610 1474 695 1556 ete,
711 1467 750 1537 B.
766 1464 909 1538 Pissono
918 1465 1104 1558 justitiario
1117 1463 1266 1561 Aprutii‚
1278 1472 1345 1537 eto.
1360 1463 1475 1536 Mirari
1491 1485 1561 1538 non
1574 1461 1744 1536 immerito

330 1592 489 1686 cogimur
506 1600 541 1664 et
555 1589 690 1663 moveri
704 1588 800 1684 quod
818 1610 898 1661 oum
914 1609 976 1683 pro
991 1588 1249 1684 impugnatione
1266 1587 1375 1660 Itoece
1388 1586 1538 1659 Alberiei
1554 1607 1658 1680 super
1673 1607 1744 1682 qua

330 1715 543 1788 ltobbertum
555 1711 600 1785 de
617 1712 819 1784 Castellione
834 1709 974 1784 fidelem
988 1720 1142 1784 nostrum
1155 1710 1200 1784 de
1215 1720 1331 1783 nostra
1345 1711 1440 1782 ouria
1459 1709 1631 1803 misimus,
1649 1732 1745 1782 man-

332 1837 495 1911 davimus
511 1845 545 1908 te
560 1835 605 1908 ad
619 1835 877 1930 requisitionem
889 1834 1046 1926 ejusdem
1062 1834 1108 1908 de
1125 1835 1272 1930 pecunia
1287 1835 1383 1907 ourie
1399 1844 1514 1907 nostre
1529 1855 1599 1929 que
1613 1843 1666 1906 est
1684 1855 1745 1930 per

333 1983 457 2034 manus
473 1969 553 2032 tuas
571 1959 764 2032 necessaria
781 1957 936 2052 quelibet
952 1959 1135 2044 exhibere,
1158 1969 1195 2029 tu
1210 1959 1345 2052 lapsum
1358 1959 1518 2054 oportuni
1532 1959 1698 2052 temporis
1712 1967 1747 2030 et

332 2085 460 2180 negotii
479 2083 636 2177 ejusdem
653 2083 843 2177 periculum
860 2103 929 2154 uon
945 2083 1138 2172 attendens,
1158 2081 1258 2176 quasi
1271 2080 1481 2176 subterfugis
1499 2082 1628 2154 irivoIIs
1644 2103 1745 2156 oeou-

336 2209 490 2282 sionibus
504 2218 618 2297 utens,
632 2205 833 2278 mandatum
847 2215 882 2279 et
897 2207 1076 2280 servibum
1088 2215 1241 2279 nostrum
1259 2205 1376 2278 debita
1389 2206 1562 2278 celeritate
1575 2207 1747 2301 complere

338 2329 540 2430 [dIstnlistIJ.
558 2333 699 2425 Propter
723 2331 820 2424 quod
842 2327 998 2403 fidelitati
1024 2339 1083 2403 tuo
1107 2329 1330 2426 precipiendo
1350 2330 1556 2403 mandamus
1576 2341 1747 2426 quatenus

337 2455 447 2528 eidem
466 2455 636 2528 ltobberto
659 2453 705 2528 ad
723 2454 981 2548 requIsitIonem
999 2453 1157 2546 ejusdem
1178 2453 1379 2549 pecuniam,
1396 2475 1491 2526 arma
1507 2463 1542 2528 et
1556 2456 1747 2528 necessaria

336 2581 488 2674 quelibet
508 2601 572 2674 pro
590 2579 850 2674 impugnatione
872 2577 964 2650 diote
986 2578 1097 2650 Roooe
1121 2576 1235 2650 statim
1264 2578 1349 2650 visis
1376 2577 1443 2673 bys
1471 2578 1596 2651 litteris
1621 2577 1750 2656 debeas

339 2703 519 2792 exhibere,
544 2703 682 2798 atquin
706 2703 869 2774 volumus
894 2709 934 2772 ut
958 2699 1054 2773 blida
1073 2723 1142 2795 que
1161 2709 1214 2774 est
1237 2699 1274 2773 in
1299 2711 1410 2774 omtro
1429 2700 1604 2774 Introduoi
1626 2700 1751 2775 debeat

340 2806 588 2921 deferriusqu'e
600 2824 647 2898 ad
659 2826 807 2898 Roocam
820 2823 1021 2920 predictam,
1039 2823 1248 2898 mandamus
1263 2823 1326 2896 tibi
1340 2833 1378 2897 ut
1393 2825 1503 2920 ipsam
1519 2824 1649 2898 blidam
1668 2826 1750 2898 illue

342 2947 384 3021 ad
395 2949 656 3044 requisitionem
668 2948 751 3021 dicti
762 2949 803 3021 Il.
822 2947 947 3022 deterri
959 2949 1064 3021 facias
1077 2957 1112 3021 et
1125 2948 1319 3022 necessaria
1333 2948 1488 3043 quelibet
1504 2969 1566 3044 pro
1583 2959 1749 3044 apparatu

345 3080 376 3142 et
387 3075 478 3165 jactu
496 3073 607 3169 ipsius
623 3072 718 3146 blide
732 3071 941 3146 suffioIsnter
953 3081 993 3145 ut
1010 3071 1154 3167 expedit
1170 3071 1368 3146 minIstrari.

389 3195 515 3270 Datum
526 3195 581 3295 [at
594 3193 728 3294 supro}

396 3670 614 3758 Mandatum
633 3671 681 3754 od
697 3669 948 3781 justitiarium
972 3669 1207 3779 Capitinatae
1223 3678 1268 3752 ut
1286 3680 1499 3754 armaturas
1521 3669 1612 3754 ferri
1634 3680 1752 3782 quot-
1828 3706 1885 3793 qq
1904 3728 1930 3793 ··.

343 3815 431 3903 quot
445 3815 572 3917 potest
588 3805 790 3888 ammirato
807 3804 915 3914 regni
935 3804 1122 3914 assignari
1140 3803 1267 3888 laalot.

414 3985 547 4066 (aaut.
562 3985 665 4064 smper.
680 3981 799 4045 maur.
815 3983 855 4062 11,
871 3985 923 4046 ror.
942 3993 999 4045 104
1012 3983 1247 4059 versomnooa.
1263 3982 1400 4060 cnon,
1415 4001 1446 4062 p.
1462 3981 1547 4064 roa.)
1598 3965 1601 3972 ’

360 4127 433 4207 De
461 4135 629 4230 repertori
653 4133 812 4208 mandato
836 4137 925 4227 (octo
950 4157 1012 4228 per
1036 4136 1235 4228 magistram
1259 4133 1402 4206 Petram
1427 4135 1467 4206 de
1493 4136 1595 4208 Virteo
1619 4136 1752 4229 reapse

280 4235 563 4332 haraeus.-

270 4394 1752 4438 &ffi-

314 4493 403 4575 (4)
433 4509 497 4568 Cum
507 4509 605 4584 pagiua
614 4508 716 4568 oodieis
728 4509 757 4566 In
771 4523 821 4567 eno
837 4508 963 4568 exhibeat
974 4508 1051 4567 titulo
1064 4526 1073 4564 ε
1084 4509 1180 4583 Aprele'
1193 4509 1225 4566 r'a
1236 4508 1306 4566 Orto
1317 4515 1343 4566 et
1354 4507 1499 4580 dorostolo,
1510 4513 1616 4567 oonstat
1628 4508 1753 4583 impera-

258 4577 432 4660 ι(θ”ῠῐιι
440 4607 530 4665 eodem
543 4607 588 4664 die
601 4607 629 4664 in
640 4607 684 4665 Iris
695 4607 801 4665 duobus
809 4607 874 4666 loeis
885 4613 1019 4666 moratum
1030 4606 1126 4680 fusam
1139 4605 1211 4666 unde
1221 4607 1290 4666 haec
1299 4607 1352 4666 duo
1364 4606 1460 4667 ulb'ma
1470 4607 1597 4667 mandute
1605 4607 1753 4667 Coronatae

258 4683 436 4758 botius
445 4720 523 4777 quarn
535 4705 617 4763 ortae
629 4705 694 4764 data
706 4705 830 4764 arbitrati
844 4721 947 4764 sumus.

421 4799 460 4863 q·
479 4820 567 4868 pm.
1537 4813 1594 4868 118
