4564 6038
1098 678 1279 742 conflant
1305 678 1455 749 Quanrl

497 1171 522 1240 ⁸·
621 1137 701 1222 Hoc
723 1166 824 1224 anno
851 1141 901 1224 Vl
923 1167 1044 1224 nonas
1066 1142 1153 1251 julii
1180 1143 1220 1222 in
1247 1143 1396 1226 civitate
1419 1143 1643 1252 Moguntina
1664 1143 1897 1228 celebratum
1923 1153 1979 1226 est

568 1271 788 1378 concilium,
806 1274 1045 1382 praesidente
1064 1275 1243 1358 Gunrado
1261 1301 1350 1384 rege
1365 1275 1606 1383 imperatoris
1622 1275 1702 1358 filio
1720 1303 1764 1358 ac
1776 1275 1860 1385 ejus
1879 1277 1978 1358 sedis

569 1401 710 1488 Silrido
733 1406 1014 1516 archiepiscopo
1032 1431 1119 1489 cum
1144 1433 1281 1491 novem
1304 1407 1436 1490 ceteris
1454 1408 1653 1517 episcopie.
1675 1408 1717 1490 ln
1743 1434 1821 1517 quc
1839 1408 1978 1490 scilicet

568 1535 728 1620 concilio
746 1538 945 1648 episcopus
965 1537 1188 1622 Eistatensis
1208 1539 1447 1650 querulando
1465 1539 1701 1622 miserabiles
1722 1541 1895 1623 exhibuit
1911 1539 1978 1622 lit-

568 1677 684 1774 teras,
704 1671 898 1778 quomodo
917 1671 976 1753 sui
994 1671 1259 1754 ministeriales
1277 1697 1321 1752 ac
1343 1669 1443 1754 cives
1461 1669 1690 1754 Eistatenses
1705 1670 1787 1781 jam
1810 1671 1891 1754 lere
1912 1695 1977 1780 per

569 1825 714 1882 annum
739 1802 779 1883 in
802 1804 1194 1888 excommunicatione
1212 1813 1431 1910 manentem
1458 1813 1529 1886 etc.
1556 1803 1726 1888 chronio.
1748 1805 1888 1913 Erpb,
1913 1830 1972 1912 ap.

566 1930 762 2038 Boanum,
789 1941 940 2033 Fontes,
971 1945 1001 2018 t.
1029 1934 1082 2041 11,
1113 1962 1153 2044 p.
1179 1937 1274 2018 401.
1308 1935 1367 2018 Gi.
1398 1935 1637 2040 Hannonem,
1666 1934 1807 2016 Concil.
1835 1941 1972 2031 Germ„

567 2073 596 2146 t.
626 2063 697 2170 ΙΙΙ,
725 2088 765 2171 p.
799 2065 878 2148 568
903 2073 941 2146 et
968 2090 1077 2175 seqq.
1097 2111 1152 2126 -
1178 2065 1226 2146 Et
1251 2065 1314 2147 die
1337 2066 1447 2148 tertia
1474 2066 1654 2170 [concilii]
1681 2067 1774 2176 qnia
1799 2065 1977 2148 dominus

566 2195 812 2304 Mogontinus
839 2196 1006 2280 officium
1031 2197 1281 2306 personaliter
1305 2199 1440 2308 exequi
1468 2224 1545 2281 non
1573 2210 1739 2307 poterat,
1764 2199 1977 2307 [episcopus

566 2327 804 2434 Eistatensis]
829 2331 1101 2412 monasterinm
1127 2329 1167 2411 in
1197 2331 1333 2440 maiori
1359 2332 1515 2414 ecclesia
1540 2331 1775 2441 Moguntiae‚
1800 2329 1978 2413 omnibus

567 2461 635 2569 qui
666 2459 719 2544 ibi
747 2471 856 2544 erant
884 2461 1070 2570 episcopis
1091 2462 1153 2572 (l)
1180 2462 1252 2545 sibi
1283 2463 1575 2572 cooperantibus
1613 2473 1652 2546 et
1682 2488 1771 2574 rege
1804 2463 1978 2546 Comado

567 2603 782 2701 praesente,
810 2593 1082 2704 gloriosissime
1111 2593 1309 2676 dedicarit.
1341 2595 1486 2702 Goosn,
1515 2597 1604 2678 cod.
1634 2593 1849 2704 diplomat,
1883 2594 1975 2698 tl,

569 2753 607 2832 p.
626 2729 718 2810 575.
730 2775 783 2787 -
795 2725 906 2810 Anno
919 2726 1133 2809 dominicae
1148 2727 1422 2808 lncarnationis
1434 2729 1484 2810 ll.
1499 2727 1573 2811 CC.
1587 2726 1737 2810 XXXIX
1750 2735 1889 2834 quarta
1903 2752 1979 2808 no-

569 2883 639 2940 nas
657 2857 744 2967 julii
767 2884 834 2966 per
851 2861 1099 2942 reverendum
1118 2859 1319 2941 dominnm
1343 2857 1527 2942 Silridum
1546 2857 1870 2967 archiepiscopum
1888 2859 1977 2944 Μο-

569 2989 723 3098 gontiae
755 2999 973 3072 consecrata
1001 3003 1058 3072 est
1083 2989 1208 3099 major
1230 2989 1386 3074 ecclesia
1409 2992 1646 3102 Mognntina.
1674 2991 1831 3074 Socriet.
1865 2991 1973 3092 liber,

568 3123 714 3204 laudat.
736 3149 798 3230 ap.
821 3123 959 3226 Gnoso,
981 3123 1132 3220 Ibidem,
1156 3150 1195 3232 p.
1218 3126 1312 3205 527.

452 3593 467 3624 ⁸
624 3581 842 3686 Comama,
871 3581 1131 3665 Romanorum
1159 3583 1199 3664 in
1221 3607 1349 3690 regem
1375 3579 1532 3679 electus,
1559 3577 1708 3661 (lunoni
1734 3576 1782 3658 de
1807 3574 1978 3659 Reiffen-

430 3699 444 3730 ¹²
463 3701 488 3731 ⁰·
569 3709 664 3822 berg
682 3712 784 3796 fideli
803 3739 873 3797 suc
889 3725 1056 3796 castrum
1074 3713 1311 3820 Reiffenbere
1332 3713 1371 3792 5¹¹
1391 3721 1615 3820 perpetuum
1633 3709 1792 3792 seudum
1809 3706 1975 3812 mafert'

569 3868 615 3926 ea
636 3845 850 3930 conditione
870 3855 914 3928 ut
938 3847 1040 3928 idem
1063 3846 1171 3928 Guno
1193 3846 1393 3934 honestam
1413 3842 1687 3924 habitationem
1704 3842 1755 3923 ad
1776 3866 1869 3924 usus
1891 3839 1977 3922 im-

568 3978 754 4084 peratoris
771 3989 808 4060 et
825 3980 926 4088 regis
939 3978 979 4060 in
998 3977 1099 4060 dicto
1116 3987 1240 4060 castro
1258 3971 1456 4058 aedificare
1469 3983 1654 4056 teneatur.

651 4161 772 4242 (lnedlt
787 4183 825 4226 ex
838 4168 922 4243 copta
937 4180 993 4224 sec.
1009 4163 1124 4224 declmo
1141 4169 1247 4224 octavo
1260 4169 1397 4240 exarata,
1412 4163 1490 4222 lnter
1504 4159 1626 4221 schedae
1643 4156 1847 4220 chcklenas
1863 4161 1978 4236 reperta

689 4277 719 4332 et
730 4271 855 4332 nuncin
873 4269 993 4331 archivo
1006 4268 1228 4330 Darmetedensl
1245 4273 1405 4330 asservata.
1422 4267 1560 4343 Dlplomc
1576 4268 1666 4342 Juxta
1680 4265 1844 4324 rerslonem
1858 4279 1975 4342 germe-

688 4377 786 4436 nlcem
799 4376 891 4436 latlnc
906 4373 1081 4450 rescrlptum
1098 4373 1188 4436 fnleee
1206 4373 1331 4434 libenter
1343 4374 1542 4450 eueplcnmnr3
1561 4375 1648 4430 notes
1667 4385 1739 4431 vero
1751 4367 1975 4447 chronologicae

683 4483 780 4558 justes
792 4477 960 4559 babemus.)

603 4703 642 4776 (t)
660 4703 1008 4778 ScilicetWirnborgensls,
1022 4701 1239 4777 argentinensis,
1252 4699 1468 4773 mnenon,
1484 4698 1632 4774 Spirensis,
1644 4695 1861 4766 Wormatiensie,
1871 4697 1974 4754 Peder-

568 4801 709 4862 burneneie
721 4808 749 4860 et
759 4800 1003 4872 llalberetadeneie,
1014 4800 1079 4858 dum
1092 4799 1320 4858 llildeebemenaie
1332 4813 1363 4857 ee
1377 4803 1486 4871 propter
1499 4795 1681 4855 infirmitatem
1694 4793 1883 4854 excusavisset.
