4468 6010
523 685 584 746 tat
758 721 762 729 ‹
1021 685 1235 747 rntbultlcl
1260 683 1455 746 securint·
1749 682 1828 765 [Aac.
1846 682 1932 743 lato.

571 819 621 891 De
638 823 806 916 imperiali
816 826 974 897 mandato
986 829 1077 916 sacto
1086 845 1151 917 per
1162 823 1359 914 mapistrom
1370 821 1506 890 Petrum
1519 818 1560 889 de
1575 818 1678 890 Vinea
1690 817 1825 910 scripsit
1838 819 1878 889 G.
1895 819 1934 890 do

525 944 683 1016 tuentia
700 971 713 1016 .·

573 1069 793 1162 Frodsricus,
816 1081 902 1162 ete,
928 1071 1099 1164 lioggerio
1123 1070 1169 1142 de
1192 1070 1323 1141 Amicis
1346 1067 1530 1162 justitiario
1555 1065 1670 1138 Sicilie
1696 1067 1784 1138 ultra
1806 1065 1935 1138 flumen

524 1195 675 1283 Salsum,
697 1203 765 1267 etc.
781 1196 835 1266 Ex
861 1195 1149 1292 occupationibus
1168 1195 1293 1266 nostris
1319 1191 1681 1286 modicum-temporis
1705 1191 1936 1264 subtractione

524 1318 691 1391 laudabili
706 1319 957 1408 subtrahentes,
976 1341 1055 1392 ecce
1067 1319 1162 1414 quod
1180 1317 1225 1391 ad
1240 1316 1484 1390 bereditarium
1499 1337 1644 1408 reguum
1655 1325 1811 1389 nostrum
1822 1317 1937 1389 Sicilie

524 1443 621 1536 quod
640 1443 728 1516 iuter
750 1452 879 1515 ceteras
897 1443 1055 1537 regiones
1071 1443 1192 1516 ditioni
1210 1451 1324 1515 nostre
1344 1441 1515 1534 subjectas
1536 1439 1771 1513 delectabilius
1787 1440 1887 1512 nobis
1902 1450 1937 1512 et

526 1567 729 1662 precipuum
744 1577 961 1661 reputamus,
977 1568 1153 1661 gressibus
1170 1566 1338 1638 festinatis
1353 1565 1551 1638 accedimus
1563 1575 1602 1636 ut
1615 1587 1762 1656 regnum
1777 1575 1811 1637 et
1826 1566 1937 1656 regni-

526 1689 617 1761 colas
631 1689 762 1762 ilariter
775 1688 968 1762 videamus.
985 1691 1069 1762 Cum
1087 1691 1193 1784 igitur
1203 1688 1298 1784 apud
1311 1690 1451 1782 Fugiam
1467 1690 1503 1759 in
1522 1690 1808 1762 lestoPalmarnm
1827 1690 1937 1784 primo

528 1824 674 1886 venturo
690 1814 895 1908 colloquium
915 1815 1145 1887 indixerimus
1164 1815 1324 1908 generale
1342 1813 1402 1885 ubi
1423 1814 1469 1886 de
1486 1811 1647 1886 fidelibus
1659 1814 1785 1887 nostris
1803 1814 1937 1910 aliquos

528 1959 575 2009 ex
592 1938 738 2031 singulis
753 1939 850 2031 regni
869 1940 1025 2034 partibus
1042 1939 1206 2010 volumus
1219 1937 1348 2010 babere
1366 1945 1563 2032 presentes,
1580 1935 1736 2010 fidelitati
1750 1948 1809 2010 tue
1826 1939 1936 2032 preci·

528 2062 655 2156 piendo
677 2061 882 2134 mandamus
899 2069 1070 2156 quatenus
1087 2063 1122 2132 in
1142 2061 1296 2156 predicto
1318 2063 1465 2133 termino
1488 2061 1712 2156 personaliter
1726 2069 1840 2134 nostro
1855 2081 1938 2134 oon·

528 2187 660 2283 spectui
675 2197 710 2259 te
724 2197 918 2281 presentes,
938 2189 1107 2261 ducturus
1120 2197 1234 2258 tecum
1249 2186 1336 2258 duos
1355 2187 1494 2259 nuntios
1512 2185 1558 2260 de
1572 2207 1784 2282 unaquaque
1801 2186 1938 2260 civitate

527 2322 564 2386 et
578 2311 752 2384 unumde
768 2331 982 2404 unoquoque
1008 2321 1120 2385 castro
1136 2309 1386 2404 jurisdictionis
1407 2321 1467 2384 tue
1490 2333 1560 2406 que
1583 2312 1619 2382 in
1642 2311 1804 2385 demanio
1823 2321 1938 2384 nostro

528 2444 688 2509 tenentur
712 2434 758 2508 ad
783 2455 942 2530 presens,
970 2445 1083 2528 preter
1109 2435 1265 2508 civitates
1291 2435 1366 2508 illas
1391 2437 1520 2530 quibus
1545 2435 1590 2508 de
1612 2435 1794 2509 mictendis
1820 2457 1936 2510 aarum

527 2560 660 2633 nuntiis
678 2559 813 2632 licteras
829 2559 1005 2632 mictimus
1020 2561 1186 2655 speciales
1198 2581 1287 2654 quas
1308 2559 1359 2632 eis
1376 2559 1482 2632 facias
1500 2561 1686 2654 assignari3
1711 2563 1939 2635 actentissime

528 2693 713 2758 curaturus
730 2682 827 2778 quod
840 2683 928 2756 iulra
941 2684 1126 2755 terminum
1144 2684 1382 2780 supradictum
1400 2684 1575 2757 collectam
1589 2684 1635 2758 ds
1649 2685 1867 2778 justitiariatu
1880 2695 1939 2761 tuo

528 2811 662 2904 integre
676 2809 892 2880 recollectam
904 2806 951 2880 ad
965 2809 1172 2903 presentiam
1189 2819 1339 2880 nostram
1352 2809 1458 2892 feras3
1474 2817 1509 2880 et
1522 2808 1650 2902 siquid
1667 2809 1842 2882 modicum
1856 2812 1940 2883 resi-

529 2933 639 3006 duum
655 2934 757 3006 luerit
776 2932 1022 3026 colligendum,
1042 2943 1172 3006 statuas
1188 2932 1450 3006 instantissimos
1469 2942 1646 3007 exactores
1663 2937 1724 3029 qui
1743 2947 1777 3008 te
1793 2935 1840 3008 ad
1857 2957 1941 3009 nos-

529 3067 618 3128 tram
634 3057 840 3151 presentiam
861 3057 1021 3128 veniente
1048 3057 1134 3130 illud
1162 3057 1407 3131 instantissime
1429 3057 1593 3152 colligant
1613 3066 1648 3130 st
1664 3058 1711 3131 ad
1734 3059 1939 3154 presentiam

530 3191 680 3254 nostram
695 3179 830 3253 deferre
842 3189 1039 3274 procurent.
1089 3240 1092 3246 ,
1124 3214 1127 3220 2

579 3307 705 3376 Datum
723 3304 880 3392 Viterbii,
901 3306 914 3375 l
934 3304 1061 3396 martii,
1076 3305 1154 3376 xllt
1168 3303 1378 3378 indictionis.

580 3430 674 3513 Quas
691 3426 865 3522 predictas
882 3427 1017 3501 licteras
1035 3427 1158 3500 detulit
1168 3428 1397 3502 Thomasinus
1410 3430 1579 3502 scutarius
1596 3431 1793 3504 marescallo
1803 3431 1865 3527 qni
1881 3430 1942 3506 de·

532 3551 610 3625 tulit
627 3551 761 3623 lieteras
786 3551 832 3624 ad
857 3559 1027 3624 secretum
1043 3553 1201 3625 Messana
1218 3579 1227 3624 ε
1247 3553 1343 3647 qnod
1365 3551 1394 3624 si
1417 3553 1579 3626 roncinns
1603 3575 1687 3626 suus
1706 3554 1738 3628 ei
1761 3553 1939 3652 deficeret,

534 3674 681 3750 debilem
698 3685 898 3771 recepturus
912 3676 957 3748 ab
975 3697 1017 3748 eo
1030 3675 1095 3773 (a),
1115 3677 1182 3749 sibi
1198 3677 1234 3750 in
1253 3677 1320 3749 alio
1336 3676 1552 3772 provideret,
1573 3687 1607 3748 et
1623 3677 1719 3771 quod
1740 3681 1882 3775 recipiat
1900 3681 1943 3754 ab

533 3821 576 3872 eo
591 3799 725 3872 licteras
741 3821 810 3894 qne
827 3800 1014 3872 mictuntnr
1028 3823 1089 3895 per
1100 3801 1250 3874 Siciliam
1266 3810 1301 3874 ot
1318 3801 1393 3872 sine
1409 3821 1505 3874 mora
1519 3800 1647 3872 mictat.

582 3924 663 3996 ltem
690 3923 737 3997 ad
755 3924 977 4016 justitiarium
993 3925 1100 3997 Vallis
1121 3925 1234 3998 Gratis
1253 3924 1349 4018 quod
1373 3923 1529 3996 similiter
1549 3923 1693 4020 recipiat
1718 3925 1853 3999 licteras
1875 3946 1945 4020 que

534 4049 723 4120 mictuntur
734 4067 797 4143 per
815 4048 1004 4120 Calabriam
1023 4057 1058 4120 et
1066 4047 1340 4141 jurisdictionem
1355 4069 1452 4120 suam
1468 4057 1504 4120 et
1521 4049 1650 4120 miotat.

582 4172 719 4245 Similes
735 4169 775 4243 G.
791 4171 837 4244 de
851 4171 1009 4264 Anglone
1022 4171 1204 4264 justitiario
1223 4171 1339 4244 Sicilie
1353 4172 1438 4244 citra
1453 4171 1581 4244 flumen
1599 4173 1747 4246 Salsum.

581 4298 716 4370 similas
732 4298 773 4368 o.
793 4297 838 4370 aa
851 4297 1101 4369 uoueruscuto
1115 4297 1301 4389 Justutaao
1318 4273 1486 4368 sarsurio.
1672 4383 1675 4390 ⁴

581 4421 717 4494 Similes
727 4419 910 4493 Tholomeo
925 4420 970 4493 de
984 4419 1185 4496 Castellione
1195 4421 1381 4514 justitiario
1395 4421 1496 4494 vallis
1507 4419 1618 4494 Gratis
1631 4429 1765 4494 atterre
1779 4421 1944 4494 Iordane.
2073 4483 2077 4490 .

581 4545 714 4617 Similes
729 4543 772 4615 Α.
790 4542 834 4614 de
851 4541 1035 4637 Aquaviva
1042 4543 1229 4637 justitiario
1242 4553 1330 4618 terre
1345 4543 1487 4620 idronti.

574 4799 618 4880 (a)
638 4801 688 4864 Slc
701 4803 733 4862 ln
748 4801 900 4878 impresso.
915 4801 1012 4862 Iocus
1025 4817 1095 4862 uero
1106 4801 1258 4863 obscurus.
