4358 5996
212 695 312 756 Irnrcr.
331 692 391 778 la]
657 692 856 757 HISTORIA
881 691 1176 756 clancularius.
1563 684 1624 748 9¹15

262 828 313 901 De
328 827 500 926 imperiali
511 826 668 904 masdeio
680 832 771 923 [octo
782 852 846 926 per
857 832 1029 926 mouimus
1043 831 1086 904 Il.
1102 830 1143 903 dc
1162 828 1312 922 I'rcjcoto
1328 833 1361 898 et
1370 824 1413 898 ll.
1429 823 1470 896 de
1482 823 1624 896 Comaru

211 953 348 1046 scripsit
367 951 595 1026 Laurentius:

262 1075 477 1169 Fredericus,
497 1084 581 1167 etc,
603 1073 649 1150 A.
668 1074 714 1150 de
729 1075 842 1151 Cioala
860 1077 1041 1174 capitaneo
1059 1087 1095 1152 et
1115 1076 1279 1172 magistro
1294 1073 1380 1148 citra
1401 1080 1533 1169 portam
1548 1070 1625 1144 Ilo-

213 1201 293 1291 aeti,
312 1209 379 1274 etc.
397 1200 488 1287 Quia
501 1207 663 1274 minium
686 1221 798 1296 nuper
812 1201 849 1274 in
867 1202 965 1275 cuma
980 1211 1095 1276 nostra
1113 1203 1258 1275 formam
1272 1197 1318 1271 ds
1331 1195 1504 1291 judicum,
1520 1201 1625 1268 nota·-

214 1323 366 1416 riurum,
384 1323 615 1416 medicorum,
634 1323 902 1419 cirurgicorum,
923 1335 958 1397 et
975 1324 1221 1398 advocatorum
1238 1321 1377 1410 officiis,
1399 1341 1461 1417 per
1479 1339 1625 1412 regnum

214 1455 373 1520 nostrum
387 1446 550 1520 volumus
564 1447 761 1540 observari,
781 1447 988 1522 mandamus
1003 1457 1175 1544 quatenos
1194 1468 1255 1542 per
1270 1445 1407 1546 singula
1425 1444 1502 1518 loca
1516 1441 1626 1536 juris-

215 1569 377 1644 dictionis
403 1578 463 1644 lue
487 1570 595 1646 iacias
615 1568 759 1644 firmiter
787 1580 822 1644 el
846 1571 984 1666 publica
1011 1571 1185 1668 prohiberi
1210 1591 1256 1644 ne
1278 1569 1402 1664 aliquis
1427 1565 1626 1641 officialium

215 1694 452 1790 predictorum
467 1694 610 1789 aliquod
627 1695 779 1768 officium
793 1716 840 1768 ex
853 1695 1015 1790 predictis
1035 1695 1206 1768 decoloro
1224 1692 1352 1767 audeat
1367 1711 1541 1783 exercere,
1558 1689 1625 1762 nisi

215 1816 313 1911 prius
326 1815 373 1892 ad
389 1824 541 1890 nostram
559 1817 692 1890 curiam
713 1818 936 1912 personaliter
953 1820 1072 1890 vaulat
1091 1827 1125 1889 et
1146 1816 1300 1890 obtineat
1318 1814 1470 1888 officinm
1495 1814 1531 1884 in
1555 1831 1626 1906 qno

216 1961 279 2035 per
296 1952 446 2014 nostram
462 1942 595 2016 curiam
613 1942 717 2014 fuerit
732 1941 955 2036 approbatus.

268 2067 393 2137 Datum
409 2065 524 2160 Fugio,
543 2064 709 2157 Vmadii,
727 2065 803 2136 XIII
820 2064 1030 2138 indictionIs.

266 2187 402 2260 Similes
427 2189 468 2262 fl.
498 2187 544 2262 de
565 2187 695 2262 Amicis
721 2187 900 2284 capitaneo
930 2196 965 2299 ot
988 2187 1154 2280 magistro
1177 2185 1361 2280 justitiario
1383 2185 1472 2258 ultra
1496 2193 1627 2280 portam

215 2311 345 2404 lloseti,
365 2319 432 2386 etc.

429 2579 1117 2592 mm---n--amn-—m-„an-—mm
1130 2579 1140 2586 -
1149 2578 1212 2586 .-l-⁴
1219 2577 1236 2586 a»
1247 2577 1423 2588 -.···-..-...,.‚..

273 2816 451 2902 Mandata
468 2819 519 2900 nd
538 2827 724 2903 secretum
740 2819 888 2903 SIciline
905 2829 942 2903 et
960 2819 1011 2902 ad
1025 2819 1274 2930 justitiruium
1292 2817 1442 2902 Siciliae
1458 2819 1507 2902 ds
1524 2843 1631 2901 mer·
1701 2832 1796 2931 {0333

219 2947 414 3032 columbus
431 2949 663 3059 quibusdam
681 2951 897 3061 quietandis
918 2977 990 3060 pro
1006 2951 1168 3061 pecuma
1185 2976 1303 3062 quum
1325 2950 1453 3034 cunae
1476 2949 1632 3034 fuerunt

220 3081 400 3188 mutuati,
420 3081 474 3164 itu
490 3085 832 3195 quodjustitiarius
849 3085 898 3169 de
919 3085 1077 3169 collecta
1095 3083 1243 3168 Siciliae
1265 3093 1408 3167 secroto
1425 3082 1530 3166 mille
1552 3109 1631 3166 un-

220 3211 298 3294 cias
316 3224 355 3295 et
371 3214 520 3324 Angelo
536 3216 701 3302 Frisario
718 3218 796 3302 duo
813 3218 934 3300 millia
952 3219 1133 3328 assignet.

304 3413 432 3496 (ileum.
444 3415 548 3498 iumen
563 3415 684 3480 I'redeu
696 3418 742 3499 11,
757 3418 809 3482 Iol.
826 3428 842 3480 l
857 3425 953 3490 recto;
967 3418 1083 3480 ln'edlt.
1100 3418 1236 3496 Carnam,
1250 3432 1281 3494 p.
1298 3413 1381 3495 241.)

260 3587 318 3658 'Ila
335 3587 503 3683 imperiali
522 3589 679 3666 mndata
699 3591 787 3684 suctu
805 3614 869 3688 per
885 3593 1081 3686 montrum
1100 3591 1267 3664 Aliorsum
1286 3591 1423 3686 scripsit
1441 3590 1482 3663 G.
1500 3587 1540 3662 dc
1562 3589 1631 3662 du·

222 3711 352 3781 semu:

269 3831 488 3926 Pindaricos,
507 3845 591 3924 etc,
611 3835 761 3910 Obberto
780 3835 1041 3912 Fallamonacbo
1059 3844 1191 3911 secreto
1208 3837 1245 3910 in
1260 3835 1388 3930 Sicilia,
1406 3844 1473 3910 etc.
1491 3833 1631 3910 Dudum

222 3973 301 4026 cum
325 3954 536 4048 quibusdam
562 3960 808 4033 mercatoribus
833 3959 997 4035 fidelibus
1023 3962 1149 4034 nostrIs
1175 3969 1377 4034 mutuorum
1401 3959 1519 4034 debita
1543 3981 1631 4033 con·

225 4076 413 4171 trabentes,
430 4079 673 4154 mandavimus
691 4083 816 4176 Majori
838 4084 885 4158 do
907 4085 1112 4157 Plancatone
1133 4081 1311 4178 quondam
1327 4091 1459 4180 secreto
1475 4082 1632 4157 Messana

224 4207 262 4270 ut
293 4201 485 4274 secundum
519 4212 671 4277 tenorem
696 4205 893 4280 licterarum
920 4207 1109 4303 patentium
1136 4229 1224 4302 quas
1256 4207 1341 4303 ipsis
1369 4207 1416 4281 de
1441 4205 1632 4302 quantitate

225 4331 381 4396 mutuata
401 4325 501 4399 noble
520 4327 666 4422 singulis
690 4329 854 4426 fecimus,
876 4331 914 4404 in
931 4331 1086 4406 tormInie
1106 4329 1275 4405 contentis
1296 4331 1334 4404 in
1354 4328 1484 4404 eisdsm
1505 4329 1632 4404 lictoris

223 4447 392 4538 quietaret
411 4449 582 4542 predictos
606 4463 824 4528 mercatores.
843 4455 977 4529 ¹ilerum
1003 4477 1083 4528 cum
1106 4455 1282 4552 predictus
1299 4455 1406 4548 lllajor
1430 4465 1564 4528 amotus
1586 4454 1632 4526 sit

226 4567 270 4638 ab
289 4569 402 4642 officio
427 4574 570 4647 sacratio
591 4585 627 4650 et
645 4597 709 4650 nos
731 4589 938 4654 mercatores
961 4579 1055 4676 Ipsos
1074 4601 1137 4678 per
1160 4577 1212 4676 (u)
1234 4589 1269 4654 ts
1292 4579 1440 4676 quietari
1462 4579 1628 4668 cellmua,

265 4781 308 4865 (a)
328 4783 364 4849 lu
377 4788 594 4872 impressopru,
608 4796 805 4860 minuereeta
867 4753 870 4760 .
