4564 6038
271 660 371 720 111161.
391 658 453 736 14]
724 655 920 717 HISTORIA
946 653 1240 717 ntesoltsslcs.
1610 657 1684 718 1161

270 793 500 890 precipientes
512 799 684 886 quatenus
696 791 816 864 nullus
828 791 874 862 sit
885 791 945 886 qui
962 790 1077 884 ipsum
1093 787 1267 880 abbatem,
1289 785 1534 860 monasterium
1549 799 1583 862 et
1597 789 1687 864 bona

270 916 428 1010 ejusdem
445 913 644 988 monasterii
664 925 785 987 contra
807 913 978 1010 presentis
993 912 1165 1008 privilegii
1184 911 1291 985 nostri
1310 920 1462 985 tenorem
1479 934 1566 984 ausu
1584 921 1687 986 teme

271 1041 361 1114 rario
384 1039 565 1112 molestare
581 1048 770 1132 presumat.
796 1036 901 1124 Quod
923 1037 985 1132 qui
1012 1034 1259 1132 presumpserit
1284 1035 1319 1106 iu
1343 1055 1467 1130 penam
1487 1037 1686 1110 temeritatis

271 1185 334 1237 sue
351 1173 491 1236 centum
511 1162 617 1234 libras
640 1161 717 1232 auri
732 1168 933 1256 componet,
953 1159 1172 1232 medietatem
1189 1179 1324 1231 camme
1340 1170 1454 1232 nostre
1472 1167 1506 1230 et
1521 1157 1686 1234 medieta-

268 1296 337 1360 tem
349 1286 512 1379 injuriam
525 1283 636 1380 passis
651 1281 907 1380 applicandam.
930 1285 974 1357 Ut
991 1293 1105 1356 autem
1118 1285 1248 1378 prelata
1261 1282 1376 1355 omnia
1388 1282 1495 1356 robur
1508 1282 1686 1358 obtineant

268 1418 437 1507 perpetuo
457 1409 667 1500 valiturum,
693 1429 836 1502 presens
865 1407 1085 1503 privilegium
1107 1405 1184 1480 lieri
1206 1415 1241 1480 et
1263 1405 1356 1478 bulla
1373 1427 1478 1479 aurea
1496 1404 1547 1502 (l)
1562 1407 1684 1502 tipario

268 1532 456 1626 majestatis
477 1540 593 1604 nostre
608 1530 775 1626 impressa
787 1531 955 1624 jussimus
966 1530 1184 1604 communiri.

316 1657 429 1747 Hujus
447 1656 499 1728 rei
521 1665 625 1727 testes
643 1665 724 1727 sunt
742 1654 820 1727 Otto
843 1653 1044 1728 leodiensis
1059 1653 1206 1740 electus,
1227 1653 1392 1726 Henricus
1409 1653 1579 1747 Aquensis
1600 1676 1684 1750 pre-

267 1779 418 1874 positus,
444 1778 652 1852 Bertholdus
667 1779 823 1852 marchio
842 1777 888 1851 de
911 1777 1140 1869 liobeuburc,
1159 1778 1237 1850 Otto
1260 1777 1305 1850 de
1329 1777 1567 1870 Stuzeliugen,
1587 1778 1682 1852 Cuno

266 1904 312 1978 de
332 1903 510 1998 Stopbole,
537 1902 672 1976 Ulricus
700 1901 746 1975 de
770 1901 876 1993 iloto,
896 1901 1092 1974 Waltbarus
1115 1901 1162 1974 de
1183 1901 1450 1994 Satzhgesvirst‚
1470 1904 1620 1975 loannes
1638 1902 1683 1978 de

266 2025 527 2113 Wacbeuheim‚
546 2025 717 2098 Henricus
734 2023 780 2098 de
798 2025 1074 2120 Scarphenberc‚
1093 2025 1260 2096 Hauricus
1276 2023 1321 2098 de
1338 2025 1485 2119 Lepide,
1504 2025 1682 2121 Lupoldus

266 2148 475 2244 burgravius
490 2149 736 2242 Augusteusis,
751 2147 910 2222 ailbertus
927 2147 972 2222 de
987 2148 1157 2240 Kirwille‚
1177 2157 1211 2220 61
1223 2149 1282 2220 alii
1294 2151 1530 2242 quamplures.

313 2273 459 2366 Signum
490 2271 622 2344 domini
653 2273 758 2345 nostri
788 2272 952 2346 Friderici
979 2272 1144 2364 secundi,
1176 2272 1238 2345 Dei
1263 2273 1374 2367 gratia
1401 2274 1681 2346 excellentissimi

265 2395 494 2470 Romanorum
513 2396 730 2492 imperatoris
743 2417 879 2491 semper
895 2397 1052 2490 augusti,
1070 2396 1259 2470 Jerusalem
1278 2405 1313 2470 et
1325 2396 1440 2469 Sicilie
1456 2399 1548 2490 regis
1564 2399 1681 2472 invic-

266 2519 401 2592 tissimi.

311 2641 398 2715 Acta
416 2652 497 2714 sunt
508 2643 574 2716 hec
588 2662 681 2716 anuo
697 2641 871 2716 dominice
884 2641 1131 2716 incarnationis
1146 2641 1326 2714 millesimo
1342 2641 1578 2716 ducentesimo
1592 2667 1679 2740 qua·

265 2764 459 2860 dragesimo
475 2767 600 2862 primo,
617 2786 736 2838 meuse
747 2766 901 2860 augusti,
918 2766 1065 2861 septimo
1082 2765 1218 2838 decimo
1235 2765 1403 2859 ejusdem,
1423 2767 1679 2861 quartodecimo

266 2889 463 2962 indictionis
482 2887 545 2984 (6),
568 2889 759 2984 imperante
774 2888 916 2963 domiuo
930 2899 1046 2962 nostro
1066 2889 1239 2962 Fridcrico
1256 2889 1318 2961 Dei
1334 2891 1443 2984 gratia
1460 2893 1678 2966 serenissimo

262 3013 490 3087 Romanorum
509 3013 715 3107 imperatore
733 3035 871 3108 semper
891 3023 1059 3106 augusto,
1078 3014 1268 3086 Jerusalem
1293 3023 1328 3086 et
1351 3015 1465 3088 Sicilie
1485 3039 1584 3110 rege,
1605 3019 1677 3092 llo-

263 3136 355 3208 maui
370 3136 505 3230 imperii
523 3137 599 3228 ejus
616 3158 707 3210 auno
720 3137 888 3210 vicesimo
900 3137 1028 3232 primo,
1049 3136 1147 3229 regui
1164 3137 1351 3209 Jerusalem
1366 3139 1511 3233 septimo
1525 3140 1673 3233 decimo,

261 3259 359 3352 regui
375 3281 460 3332 vero
478 3259 593 3332 Sicilie
610 3259 878 3354 quadragesimo
892 3269 1032 3354 quarto,
1053 3259 1209 3332 feliciter.
1231 3259 1355 3332 Amen.

309 3384 433 3456 Datum
452 3384 488 3454 iu
513 3383 635 3456 castris
650 3405 757 3480 prope
777 3384 899 3473 Tibur,
920 3405 1032 3476 auno,
1058 3404 1177 3458 meuse
1192 3394 1227 3457 et
1250 3384 1439 3460 indictione
1459 3390 1671 3486 prescriptis.

257 3936 480 4152 Tfflidflffl
510 3944 640 4026 sosas
666 3945 909 4053 imperatori,
938 3949 1184 4058 congaudens
1213 3951 1261 4034 ae
1288 3951 1479 4036 aerisona
1511 3955 1672 4038 sistatis
1727 3965 1858 4022 11111

289 4098 301 4148 r
330 4071 490 4156 urtinse.

339 4259 434 4334 (Edit.
449 4276 497 4338 ap.
521 4260 652 4323 Patridc
673 4265 737 4325 Vis.
755 4266 866 4346 Epist„
881 4268 933 4330 llb.
958 4269 1000 4344 ΙΙ,
1018 4285 1083 4347 cap.
1108 4271 1184 4349 v113
1204 4271 1269 4333 coll.
1294 4289 1363 4336 cum
1385 4275 1453 4337 cod.
1473 4276 1550 4337 Btbl.
1571 4277 1669 4340 Ceam.

376 4363 485 4442 Parls„
492 4365 585 4448 joada
606 4367 988 4454 suscensus-uastas,
1004 4385 1079 4450 455,
1099 4381 1130 4436 et
1153 4377 1279 4440 codlclb.
1301 4379 1540 4444 Guelferbltanae
1561 4382 1671 4444 blbllo·

298 4533 340 4616 (a)
361 4537 433 4600 Post
446 4538 503 4600 hoc
516 4540 641 4602 verbum
653 4543 849 4622 interpolatur
865 4543 931 4624 (qut
946 4547 1106 4628 nescimus)
1120 4564 1262 4612 numerus
1277 4567 1418 4614 romanus
1435 4553 1491 4616 111.

256 4683 1662 4719 Ἣ

295 4771 331 4846 (1)
350 4773 425 4832 llaec
439 4774 512 4834 bulla
523 4777 685 4836 describitur
696 4780 770 4853 apud
787 4783 870 4855 err,
883 4782 1006 4842 Monam.
1021 4785 1142 4846 cnsdot.
1158 4787 1224 4846 bist.
1240 4788 1331 4848 seen.
1344 4789 1460 4859 illustr..
1474 4790 1529 4849 tab.
1542 4792 1631 4864 11’,1ο
1643 4795 1671 4852 7.
