4524 6012
325 722 422 784 reem.
443 719 502 804 ra]
747 707 749 712 ’
771 719 967 782 ursronrn
992 717 1285 779 pretereuntes.
1673 721 1734 783 atu

326 857 434 931 eneis
450 857 576 930 nostris
599 856 753 951 ipsarum
773 857 923 952 partium
945 855 1038 928 dicta
1061 855 1223 928 frumenti
1248 854 1423 946 quantitas
1446 851 1567 926 haberi
1591 857 1731 948 poterit,

325 989 362 1052 tn
382 978 542 1053 eamdem
560 979 598 1050 in
616 981 722 1052 altero
738 981 892 1076 ipsorum
913 987 1093 1074 pomum,
1114 977 1361 1050 mercatoribus
1378 976 1540 1070 predictis
1555 979 1612 1050 vel
1635 979 1733 1050 elteri

325 1104 401 1177 sive
413 1104 537 1176 nuntio
551 1103 706 1198 ipsorum
718 1103 753 1174 in
768 1101 924 1198 predicto
937 1102 1083 1175 termino
1097 1101 1200 1172 facias
1212 1099 1380 1191 assignari
1399 1100 1505 1170 libere
1522 1109 1557 1173 et
1572 1101 1734 1195 expedite

325 1225 369 1300 ab
384 1225 479 1300 omni
493 1227 573 1318 jure
588 1225 700 1298 dcane
719 1235 753 1300 ct
774 1235 913 1323 portus,
931 1235 965 1296 et
982 1225 1012 1296 si
1033 1224 1068 1294 in
1088 1221 1252 1320 predictis
1267 1222 1374 1294 erreis
1386 1243 1455 1294 non
1474 1220 1675 1312 habebitur,
1695 1233 1733 1296 tu

325 1349 369 1423 de
385 1350 533 1444 pecunie
551 1349 646 1420 curie
666 1359 780 1422 nostre
798 1341 867 1444 'que
887 1357 939 1420 est
954 1370 1017 1448 per
1035 1369 1157 1418 manns
1179 1355 1257 1418 tuas
1277 1367 1372 1418 emas
1393 1347 1527 1439 ipsum,
1550 1347 1638 1418 etin
1659 1350 1734 1422 ioco

324 1471 478 1567 predicto
496 1471 562 1544 iliis
577 1471 733 1565 assignes
749 1472 785 1544 in
802 1473 987 1544 constituto
1006 1471 1171 1560 termino,
1191 1469 1346 1566 qualibet
1363 1467 1563 1542 difficultate
1580 1481 1729 1560 remota,

324 1597 551 1690 permissurus
580 1617 639 1668 eos
662 1597 874 1668 frumentum
900 1595 1013 1689 ipsum
1038 1605 1177 1688 portare
1198 1603 1296 1666 extra
1325 1615 1469 1686 regnum
1490 1601 1604 1688 preter
1627 1615 1733 1688 quam

323 1717 418 1812 apud
432 1718 611 1809 Venetiae,
634 1738 858 1812 quocumque
879 1718 1067 1805 voluerint,
1091 1715 1138 1790 sd
1156 1715 1394 1788 vendendum.
1414 1715 1548 1800 Quibus
1561 1716 1733 1811 expeditis

323 1841 456 1913 licturus
479 1849 613 1912 nostras
632 1849 769 1935 apertas
792 1863 881 1934 quas
905 1839 1035 1912 exinde
1058 1839 1185 1912 babent
1213 1839 1375 1934 recipias,
1399 1847 1434 1912 et
1454 1840 1618 1935 seriptum
1639 1863 1733 1916 cum·

323 1973 443 2062 petens
457 1985 521 2058 pro
541 1963 637 2036 curie
653 1972 769 2037 nostre
790 1965 926 2037 cantela
944 1964 1006 2035 tibi
1023 1961 1097 2037 deri
1115 1963 1221 2036 iacias
1234 1964 1280 2034 ab
1293 1961 1433 2036 eisdem.

371 2090 493 2160 Datum
507 2085 560 2186 [ut
574 2085 705 2184 supra}

372 2689 594 2772 Mandatum
621 2689 670 2770 ad
698 2690 893 2771 Andream
919 2690 967 2770 de
995 2688 1122 2770 Cicala
1146 2689 1247 2772 utin
1273 2687 1397 2774 ltocca
1423 2689 1570 2798 Bnyani
1588 2715 1732 2774 novum
1776 2707 1915 2764 imane,

319 2821 567 2903 castellanum
586 2821 766 2902 idoneum
784 2829 822 2903 et
837 2820 988 2904 fidelem
1007 2821 1224 2904 constituat.

401 3049 526 3130 (fluent
540 3051 644 3130 imper.
660 3047 780 3112 stada.
796 3051 837 3124 11,
851 3049 903 3112 ici.
921 3059 958 3110 au
973 3067 1074 3128 reso,
1089 3049 1141 3112 ubt
1159 3049 1232 3110 nibli
1243 3055 1358 3128 praeter
1370 3049 1450 3110 stud
1469 3050 1642 3114 mandatnm
1655 3070 1729 3116 exe-

437 3163 535 3218 ratum
546 3157 617 3230 tntu
632 3159 666 3218 tn
678 3157 747 3218 edtt
765 3156 902 3234 curcum,
917 3171 948 3232 p.
966 3156 1049 3234 aut.)

367 3353 413 3422 De
427 3353 599 3446 imperiali
613 3353 769 3425 maedan
792 3355 880 3444 (octo
898 3375 961 3449 per
975 3353 1168 3445 mapa'atram
1188 3355 1230 3424 ii.
1252 3353 1292 3424 de
1316 3355 1463 3446 Trcjectc
1481 3355 1613 3447 serpsit
1630 3357 1668 3429 G.
1689 3359 1730 3430 de

318 3475 473 3546 Cerealia
490 3502 501 3545 :

364 3597 585 3686 Fredericus,
602 3605 686 3689 etc,
707 3595 847 3670 Andree
863 3595 908 3670 de
926 3597 1040 3670 Cicaia
1053 3619 1074 3669 a
1088 3607 1186 3694 porta
1201 3599 1313 3672 Roseti
1328 3621 1438 3693 usqne
1449 3601 1611 3674 Trontnm
1631 3604 1726 3698 capi·

318 3731 436 3808 unco,
455 3729 521 3791 etc.
540 3719 628 3805 Quia
642 3721 847 3794 castellanus
868 3721 977 3793 Rccce
995 3721 1130 3818 Buyani
1146 3721 1377 3794 intelieximus
1396 3723 1559 3796 infirmari
1573 3725 1619 3798 ad
1635 3747 1727 3799 mor-

316 3853 403 3927 tem,
422 3841 578 3916 fidelitati
603 3852 662 3916 tue
683 3841 908 3940 precipiendo
929 3842 1135 3916 mandamns
1156 3853 1345 3938 qnatenus,
1374 3846 1403 3916 si
1421 3847 1557 3939 aetite,
1581 3850 1727 3944 receptis

317 3965 382 4060 bys
398 3965 537 4049 lictoris,
552 3966 713 4038 invenias
727 3967 879 4060 aliquem
894 3966 1054 4061 probum,
1073 3965 1248 4062 ydoneum
1266 3977 1301 4040 et
1319 3965 1456 4040 fidelem
1480 3969 1525 4043 ds
1540 3991 1611 4064 quc
1629 3973 1725 4044 curia

316 4097 431 4161 nostra
450 4087 552 4182 plene
568 4087 719 4160 confidet
736 4089 902 4182 et'ipsnm
920 4089 955 4160 in
980 4087 1102 4162 eadem
1121 4091 1233 4164 Recca
1249 4091 1381 4185 Bnyani
1399 4093 1586 4166 constituas
1604 4096 1725 4167 castei-

1780 2763 1914 2816 timueris.

314 4211 432 4283 lunum
443 4211 489 4284 sd
501 4211 666 4283 bonorem
682 4219 716 4283 et
732 4209 930 4283 fidelitatem
945 4221 1111 4303 nostram,
1127 4211 1383 4305 significaturus
1401 4216 1500 4288 nubis
1514 4237 1576 4311 per
1589 4217 1724 4290 lieteras
1854 4201 1857 4208 ¹

314 4353 440 4406 nomen
456 4335 531 4426 ejus
549 4353 653 4428 quem
673 4331 721 4404 ibi
742 4331 888 4405 duxeris
903 4333 1137 4407 statuendum.

362 4457 487 4528 Datum
502 4455 719 4549 Pugiboniti,
735 4455 780 4528 tv
794 4455 963 4550 januarii,
978 4457 1054 4529 Xiii
1074 4457 1283 4531 indictionis.
