4374 6010
206 733 307 794 lnior.
327 729 388 814 la]
660 730 859 794 HISTORIA
882 723 1180 792 oratonartctt.
1568 718 1630 784 913

205 885 273 960 per
295 863 440 938 nuntios
463 884 546 937 suos
571 863 679 938 libere
705 864 750 938 de
772 885 881 958 regno
908 861 1095 938 extrahere
1118 858 1288 932 ducentos
1311 853 1436 927 arietes
1460 852 1528 926 bao
1550 854 1629 931 vico

207 996 359 1061 tantum.
471 1001 475 1007 '

263 1511 487 1597 Mandatum
522 1511 574 1594 ad
604 1509 852 1621 justitiarium
890 1509 1088 1594 Calabriae
1127 1509 1176 1591 de
1211 1509 1416 1592 moderatis
1452 1511 1626 1618 expensis
1679 1517 1804 1629 522¹&

207 1643 356 1728 nuntiis
373 1669 472 1754 quos
491 1643 541 1726 ad
558 1641 705 1726 curiam
723 1642 966 1727 destinaverit
982 1641 1217 1725 exhibendis.

293 1789 421 1924 (lthart.
433 1843 537 1926 torpor.
551 1839 671 1908 Μον.
683 1839 726 1924 11,
740 1843 793 1906 tot.
812 1851 865 1906 ror
880 1845 1028 1919 ueno31n
1042 1841 1113 1904 ortt.
1128 1841 1264 1916 cumo„
1279 1859 1310 1918 p.
1326 1842 1409 1920 roo.)

260 2019 307 2088 lle
324 2013 494 2110 imperiali
508 2015 665 2091 propalato
684 2019 773 2108 sacto
785 2039 848 2112 per
868 2015 1065 2110 mopistnrm
1082 2017 1123 2088 R.
1146 2015 1186 2087 dr
1209 2017 1356 2108 Trojecto
1376 2015 1509 2108 scripsit
1523 2013 1563 2087 G.
1577 2015 1624 2116 ¹da

209 2141 397 2212 Cosentrir:
673 2207 676 2212 .

257 2263 482 2350 hadericus,
503 2271 587 2355 eta,
606 2261 647 2334 G.
666 2261 713 2336 de
727 2261 981 2334 Monteiusculo
999 2260 1183 2354 justitiario
1196 2260 1369 2351 Calabria,
1388 2271 1455 2334 ete.
1475 2259 1624 2335 Litterae

208 2395 307 2478 tuas,
323 2395 386 2460 etc.
405 2383 508 2471 Quod
530 2392 647 2458 autem
664 2381 864 2479 significasti
882 2393 916 2457 te
933 2393 1090 2480 oportere
1103 2383 1316 2479 quandoque
1330 2384 1376 2456 ad
1392 2383 1523 2457 curiam
1543 2405 1623 2457 nos·

208 2518 297 2581 tram
321 2509 465 2582 nuntios
490 2517 524 2581 et
540 2529 597 2580 res
617 2507 721 2580 etiam
748 2507 941 2596 destinare,
965 2529 1028 2601 pro
1051 2509 1179 2600 quibus
1202 2517 1236 2578 te
1262 2507 1427 2579 convenit
1452 2529 1623 2601 expensas

208 2633 422 2705 necessarias
437 2629 601 2704 exhibere
614 2640 649 2702 et
666 2631 750 2703 inda
764 2640 921 2702 nostrum
940 2629 1150 2724 requisivisti
1163 2629 1379 2719 mandatum,
1398 2630 1625 2723 plaeetnobis

208 2753 305 2848 quod
327 2752 459 2824 nuntiis
475 2773 565 2845 quos
587 2752 782 2824 necessario
806 2759 841 2822 te
864 2751 1004 2824 miotere
1026 2751 1074 2823 ad
1094 2751 1227 2824 cunam
1250 2761 1402 2822 nostram
1420 2753 1624 2846 contingerit

207 2899 272 2973 pro
284 2874 489 2949 neoessariis
509 2875 657 2954 servitiis
674 2874 799 2947 nostris
815 2895 896 2946 curn
913 2873 1039 2946 licteris
1056 2875 1112 2948 vel
1133 2896 1213 2946 curn
1227 2873 1348 2965 rebus,
1363 2875 1474 2966 justus
1490 2885 1526 2948 et
1540 2897 1623 2950 mo·

210 2998 347 3074 deratae
358 3019 532 3094 expensas
546 2997 728 3088 exhibeas,
745 3018 834 3090 quas
850 2997 1013 3069 volumus
1027 2997 1064 3068 in
1077 2997 1144 3068 tuis
1159 2997 1350 3070 rationibus
1366 2999 1568 3094 eomputari.
1582 3000 1622 3072 ln

209 3121 274 3220 bys
291 3131 410 3194 minen
425 3129 461 3194 et
482 3120 558 3194 aliis
574 3129 894 3214 quantumcumque
913 3129 1011 3214 potes
1024 3121 1189 3216 expansis
1204 3121 1299 3194 curie
1317 3129 1432 3196 nostre
1447 3143 1568 3218 pareas
1583 3131 1623 3195 ut

210 3247 245 3318 in
260 3247 329 3319 hoc
342 3255 439 3318 tuam
454 3243 669 3340 diligentiam
685 3241 980 3318 oommeudemus.

254 3369 384 3442 Datum
399 3367 520 3462 Fogie,
537 3367 632 3439 XXII
646 3366 788 3462 aprelis,
803 3365 881 3438 Xlll
896 3364 1106 3438 indiotionis.

426 3663 1257 3678 fl———uo-——a-—u———u-—ffl--n--t-
1263 3667 1394 3680 ιιι-Μ

260 3902 486 3990 Mandatum
513 3905 564 3987 ud
591 3913 777 3987 secretum
805 3905 1000 3990 Messanae
1026 3915 1069 3988 ut
1093 3907 1322 4016 magistrum
1339 3909 1549 3994 Iohannem
1577 3912 1626 3995 de
1713 3951 1731 4037 ς
1782 3971 1790 3995 ,

209 4032 341 4117 Rauda
371 4043 410 4118 at
438 4034 680 4146 fidejussores
717 4033 800 4146 ejus
827 4037 878 4120 ad
905 4037 1105 4122 solvendas
1134 4039 1260 4123 CLXX
1285 4041 1417 4125 uncias
1447 4045 1529 4129 auri
1555 4071 1626 4155 pro

210 4167 356 4250 rabello
373 4175 476 4252 setae
494 4168 692 4252 Calabriae
710 4169 863 4278 praevia
880 4171 1025 4255 ratione
1042 4171 1258 4298 compellat.
1293 4295 1295 4302 Α
1437 4239 1439 4244 .

292 4363 420 4448 (lteput.
434 4367 538 4449 impar.
554 4365 675 4430 stada.
691 4369 733 4448 11,
748 4367 801 4430 iol.
820 4375 874 4430 101
891 4372 1040 4447 uerso31u
1052 4371 1125 4433 edit.
1139 4371 1277 4456 Casan„
1293 4391 1324 4452 p.
1341 4373 1425 4453 tot.)

256 4541 305 4610 lle
322 4539 481 4612 moncloto
498 4541 655 4639 moqistri
670 4541 762 4613 Petri
782 4543 822 4614 de
844 4544 946 4614 Vinea
965 4545 1099 4638 scripsit
1112 4547 1153 4618 P.
1175 4547 1215 4616 de
1231 4545 1350 4640 Capua
1366 4571 1379 4617 .·

254 4661 474 4755 Frederious,
494 4671 577 4756 oto,
596 4665 717 4757 Majori
732 4674 866 4739 secreto
880 4664 1080 4766 [Messane]‚
1101 4676 1167 4741 etc.
1189 4669 1425 4763 Conquereute
1436 4669 1568 4764 Angalo
1581 4671 1626 4746 de

211 4783 320 4858 llarra
338 4783 434 4860 fideli
451 4796 588 4880 nostro,
604 4809 716 4884 nuper
734 4797 852 4863 nostra
870 4789 1038 4864 serenitas
1057 4791 1228 4864 intellexit
1243 4792 1339 4888 quod
1362 4817 1441 4867 oum
1463 4795 1627 4890 magister
