4524 6012
262 693 354 752 lmtcr.
375 684 434 770 la]
705 683 898 746 lllS'l‘OlllA
925 679 1218 742 tttlttottltvtca
1607 675 1668 739 653

264 835 294 897 et
311 841 499 915 reguamtm
514 827 549 892 ct
565 841 707 910 sumus,
729 828 846 914 optatu
863 817 1015 912 corporis
1037 817 1149 889 saluto
1170 815 1330 908 vigemus
1346 823 1380 886 ct
1395 814 1431 884 iu
1451 813 1576 886 virtute
1594 816 1670 906 ejus

265 945 305 1020 ud
323 945 488 1016 universa
507 963 569 1036 pro
593 951 674 1016 voto
693 941 893 1037 pmlicimus
917 951 951 1013 et
972 941 1007 1011 iu
1031 939 1193 1012 omuibus
1215 959 1468 1034 prosperamus.
1488 937 1672 1032 Dispositis

266 1070 352 1144 onim
375 1067 500 1139 nostris
517 1065 740 1160 beneplacitis
762 1066 798 1136 iu
820 1065 975 1160 partibus
990 1061 1213 1152 lombardie,
1239 1070 1342 1155 prout
1355 1063 1426 1154 jum
1449 1060 1495 1133 ad
1518 1071 1552 1132 te
1571 1059 1674 1132 certi-

269 1190 347 1263 tudo
368 1189 544 1284 pervenit,
565 1189 602 1260 in
625 1197 740 1281 partes
759 1188 880 1260 Tuscia
901 1187 1030 1281 quibus
1051 1185 1291 1258 universaliter
1308 1195 1391 1257 vota
1406 1185 1586 1258 hominum
1603 1183 1675 1256 ad-

269 1323 390 1388 ventus
402 1313 509 1386 nostri
523 1312 729 1406 presentiam
743 1311 960 1400 insidebant,
975 1311 1158 1382 comitante
1171 1331 1237 1381 nos
1249 1310 1359 1382 salute
1377 1309 1599 1402 contulimus,
1613 1309 1676 1382 ubi

270 1437 420 1530 singulus
435 1435 607 1522 civitates,
626 1433 826 1525 comitatus,
846 1443 958 1506 castra
974 1443 1008 1505 et
1023 1433 1179 1527 quelibet
1196 1433 1263 1506 alia
1281 1431 1478 1504 invenimus
1494 1432 1539 1504 ad
1560 1433 1677 1506 omnia

270 1557 429 1632 mandata
440 1567 476 1628 et
488 1555 701 1652 beneplacita
716 1565 833 1628 nostra
850 1566 919 1628 mm
933 1555 1059 1628 affectu
1078 1556 1331 1650 promptissimo
1349 1576 1453 1649 quam
1467 1555 1610 1647 ellectu3
1629 1558 1678 1630 ita

271 1680 360 1774 quod
381 1679 587 1774 compressis
606 1677 764 1772 undiquc
784 1678 957 1752 scandalis
978 1689 1013 1750 ct
1035 1699 1119 1772 pace
1140 1679 1176 1750 iu
1192 1680 1363 1772 integrum
1383 1681 1581 1768 reformata,
1600 1679 1680 1752 ubi-

271 1825 405 1898 cunque
426 1803 527 1876 luerit
542 1803 631 1875 iuter
648 1802 782 1896 aliquos
801 1803 898 1876 cives
917 1803 1077 1892 rescissa,
1101 1802 1136 1874 in
1153 1801 1254 1874 dictis
1265 1801 1539 1875 ordinationibus
1555 1813 1590 1875 et
1606 1812 1681 1878 sta-

273 1928 347 2000 tutis
363 1927 512 2014 uostris,
531 1935 852 2020 quantumcumque
865 1919 973 1998 ‘nobis
997 1927 1108 1998 lacere
1126 1925 1246 2012 libuit,
1264 1947 1384 1998 omues
1399 1935 1434 1998 et
1449 1927 1575 2020 singuli
1593 1928 1683 2000 siout

274 2051 334 2122 sub
351 2051 459 2122 unius
476 2070 583 2123 mauu
601 2049 735 2122 domini
753 2071 792 2122 se
809 2049 919 2124 foveri
936 2051 1082 2122 tolerant
1099 2058 1133 2122 et
1149 2049 1302 2144 protegi,
1328 2049 1378 2121 sic
1400 2049 1519 2122 eudem
1548 2049 1628 2124 lidai
1649 2062 1683 2124 st

274 2176 489 2248 servitiorum
508 2182 705 2246 nostrorum
726 2173 1000 2269 promptitudine
1022 2172 1258 2246 accenduntur
1279 2182 1313 2244 et
1336 2173 1491 2245 ubertate
1514 2173 1684 2246 bonorum

274 2307 306 2372 et
317 2299 414 2392 pacis
430 2294 532 2391 potiri
549 2297 701 2370 invicem
718 2297 919 2390 gloriantur.
935 2297 978 2368 Et
994 2297 1046 2369 sic
1064 2297 1100 2367 in
1115 2295 1209 2369 omui
1224 2305 1382 2369 votorum
1399 2305 1592 2370 nostrorum
1608 2319 1685 2372 suc·

172 2401 178 2422 ’
275 2441 372 2494 cassu
390 2419 611 2516 procedimus
629 2428 699 2492 tum
718 2420 859 2492 feliciter
877 2441 981 2514 quam
998 2429 1172 2515 potenter,
1193 2441 1262 2492 uou
1281 2420 1441 2492 omissuri
1461 2419 1625 2516 deinceps
1641 2421 1687 2494 do

275 2544 445 2639 prosperis
464 2543 650 2616 eventibus
663 2543 789 2616 nostris
806 2564 896 2636 quos
910 2541 1031 2615 diviua
1048 2542 1148 2615 uobis
1167 2543 1310 2616 dextera
1327 2565 1462 2638 semper
1479 2544 1687 2638 procuratio

277 2667 430 2760 mcum,
451 2669 615 2762 frequens
628 2664 804 2740 devotioni
820 2675 879 2738 tue
892 2665 1059 2759 gaudium
1076 2665 1260 2740 destinare.

336 3304 569 3414 Friderious‚
599 3307 857 3390 Romanorum
886 3307 1106 3416 imperator,
1136 3307 1266 3390 scribit
1291 3312 1484 3392 communi
1515 3311 1692 3394 lmolensi
1777 3338 1835 3424 ἒς·
1849 3337 1869 3421 ξ

284 3435 459 3518 fidelibus
478 3439 557 3519 suis
576 3439 681 3546 quod
699 3438 785 3520 licet
802 3465 929 3521 eomes
948 3441 1161 3522 Gualterius
1180 3439 1232 3522 de‘
1243 3441 1484 3552 Munuppello
1503 3444 1600 3526 seori
1614 3443 1694 3526 im-

283 3567 375 3672 perii
411 3569 452 3648 in
484 3569 708 3653 Romaniola
744 3571 907 3652 vicarius
938 3573 1124 3682 generalis
1157 3574 1316 3681 existat,
1354 3575 1457 3656 huuc
1493 3576 1693 3684 specialem

286 3697 445 3780 civitatis
467 3701 638 3808 ipsorum
669 3711 893 3810 potestatem
916 3731 985 3812 pro
1011 3731 1112 3788 anno
1135 3705 1264 3788 futuro
1291 3707 1401 3789 duxit
1423 3710 1690 3812 statuendum,

286 3831 473 3912 mandans
492 3833 587 3914 ulei
605 3859 671 3915 seu
690 3833 830 3916 vicario
848 3835 930 3943 ejus
948 3837 1108 3918 fideliter
1125 3837 1317 3920 obediant.

367 4055 490 4135 (Iucdlt.
505 4073 543 4118 ax
556 4059 624 4120 cod.
639 4059 719 4122 Blbl.
731 4059 831 4122 Ceam.
846 4063 955 4140 Pario,
970 4061 1141 4142 erasmo
1155 4061 1222 4144 tat,
1237 4074 1270 4126 n⁰
1286 4073 1377 4146 2964,
1390 4065 1443 4129 lul.
1458 4075 1476 4128 c
1489 4066 1595 4148 recto.)

335 4253 554 4347 landericus,
576 4257 638 4330 Dei
661 4258 789 4352 gratia,
808 4267 893 4348 etc,
919 4261 1075 4352 potestati
1098 4269 1133 4334 et
1158 4263 1301 4335 oonsilio
1324 4273 1360 4336 et
1378 4267 1554 4339 communi
1574 4267 1697 4344 Ymole

288 4371 448 4448 fidelibus
464 4377 537 4450 suit
551 4379 694 4474 gratim
708 4401 807 4454 suam
825 4391 859 4454 et
875 4381 1000 4454 bonum
1016 4384 1241 4458 voluntatem.
1258 4387 1348 4472 Quia
1361 4410 1422 4483 pro
1438 4400 1552 4464 vestro
1568 4393 1696 4466 salubri

288 4507 380 4572 statu
406 4499 588 4574 commode
610 4501 845 4597 disponendo,
874 4505 961 4576 inter
984 4509 1226 4602 occupationes
1244 4510 1330 4582 alias
1357 4512 1544 4607 reipublice
1565 4536 1698 4610 procu·

213 4657 215 4660 *
290 4619 415 4712 rande,
440 4643 523 4696 cura
540 4623 641 4698 nobis
667 4627 823 4700 imminet
843 4629 1001 4722 specialis
1026 4638 1065 4700 ut
1086 4639 1156 4703 tam
1174 4631 1262 4704 intra
1284 4633 1456 4709 civitatem
1476 4659 1582 4731 quam
1599 4649 1700 4716 extra

291 4745 386 4818 nulla
398 4765 462 4818 vos
476 4747 705 4842 malignorum
720 4751 876 4846 partibus
893 4751 1086 4826 adversitas
1097 4754 1226 4830 nullius
1238 4757 1399 4834 incursus
1415 4759 1585 4854 offendat,
1605 4765 1699 4859 ragi-

392 4868 429 4928 V.
449 4883 505 4929 rm
516 4887 539 4930 a.
1502 4891 1539 4946 88
