4564 6038
280 710 377 769 burm.
396 707 458 784 ld]
725 704 924 765 HISTORIA
950 702 1243 766 DIPLOMATICA.
1611 700 1689 762 1155

328 844 467 914 Datum.
487 892 497 910 .
528 893 537 911 .
570 892 578 910 .
611 891 620 910 .
639 857 731 910 auno
745 837 917 914 dominice
930 838 1175 914 iucarnationis
1188 838 1236 912 M.
1251 835 1315 912 CC.
1331 835 1416 925 XLI,
1434 833 1508 908 v111
1517 834 1609 927 julii,
1625 831 1689 932 [in-

281 965 432 1040 dictione
444 957 555 1058 X1v].

334 1431 565 1539 Frideru'cus,
596 1433 858 1520 Romanorum
884 1435 1105 1546 imperator,
1135 1435 1184 1517 ad
1213 1431 1526 1544 supplicationem
1550 1430 1690 1517 ciuium
1749 1451 1862 1561 effis-

281 1563 329 1644 de
346 1564 475 1672 UImn,
499 1566 719 1650 communia
745 1593 887 1677 pascua
904 1570 944 1649 in
969 1569 1156 1652 Stribelne
1180 1567 1360 1678 hospitali
1379 1566 1506 1650 Sancti
1529 1565 1690 1675 Spiritus
1722 1559 1883 1668 suffla.

282 1697 384 1804 apud
402 1697 551 1781 Ulmum
569 1709 786 1783 constructo
804 1701 950 1784 tribuit.

363 1905 453 1985 (Edlt.
474 1925 524 1985 ap.
540 1910 651 1984 Jnanu,
669 1907 836 1972 Sabruubtra
849 1907 1002 1971 Stcdtwer.
1017 1906 1094 1972 Ulnu
1109 1907 1242 1988 versura,
1259 1905 1453 1984 armanno„
1462 1927 1494 1988 p.
1517 1919 1591 1984 7223
1611 1928 1691 1974 nunc

399 2013 500 2074 collat.
515 2030 583 2075 eum
603 2019 688 2092 copia
707 2015 878 2078 autbentlca
892 2019 925 2076 tn
938 2017 1020 2078 arob.
1036 2017 1208 2094 Stuttgart„
1230 2016 1317 2076 nobts
1337 2015 1495 2077 liberaliter
1513 2033 1531 2077 a
1549 2017 1691 2078 Kauslero

400 2122 644 2200 communicata.)

329 2278 543 2366 Fredericus‚
560 2281 622 2352 Dei
640 2280 749 2374 gratia
765 2280 994 2352 Romanorum
1010 2280 1196 2375 imperator
1212 2301 1347 2376 semper
1365 2291 1552 2376 augustus,
1570 2283 1691 2358 theru·

280 2405 388 2476 salem
403 2413 438 2476 ot
454 2404 579 2500 Syoilie
601 2425 679 2495 rex,
698 2405 869 2477 universis
886 2405 1019 2499 imperii
1042 2403 1204 2478 fidelibus
1222 2414 1399 2500 presentes
1413 2406 1540 2480 litteras
1556 2409 1691 2504 iuspec-

280 2525 366 2599 turis
381 2527 526 2617 gratiam
553 2550 653 2600 suam
679 2537 713 2600 et
733 2549 837 2600 omna
863 2527 1008 2601 bonum.
1036 2529 1349 2624 Supplicetiouibus
1370 2530 1501 2603 civium
1527 2530 1573 2605 dc
1592 2533 1692 2608 Ulma

280 2649 435 2724 fidelium
454 2659 647 2725 nostrorum
672 2651 907 2724 favorabiliter
934 2651 1107 2745 inclinati,
1133 2651 1330 2725 eommunia
1347 2673 1475 2748 pascua
1492 2654 1568 2728 sive
1588 2653 1693 2752 Alge-

279 2775 441 2849 mendam
458 2776 558 2848 sitam
576 2775 671 2871 apud
689 2775 858 2849 Stribelne
873 2795 944 2870 que
960 2773 1007 2848 ud
1022 2796 1143 2848 eorum
1156 2797 1356 2850 communes
1374 2797 1460 2848 usus
1471 2778 1690 2872 spectabant,

281 2899 326 2975 de
341 2899 583 2974 munificentia.
599 2899 785 2996 imperialis
803 2901 912 2994 gratie
935 2897 1097 2996 hospitali
1114 2899 1211 2994 quod
1232 2900 1269 2972 iu
1285 2899 1424 2974 civitate
1440 2923 1504 2975 sua
1520 2902 1565 2975 ad
1581 2901 1692 2978 bono·

279 3045 352 3098 rem
369 3025 484 3097 Sancti
508 3023 654 3118 Spiritus
674 3023 720 3096 de
740 3023 877 3096 licentia
894 3022 1065 3096 karissimi
1083 3020 1145 3094 filii
1169 3023 1278 3096 nostri
1302 3023 1447 3097 conradi
1462 3025 1693 3100 Romanorum

280 3147 317 3220 iu
339 3169 459 3243 rogem
482 3147 580 3222 electi
595 3168 732 3242 semper
757 3146 897 3242 augusti
914 3146 1062 3241 stregai
1083 3147 1272 3221 Jemsalem
1289 3145 1448 3239 heredis,
1473 3147 1693 3244 solempniter

281 3280 486 3362 erexerunt,
506 3293 569 3368 pro
584 3271 710 3344 summi
726 3271 789 3343 Dei
806 3270 997 3344 reverentia
1011 3269 1179 3344 duximus
1196 3269 1424 3362 conterenda;
1442 3271 1647 3346 mandantes
1659 3281 1694 3346 et

281 3395 482 3469 aucmritutc
495 3394 704 3491 presentium
718 3393 947 3490 precipientes
960 3392 1115 3466 districte
1128 3401 1199 3464 tam
1213 3392 1431 3488 presentibus
1445 3413 1551 3488 qnam
1568 3395 1693 3470 tuturis

282 3529 454 3615 quatenus
476 3519 593 3592 nullus
618 3518 663 3590 sit
688 3518 751 3612 qui
771 3516 967 3613 predictum
984 3515 1153 3612 hospitale
1169 3525 1335 3611 tanquam
1351 3537 1412 3612 per
1434 3516 1575 3591 eosdem
1599 3518 1694 3592 cives

282 3640 511 3715 contraditum
533 3641 579 3714 ad
602 3663 725 3714 manus
742 3651 894 3732 nostras,
912 3641 949 3712 iu
967 3640 1153 3714 donatione
1169 3641 1324 3736 predicte
1340 3640 1567 3735 Algemeinde
1584 3641 1695 3737 impe·

283 3765 357 3840 diat
367 3767 424 3839 vel
437 3768 602 3838 molestet.
618 3766 720 3851 Quod
733 3765 795 3861 qui
808 3766 1056 3862 presumpserit
1068 3765 1340 3860 indignationem
1349 3773 1500 3839 nostram
1513 3775 1548 3839 et
1559 3767 1694 3864 imperii

148 3880 150 3888 ’
283 3911 322 3962 se
334 3889 419 3961 sciat
436 3889 585 3984 graviter
601 3888 799 3962 incurrisse.

331 4014 457 4086 Datum
479 4013 650 4086 incastris
668 4011 764 4108 apud
784 4013 1013 4085 Interamnam
1032 4008 1123 4108 (stc),
1144 4033 1236 4086 anno
1259 4010 1433 4086 dominice
1453 4011 1701 4086 incarnationis

283 4137 465 4210 millesimo
481 4136 717 4210 ducentesimo
742 4135 1009 4232 quadragesimo
1023 4137 1152 4232 primo,
1177 4158 1296 4210 meuse
1314 4136 1414 4230 julii,
1437 4135 1696 4231 quartodecimo
1739 4121 1742 4140 ‘

285 4259 500 4334 indictionis.

342 4647 575 4759 fridericus,
594 4652 857 4738 Romanorum
876 4655 1098 4764 imperator,
1117 4651 1279 4737 lobanni
1297 4653 1346 4735 de
1365 4651 1552 4736 Columna
1569 4651 1700 4734 cardi-
1738 4653 1741 4664 '
1764 4675 1859 4731 cruor

287 4781 369 4865 nali
387 4784 519 4867 scribit
537 4811 578 4868 se
596 4786 766 4870 consiliis
783 4787 903 4896 ipsius
924 4787 1127 4870 adhaerere
1145 4785 1241 4872 velle
1258 4811 1424 4895 quorum
1442 4785 1641 4869 audaciam
1657 4785 1699 4867 in
