4564 6038
573 663 653 725 1218
825 665 1007 728 concam
1031 664 1185 738 octav!
1209 663 1408 726 HISTORIA
1433 664 1729 730 ntvtotvnvtca
1798 669 1880 752 [An.
1897 672 1986 736 1241.

569 821 674 895 quem
696 799 743 873 ad
770 807 919 872 vestram
949 821 1131 896 porsonam
1160 798 1392 891 destinamus,
1426 799 1527 872 nobis
1557 791 1683 874 remitti
1715 803 1867 897 potimus
1895 806 1990 880 iesti-

569 935 693 998 nautor
717 934 756 995 ut
780 923 825 996 de
852 933 968 997 vostro
995 924 1194 1020 peripsum
1222 944 1386 1020 processu
1410 924 1548 1020 plenius
1572 923 1727 1020 expediti
1754 927 1990 1006 mttoctionon

569 1057 775 1121 nostramet
797 1063 979 1120 occursum
1004 1047 1105 1120 vobis
1124 1046 1364 1120 honorabilem
1386 1068 1624 1144 preparemus.
1651 1049 1773 1123 Nostro
1795 1051 1915 1144 itaquo
1935 1061 1989 1128 ost

568 1171 769 1244 intentionis
786 1180 899 1244 vestre
912 1172 1087 1244 serenitati
1103 1170 1184 1244 talia
1209 1171 1278 1244 hoc
1291 1171 1505 1244 necessitatis
1518 1179 1676 1268 temporo
1691 1172 1858 1268 obsequia
1881 1175 1983 1248 exhi·

567 1275 668 1384 bere,
695 1311 758 1390 per
785 1317 855 1388 que
878 1294 924 1369 ad
949 1297 1113 1370 univorsa
1135 1315 1207 1390 que
1228 1295 1328 1368 uobis
1349 1295 1542 1390 expediunt
1565 1317 1666 1370 versa
1691 1297 1792 1370 nobis
1812 1299 1890 1372 vico
1910 1300 1985 1374 sitis

566 1419 718 1514 expositi
731 1428 766 1492 ot
779 1419 887 1513 parati
906 1417 920 1515 (
944 1419 970 1514 ).

615 1543 739 1615 Datum
755 1542 920 1633 Wiennc‚
941 1541 1022 1616 idus
1032 1541 1135 1635 junii.

618 2091 835 2199 Conradus,
864 2089 1126 2178 Romanorum
1151 2089 1191 2171 in
1219 2114 1350 2199 regem
1374 2089 1539 2196 electus,
1560 2088 1602 2171 P.
1624 2091 1673 2172 de
1693 2089 1888 2174 Roinstcin
1911 2091 1981 2202 ju-

563 2223 638 2306 dici
656 2232 778 2306 terrae
795 2222 975 2334 Egronsis
998 2221 1158 2305 mandat
1175 2229 1219 2304 ut
1236 2220 1515 2304 monasterium
1534 2221 1583 2304 do
1608 2221 1854 2332 Spainshart‚
1874 2226 1979 2334 quod

562 2355 715 2438 nullum
751 2356 978 2438 advocatum
1009 2365 1159 2464 praeter
1186 2353 1456 2462 imperatorem
1485 2362 1552 2435 eut
1587 2379 1718 2464 regem
1744 2355 1873 2463 ipsum
1903 2356 1979 2437 ha-

561 2487 651 2570 bere
681 2487 818 2592 debet,
852 2495 985 2569 contra
1016 2485 1223 2568 Henricum
1259 2487 1307 2567 de
1343 2483 1542 2568 Durndori
1573 2496 1612 2568 ot
1644 2486 1862 2570 Conrodum
1896 2487 1978 2597 ejus

560 2619 684 2702 filium
702 2630 868 2726 tueatur,
889 2621 984 2702 dum
1011 2619 1074 2700 isti
1093 2617 1331 2702 advocatiam
1359 2642 1473 2726 super
1490 2617 1592 2700 villis
1611 2617 1973 2728 Kirohontumpoch‚

561 2751 881 2862 Stegentumpuch
899 2763 937 2834 et
953 2749 1185 2834 Dobertshoi
1201 2749 1273 2832 sibi
1291 2747 1490 2858 illegitime
1506 2749 1719 2833 vendicent.

640 2966 814 3048 (Memorat.
836 2984 886 3044 ap.
908 2965 1073 3041 Borma,
1097 2963 1212 3044 Roqost.
1231 2963 1349 3042 imper„
1370 2981 1399 3041 p.
1418 2972 1494 3040 ²60,
1512 2973 1546 3023 n·
1567 2972 1621 3044 tt,
1643 2981 1681 3026 cx
1703 2965 1802 3026 codice
1822 2965 1974 3027 chartaceo

678 3090 758 3134 anno
774 3081 851 3132 1772
868 3077 1006 3142 exarato,
1021 3067 1277 3131 Fundationrboclt
1290 3086 1346 3130 ooo
1360 3067 1537 3149 Spnimltort
1550 3060 1644 3149 dicto,
1657 3075 1688 3130 et
1701 3071 1781 3148 opud
1796 3071 1974 3133 Monachum

677 3183 839 3250 asservato,
853 3183 878 3238 t.
893 3177 919 3252 1,
936 3175 989 3236 toi.
1008 3173 1091 3255 too.)

607 3367 731 3436 Datum
744 3362 839 3457 apud
858 3361 1003 3434 Weiden
1020 3361 1089 3456 (2),
1108 3361 1185 3432 XVI
1198 3361 1294 3454 juiii,
1307 3361 1500 3436 indictione
1514 3364 1603 3436 XIV.

594 3615 632 3687 (t)
649 3613 688 3671 ct.
702 3629 746 3687 ap.
761 3613 911 3683 itonam,
929 3611 988 3669 loon
1006 3627 1090 3687 supra
1106 3611 1202 3682 citato,
1218 3613 1337 3670 numeris
1354 3615 1370 3668 ³
1389 3619 1418 3670 ot
1435 3614 1466 3682 t,
1486 3613 1554 3669 duas
1570 3612 1725 3670 wenceslai
1741 3614 1885 3672 Bnhemm
1901 3617 1974 3690 regis

556 3710 692 3786 epistotae,
707 3711 741 3766 de
755 3710 892 3768 invasione
906 3711 1087 3779 Tartarorum,
1098 3724 1213 3782 quarum
1222 3725 1279 3766 una
1290 3709 1348 3766 eino
1362 3709 1426 3766 data
1434 3709 1486 3784 ipsi
1499 3709 1555 3782 rom
1567 3709 1688 3768 Conrado
1700 3711 1783 3768 missa
1796 3711 1856 3768 init.

576 3803 629 3880 'iti
647 3807 733 3864 Locus
755 3805 789 3864 ad
809 3821 917 3864 emnem
934 3805 996 3862 Nab
1020 3805 1201 3880 superiorem,
1219 3803 1298 3863 hodio
1317 3805 1345 3860 in
1364 3820 1447 3878 regno
1466 3805 1593 3862 Bavariao
1608 3821 1705 3862 vorsus
1725 3806 1868 3864 Bohomiae
1889 3807 1970 3880 fines,

555 3903 767 3978 Nurembcrgam
788 3903 857 3962 inter
870 3908 897 3961 et
918 3903 1016 3976 Rgrnm
1030 3901 1119 3960 modia
1136 3901 1196 3972 via,
1215 3901 1262 3958 ubi
1280 3917 1328 3960 rex
1345 3902 1493 3960 exercitum
1507 3907 1601 3960 contra
1614 3903 1741 3962 votnm
1760 3903 1888 3976 colligens
1904 3921 1972 3962 oon-

555 4001 678 4062 dotobm.

1034 4279 1135 4330 tntis
1165 4280 1300 4330 atatis
1332 4279 1486 4330 evincit.
