4384 6004
221 645 402 724 lantolt]
672 639 868 700 HISTORIA
893 639 1186 704 DlPLOMll'l'lCll.
1557 638 1633 699 1085

222 791 353 872 matur,
377 801 424 852 ex
445 800 515 874 qua
536 783 715 848 causatum
737 773 864 848 debeat
884 774 1081 848 obedientie
1104 776 1282 847 vinculum
1300 772 1544 846 inviolabiliter
1562 772 1633 843 ob-

222 905 367 978 servari.

270 1029 416 1116 Datum,
430 1033 497 1097 ato.

557 1265 576 1272 -.
592 1265 601 1270 .
609 1264 710 1272 -.--.
717 1261 1419 1272 --..-..-...-.--a-—-----——--———-q———-·-

277 1508 511 1614 FridericuS,
539 1507 800 1590 Romanorum
837 1506 1056 1614 imperator,
1085 1512 1246 1586 mortem
1279 1503 1422 1587 Nicolai
1455 1501 1635 1610 Spinulac
1696 1525 1797 1609 mgna

227 1642 335 1750 regni
363 1641 511 1723 Siciliae
536 1638 728 1720 ammirati
750 1638 789 1718 in
818 1637 977 1719 seruitiis
1005 1637 1083 1718 suis
1111 1636 1187 1718 vita
1212 1634 1399 1741 defuncti,
1424 1634 1635 1718 Lansranco

228 1772 409 1880 Spinulae
426 1771 535 1854 fratri
554 1770 637 1880 ejus
661 1780 697 1854 et
716 1769 1008 1878 consanguineis
1036 1767 1241 1877 significat,
1263 1769 1427 1850 suadens
1449 1780 1492 1850 ut
1513 1766 1635 1850 dolori

227 1906 386 1988 modum
404 1903 546 1986 faciant
562 1904 655 2011 quia
671 1903 712 1983 in
731 1903 833 2010 ipsos
852 1901 1013 2010 gratim
1030 1925 1139 1980 suam
1155 1898 1355 1981 refundere
1373 1897 1552 2006 disponit.

310 2117 444 2194 (Edlder.
461 2118 612 2178 Murena
631 2117 825 2192 otbertum,
839 2111 977 2193 Amplirs.
993 2111 1113 2187 collect„
1132 2119 1155 2172 t.
1171 2115 1212 2190 11,
1230 2114 1287 2172 col.
1308 2121 1495 2184 tarr-trra,
1512 2121 1545 2172 n⁰
1557 2113 1634 2173 LIX.

350 2257 390 2268 -
407 2222 481 2284 coll.
505 2239 574 2284 cum
596 2221 665 2282 cod.
686 2219 765 2282 Blbl.
788 2219 884 2282 sesar.
911 2221 1019 2297 Paris„
1037 2217 1130 2299 soudr
1153 2215 1539 2298 &immin-Herium
1560 2227 1636 2296 ⁴55,

350 2346 418 2406 pars
429 2331 482 2407 IV,
497 2340 530 2388 n⁰
551 2328 613 2406 ts.)

279 2514 500 2604 Fredericus,
528 2524 611 2602 etc,
636 2514 829 2584 Lanlranco
852 2514 995 2606 Spinule
1019 2512 1114 2584 tratri
1139 2511 1316 2604 quondam
1342 2511 1471 2583 Nicolai
1498 2512 1641 2606 Spinule

231 2635 419 2731 imperialis
436 2637 527 2708 stolii
547 2647 581 2708 et
599 2637 635 2708 in
653 2657 763 2730 regno
781 2635 897 2708 Sicilie
914 2635 1102 2724 ammirati,
1121 2634 1253 2726 totique
1278 2633 1397 2706 domui
1416 2643 1451 2706 et
1472 2635 1642 2706 universis

231 2760 497 2852 consangnineis
516 2761 611 2851 ejus,
631 2772 697 2832 etc.
720 2761 810 2830 Dum
832 2769 1093 2852 expectaremus
1113 2779 1134 2829 a
1152 2757 1306 2851 predicto
1321 2757 1499 2850 qnondam
1519 2757 1643 2828 ammi·

231 2891 306 2954 rato
329 2891 445 2954 nostro
467 2881 646 2954 certificari
663 2881 708 2954 de
732 2891 898 2976 apparatu
916 2883 1138 2974 negociorum
1159 2890 1370 2969 nostrornm,
1391 2903 1461 2975 que
1476 2881 1644 2952 industrie

232 3028 296 3080 sue
321 3007 500 3078 commissa
526 3006 646 3101 quoad
667 3007 758 3078 vixit
778 3005 999 3078 laudabiliter
1022 3006 1224 3094 exercebat,
1253 3028 1394 3100 gravem
1422 3005 1582 3076 nuntium
1610 3013 1644 3076 et

232 3131 415 3202 molestum
433 3128 478 3202 de
489 3130 604 3224 vipsius
620 3130 717 3202 obitu
740 3130 908 3225 recepisse
926 3129 1099 3220 dolemus,
1116 3131 1177 3224 qui
1200 3151 1261 3201 nos
1277 3129 1379 3202 valde
1401 3127 1555 3199 turbavit
1569 3148 1644 3199 om-

233 3253 317 3325 nino
341 3253 440 3346 quod
462 3263 532 3326 tam
557 3263 739 3342 expertum
762 3252 900 3326 fidelem
932 3263 1085 3327 nostrum
1114 3253 1276 3348 exposuit
1301 3277 1322 3326 a
1347 3253 1471 3325 nostris
1494 3251 1644 3324 servitiis

234 3375 418 3465 deleciss03
439 3377 538 3468 cujus
564 3377 734 3470 presentia
758 3377 808 3448 sic
835 3400 872 3450 se
898 3387 1016 3450 nostro
1034 3378 1233 3473 conspectui
1257 3377 1364 3450 verbo
1386 3376 1585 3450 reddiderat
1609 3387 1644 3449 et

234 3521 338 3593 opere
352 3500 572 3594 comprobata
596 3511 635 3571 ut
659 3499 789 3574 nedum
811 3522 919 3592 grave
938 3501 1158 3596 dispendium
1176 3501 1211 3572 in
1226 3501 1301 3592 ejus
1324 3501 1467 3572 transitu
1489 3501 1644 3595 periera-

234 3645 326 3711 mus,
347 3623 433 3716 quin
447 3624 563 3717 potius
578 3624 681 3696 vobis
696 3624 857 3697 omnibus
870 3625 1051 3698 favorabili
1070 3625 1314 3697 condoleamus
1328 3624 1465 3698 affectu.
1483 3624 1552 3697 Sed
1564 3647 1644 3696 cum

235 3747 308 3838 ipse
325 3745 430 3817 vobis
447 3755 480 3817 et
499 3747 603 3819 nobis
618 3750 729 3820 soluto
748 3758 870 3822 nature
889 3749 1007 3822 debito
1027 3749 1295 3822 irrevocabiliter
1309 3749 1354 3821 sit
1372 3749 1518 3820 amissus
1534 3759 1645 3821 atnoe

235 3867 477 3942 confidentiam
490 3893 593 3964 quam
611 3893 839 3966 posueramus
854 3874 890 3943 in
904 3893 958 3962 eo,
974 3873 1009 3943 in
1022 3873 1121 3945 vobis
1135 3894 1223 3966 quos
1238 3872 1284 3946 ad
1301 3872 1471 3946 bonorem
1484 3883 1518 3946 et
1535 3873 1644 3946 servi·

237 3993 322 4064 tium
336 4003 493 4066 nostrum
512 3994 635 4067 eadem
653 3994 741 4069 lides
759 3997 795 4067 in
814 3998 1038 4090 germanitate
1053 3996 1226 4086 firmabat,
1244 3995 1383 4070 firmiter
1402 4019 1579 4089 geramus,
1599 3996 1644 4069 ad

237 4137 300 4188 vos
319 4117 355 4186 in
370 4119 448 4209 ejus
465 4120 630 4191 memoria
640 4120 896 4210 contristamur,
913 4142 991 4192 cnm
1006 4120 1247 4214 superstitibus
1262 4121 1362 4192 vobis
1385 4117 1529 4218 [ipsum]
1544 4119 1645 4192 nobis

237 4240 358 4313 vivere
379 4263 421 4314 ac
438 4264 618 4336 superesse
639 4243 864 4336 confidimus,
886 4247 1028 4340 gratiam
1053 4267 1158 4339 qnam
1180 4245 1274 4341 apud
1295 4267 1359 4317 nos
1385 4246 1509 4317 meruit
1526 4247 1562 4316 in
1582 4265 1645 4317 vos

237 4365 388 4460 plenarie
404 4363 657 4456 diffundentes,
684 4378 722 4440 nt
747 4371 870 4441 nostris
888 4369 1036 4441 servitiis
1061 4391 1280 4463 nequaquam
1298 4369 1449 4442 uetuisse
1468 4367 1646 4441 credamus

240 4487 364 4581 inquo
389 4489 465 4560 talis
495 4491 637 4561 fratrum
663 4501 698 4564 et
722 4493 1055 4584 consanguineorum
1082 4502 1224 4586 experta
1249 4491 1335 4565 fides
1362 4503 1396 4566 et
1418 4501 1514 4586 grata
1538 4491 1648 4563 vicis-

99 4615 102 4620 '
239 4609 355 4681 sitndo
373 4623 590 4684 concurrant.
611 4615 704 4687 Licet
717 4616 823 4709 igitur
838 4616 1028 4689 recordatio
1042 4627 1111 4690 tam
1127 4616 1208 4688 boni
1226 4618 1338 4688 fratris
1353 4627 1388 4688 et
1399 4615 1647 4708 consanguinei

242 4731 430 4804 fidelissimi
453 4739 559 4808 nostri
582 4759 604 4810 a
628 4739 729 4811 vobis
750 4739 826 4812 sine
846 4761 978 4814 merore
999 4742 1144 4814 transire
1165 4762 1233 4813 non
1253 4741 1360 4835 possit
1379 4762 1444 4812 nec
1461 4741 1560 4812 liceat
1572 4740 1648 4832 jus·

318 4859 356 4918 v.
377 4873 433 4917 nm
445 4875 467 4918 a.
1432 4875 1486 4926 rar
