4374 6010
223 673 337 738 lnmcr.
357 675 422 754 la]
692 673 889 738 HISTORIA
913 668 1209 736 DIPLOMATICA.
1593 664 1651 726 881

227 809 354 904 ponde
372 807 506 903 Capua,
525 805 573 880 de
589 805 704 882 officio
721 829 956 905 expensarum
976 808 1129 904 ipsarum
1148 801 1301 898 recipere
1321 799 1467 881 doborct
1481 819 1544 894 pro
1558 807 1657 894 parte

226 940 355 1005 nosue
380 931 478 1004 curie
499 931 687 1020 rationem
710 931 774 1006 sed
800 933 884 1026 quia
908 931 1004 1008 idem
1026 929 1181 1022 Angelus
1202 926 1283 998 tiret
1305 923 1473 998 rationem
1502 922 1657 1018 recipere

227 1053 443 1151 incepisset,
462 1055 600 1128 interim
619 1055 666 1127 ab
683 1055 797 1128 officio
814 1077 879 1130 suo
896 1063 1031 1130 amotus
1053 1052 1100 1126 ad
1125 1049 1413 1146 complementum
1437 1046 1566 1120 ducere
1593 1069 1656 1120 ne·

228 1178 355 1274 quivit
372 1177 550 1270 eamdem,
569 1177 725 1252 fidelitati
746 1189 804 1252 tue
822 1176 1045 1274 precipiendo
1063 1173 1270 1248 mandamus
1284 1181 1455 1265 quatenns
1474 1170 1655 1266 receptisa

230 1302 399 1396 predicto
420 1301 556 1396 Angelo
573 1302 790 1377 documentis
806 1303 948 1376 rationis
963 1301 1073 1396 ipsius
1087 1307 1260 1392 quatenus
1282 1295 1448 1390 processit
1464 1294 1500 1366 in
1515 1315 1571 1382 ea,
1591 1315 1655 1389 pro

229 1425 372 1518 quibus
389 1424 607 1518 assignandis
623 1425 685 1498 tibi
708 1435 842 1500 nostras
858 1425 925 1500 sibi
945 1424 1118 1498 mictimus
1136 1421 1271 1494 lieteras
1284 1417 1467 1513 speciales,
1488 1417 1655 1490 rationem

231 1547 434 1643 predictam
450 1571 472 1622 a
482 1548 658 1648 jamdictis
680 1549 848 1624 Palmerio
865 1559 901 1624 et
918 1547 1054 1622 Crescio
1073 1545 1255 1650 diligenter
1272 1551 1308 1616 et
1325 1549 1429 1638 prout
1446 1541 1571 1614 melius
1594 1562 1656 1635 pro

232 1671 336 1744 curia
362 1679 480 1744 nostru
512 1671 658 1761 videris,
686 1673 840 1768 recipere
866 1671 996 1746 debeas
1022 1677 1057 1742 et
1080 1667 1268 1762 complere,
1293 1664 1497 1761 provisurus
1522 1671 1657 1736 actente

232 1795 338 1890 quod
353 1795 391 1866 in
406 1794 602 1888 receptione
616 1793 726 1888 ipsius
740 1795 838 1868 curia
855 1805 970 1868 nostra
987 1791 1104 1888 decipi
1119 1801 1269 1886 nequeat
1282 1789 1339 1862 vel
1353 1785 1517 1861 fraudari.

285 1919 416 1990 Datum
432 1915 587 2006 Luceria,
604 1918 649 1989 lli
668 1917 807 2012 aprelis,
825 1917 903 1990 Xlli
919 1916 1128 1990 indictionis.

285 2043 375 2114 ltem
389 2041 528 2138 scripsit
542 2041 676 2134 Angeia
693 2039 739 2114 de
761 2039 875 2114 Murra
896 2050 936 2114 ut
957 2041 1109 2134 assignet
1127 2037 1160 2112 ei
1184 2036 1392 2111 documenta
1414 2033 1556 2108 rationis
1579 2054 1656 2128 pre·

233 2165 344 2240 dicte.

289 2635 518 2722 Mandatum
549 2636 601 2718 ad
636 2635 833 2720 universos
864 2659 932 2743 per
958 2632 1222 2738 Amiternum,
1255 2629 1460 2738 Marsiam,
1489 2639 1580 2739 etc,
1614 2643 1658 2716 ut
1715 2639 1831 2749 iffi·

234 2769 432 2856 Robberto
450 2771 499 2853 de
518 2769 745 2854 Castellioua
762 2770 813 2853 ad
834 2767 1086 2854 obsidendam
1105 2766 1269 2852 Romam
1286 2765 1451 2850 Alberici
1468 2767 1656 2852 destinato

235 2929 356 3015 super
371 2903 447 2986 hoc
462 2903 676 2986 intendant.

323 3102 455 3184 (licoat.
470 3104 575 3184 isuper.
594 3099 715 3166 tradem
729 3103 771 3180 11,
785 3101 837 3166 ici.
855 3110 894 3166 cc
913 3105 1059 3180 recto31n
1071 3103 1143 3166 edit.
1160 3101 1297 3176 Curcum,
1310 3117 1342 3180 p.
1359 3099 1444 3182 ato.)

286 3277 340 3350 De
363 3277 531 3373 imperiali
554 3278 712 3351 modulo
735 3280 825 3370 sacto
851 3299 913 3375 per
938 3277 1108 3351 dominum
1133 3275 1300 3350 andream
1325 3275 1368 3348 de
1390 3273 1507 3348 fidolo
1528 3277 1657 3370 cupito·

236 3423 359 3490 mm,
376 3413 456 3494 etc,
472 3403 608 3498 scripsit
623 3404 850 3476 Laurentius:
868 3497 872 3502 ι

285 3525 512 3612 Frcderions,
529 3535 610 3619 etc,
631 3525 805 3601 universis
823 3547 887 3622 per
908 3522 1148 3616 Amiternum,
1171 3523 1349 3616 Mursiam,
1376 3524 1501 3598 vallem
1525 3523 1652 3616 dicati,

237 3650 367 3724 vallam
381 3649 511 3723 Carsoli
533 3649 705 3723 etvallem
726 3651 827 3723 Patre
840 3649 1053 3740 constitutis,
1071 3646 1233 3722 fidelibus
1250 3649 1341 3740 suis,
1361 3656 1427 3721 etc.
1449 3649 1539 3720 Ecce
1559 3647 1656 3742 quod

238 3771 453 3846 Robbertnm
483 3771 529 3846 do
562 3771 766 3847 Castellione
791 3770 930 3845 iiddom
962 3781 1118 3844 nostrum
1149 3771 1195 3844 ad
1220 3770 1448 3845 obsidendam
1477 3783 1512 3844 et
1539 3772 1656 3866 impu-

239 3893 417 3989 gnandam
441 3915 579 3968 mecam
601 3893 749 3968 Atherici
766 3915 871 3990 quam
889 3893 1039 3968 Iacobus
1058 3893 1226 3967 Sinibaidi
1244 3895 1381 3968 rebellis
1402 3903 1518 3968 noster
1537 3905 1655 3968 contra

146 4069 151 4082 .
240 4038 306 4090 nos
321 4016 465 4111 detinet,
484 4016 710 4092 destinamus.
733 4017 904 4092 Fidelitati
926 4025 1041 4092 vostre
1061 4017 1273 4114 precipimus
1291 4017 1495 4091 mandantes
1514 4017 1656 4090 tirmiter

240 4153 412 4237 quatenns
431 4141 477 4216 ad
498 4143 758 4240 requisitionem
776 4154 811 4218 et
831 4143 1083 4218 ordinationem
1102 4141 1187 4216 dicti
1207 4141 1370 4216 Robberti
1386 4163 1492 4238 snper
1512 4141 1579 4214 hoc
1600 4141 1654 4212 in·

241 4267 389 4341 tendatis
401 4265 517 4342 eidem
532 4267 580 4341 ad
593 4267 760 4342 honoram
779 4276 815 4341 et
829 4265 1029 4342 fidelitatem
1043 4276 1209 4342 nostrum.

288 4389 413 4462 Datum
426 4391 586 4480 Luceric,
601 4391 647 4466 Vi
663 4391 809 4487 aprelis,
832 4391 910 4464 Xlll
930 4378 1147 4465 indictionis.¹

288 4515 395 4586 item:

288 4637 508 4731 Fredarious,
535 4649 620 4732 etc,
643 4641 683 4712 B.
713 4639 855 4714 Pissono
880 4637 1067 4734 justitiario
1094 4635 1249 4735 Aprutii,
1277 4645 1344 4710 etc.
1372 4635 1461 4723 Quia
1495 4637 1657 4710 Robber-

242 4769 330 4858 tnm,
354 4775 423 4838 etc.
448 4786 555 4860 saque
580 4763 817 4860 destinamus,
843 4763 1002 4841 fidelitati
1023 4775 1084 4838 tue
1107 4763 1317 4862 precipimus
1339 4772 1515 4859 quatenus
1535 4782 1655 4836 neces·
