4564 6038
619 662 697 724 1162
1119 663 1333 726 uutuuutct
1358 664 1532 726 SECUNDl
1842 666 1930 746 [Arra.
1950 667 2037 728 1241.

736 791 837 856 tlrecae
852 810 967 855 necnon
985 794 1222 873 Phllltppseusis.
1239 799 1399 860 Bubulcum
1413 815 1491 878 quae
1502 796 1657 876 epistolum
1671 798 1759 860 Patro
1771 799 1809 860 de
1821 799 1924 862 Vinea
1936 801 2040 864 hibuit

736 901 908 962 mendosam
926 916 1096 980 censemus,
1121 902 1194 964 dum
1217 904 1265 966 vla
1286 905 1342 966 lste
1365 904 1446 982 apud
1466 905 1672 982 lmperatorum
1695 909 1768 966 tuuc
1789 908 1937 984 temporis
1957 923 2038 969 com·

734 1007 924 1084 moraretur.)

665 1181 835 1254 Gaudium
853 1178 949 1273 qnod
961 1199 1066 1274 super
1083 1199 1188 1252 omne
1206 1179 1375 1274 gaudium
1394 1181 1589 1254 maximum
1604 1183 1780 1276 reputavi,
1799 1182 1900 1278 quod
1914 1183 2038 1255 merito

616 1305 686 1380 dici
710 1313 820 1400 potest
845 1301 1013 1396 gaudium
1037 1303 1268 1396 gaudiorum,
1294 1325 1341 1376 ex
1363 1303 1540 1378 deditione
1563 1304 1713 1378 civitatis
1730 1303 1931 1402 [Tiburtina
1946 1303 2033 1404 (o)]‚

615 1431 651 1501 in
677 1451 747 1524 qua
774 1425 995 1523 repugnandi
1012 1425 1083 1498 sola
1103 1447 1184 1521 spes
1206 1425 1471 1500 adversantibus
1488 1438 1715 1514 remanserat,
1735 1450 1815 1500 cnm
1837 1429 1931 1500 illud
1953 1451 2039 1502 non·

615 1553 701 1627 dum
713 1573 776 1647 per
788 1560 923 1625 vestras
937 1550 1067 1622 litteras
1080 1557 1120 1622 ut
1132 1549 1313 1644 sperabam
1330 1551 1463 1646 primus
1478 1551 1690 1647 acceperim,
1711 1549 1775 1624 sed
1790 1573 1852 1648 per
1868 1553 1960 1625 alios
1974 1554 2036 1646 qni

613 1677 801 1771 majestatis
819 1684 934 1748 vestre
956 1674 1085 1748 litteras
1107 1673 1260 1769 recipere
1281 1683 1498 1768 meruerunt,
1522 1695 1603 1748 cnm
1622 1675 1776 1770 quadam
1797 1676 2036 1769 interjectione

614 1797 827 1874 verecundia
850 1797 938 1870 meis
955 1796 1219 1892 quodammodo
1239 1798 1326 1871 votis
1348 1799 1510 1890 accessit,
1531 1799 1614 1894 quia
1635 1808 1728 1872 tante
1748 1800 1948 1872 duleedinis
1965 1799 2036 1871 lore

615 1923 748 1999 credidi
763 1922 895 2017 primus
914 1929 1092 2016 acceptor,
1108 1929 1147 1993 nt
1162 1919 1280 1994 fierem
1298 1920 1460 1995 fidelibus
1477 1923 1555 1995 aliis
1572 1923 1713 1996 istarum
1728 1924 1877 2018 partium
1892 1923 2035 2019 dispen-

614 2057 717 2122 sator.
739 2045 951 2117 Dalaeissem
968 2046 1082 2117 forsan
1104 2045 1181 2137 ejus
1198 2045 1328 2135 esurie,
1350 2045 1417 2119 nisi
1437 2067 1515 2118 eam
1539 2046 1585 2118 eb
1609 2047 1685 2120 aliis
1707 2047 1770 2140 qui
1791 2067 1848 2118 me
1871 2047 1910 2117 in
1928 2046 2036 2141 ipsius

613 2171 815 2266 acceptione
830 2177 1073 2265 prevenerant,
1089 2167 1335 2264 percepissem.
1355 2169 1399 2241 llt
1415 2170 1555 2242 forsitan
1575 2171 1703 2242 lactum
1717 2179 1789 2260 est,
1811 2180 1852 2241 ut
1867 2171 2035 2264 intempe-

613 2293 725 2367 rantia
745 2291 959 2388 gratulandi,
985 2313 1091 2386 quam
1116 2291 1299 2364 habiturus
1321 2313 1416 2364 eram
1441 2291 1487 2366 ds
1507 2303 1681 2366 tantorum
1706 2294 1870 2367 felicitate
1899 2314 2035 2366 suoeas·

613 2439 736 2506 suum,
760 2439 806 2490 ex
829 2415 993 2511 parcitate
1011 2414 1213 2508 hujusmodi
1235 2415 1428 2488 traheretur
1445 2417 1481 2486 in
1509 2415 1671 2512 modum,
1698 2439 1743 2490 ne
1765 2427 1859 2490 tante
1881 2419 2036 2510 gratula-

613 2541 718 2615 tionis
736 2561 901 2612 accensus
918 2539 1123 2634 parvitatem
1143 2539 1283 2612 virtutis
1295 2561 1386 2632 mee,
1402 2561 1473 2634 que
1487 2539 1534 2614 ad
1547 2548 1641 2615 taum
1653 2541 1768 2614 minus
1780 2543 1867 2614 forte
1883 2541 2034 2636 tripudia

613 2665 824 2756 suffecisset,
854 2663 1105 2757 magnitudinis
1133 2685 1196 2736 sue
1221 2663 1358 2736 viribus
1383 2663 1595 2739 absorberet.
1625 2667 1862 2760 Magisterium
1891 2666 2033 2762 quidem

613 2788 739 2880 laudo,
768 2787 831 2860 sad
850 2797 986 2882 propter
1012 2785 1078 2860 hoc
1101 2787 1348 2860 verecundiam
1367 2809 1438 2862 non
1462 2786 1617 2883 depono,
1641 2809 1721 2862 oum
1739 2799 1835 2863 tanto
1858 2788 1979 2864 fierem
1998 2790 2033 2862 in

613 2913 726 3009 prima
735 2912 839 3002 hujus
852 2911 1055 3004 acceptioue
1068 2909 1264 2984 dulcedinis
1276 2921 1310 2984 et
1324 2911 1360 2982 in
1374 2913 1520 2984 aliorum
1535 2913 1734 3007 erogatione
1746 2913 1892 3006 leliclor,
1904 2923 2033 3009 quanto

612 3037 748 3111 beatius
761 3057 837 3109 esse
853 3033 937 3107 dare
950 3055 1056 3128 quam
1068 3035 1225 3129 accipere
1242 3035 1319 3130 ipso
1332 3034 1442 3107 divini
1458 3037 1529 3108 oris
1542 3037 1681 3110 oraculo
1695 3037 1939 3132 proclametur.
1960 3037 2033 3112 Nou

612 3169 729 3234 tamen
740 3169 793 3233 est
804 3156 1017 3232 verecundia
1027 3156 1094 3230 ista
1107 3157 1158 3229 sie
1174 3157 1300 3230 efficax
1317 3167 1354 3230 ut
1370 3159 1428 3232 vel
1442 3159 1612 3254 gaudium
1624 3181 1742 3232 meum
1756 3159 1792 3232 in
1804 3159 1927 3254 aliqua
1940 3171 2034 3256 parte

612 3282 795 3374 diminuat,
816 3282 874 3355 vel
891 3280 1022 3376 pudere
1045 3301 1102 3354 me
1120 3280 1234 3373 iaciat,
1255 3303 1327 3376 quo
1346 3283 1461 3354 minus
1479 3283 1525 3356 ab
1547 3283 1711 3356 omnibus
1733 3281 1778 3356 de
1803 3285 1949 3361 materia
1965 3292 2031 3358 tam

608 3404 767 3501 jucunda
784 3405 1019 3492 narrantibus,
1039 3405 1150 3476 veluti
1168 3425 1256 3499 puer
1274 3426 1367 3478 unus
1385 3405 1447 3499 qui
1466 3403 1513 3480 ad
1528 3427 1621 3480 nova
1636 3407 1792 3502 qualibet
1808 3407 1954 3481 divertit
1968 3427 2033 3480 au·

612 3530 739 3621 ditum,
755 3552 777 3602 a
793 3529 1009 3602 narrantium
1024 3549 1085 3602 ore
1102 3526 1336 3624 dependulus,
1352 3528 1507 3619 audiam,
1522 3537 1557 3602 et
1568 3551 1712 3625 quoquo
1728 3531 1832 3604 modo
1843 3531 1893 3604 rei
1910 3531 2032 3604 seriem

612 3654 698 3728 citra
716 3653 898 3727 terminum
917 3651 1083 3725 satietatis
1099 3672 1298 3746 agnoscam.
1319 3653 1396 3724 Nou
1416 3651 1528 3747 pudet
1551 3675 1608 3726 ma
1629 3652 1676 3728 de
1694 3654 1839 3728 materia
1858 3655 1925 3728 ieta
1946 3675 2031 3728 oan-

611 3779 764 3852 tantibus
782 3778 946 3850 iuteresse
954 3776 1164 3870 juvenculis,
1186 3797 1266 3848 cum
1278 3777 1351 3869 jam
1363 3777 1485 3850 solatia
1502 3777 1565 3850 ista
1580 3797 1646 3873 per
1661 3779 1819 3851 omnium
1837 3800 1897 3853 ora
1911 3779 2032 3854 deom-

610 3912 708 3990 rant‚
735 3923 798 3998 per
815 3901 972 3974 omnium
995 3909 1092 3994 gesta
1109 3921 1148 3973 se
1166 3901 1361 3996 perferant,
1379 3907 1414 3973 et
1437 3899 1524 3972 mihi
1542 3901 1613 3994 jam
1630 3921 1701 3974 uon
1718 3901 1818 3974 aliter
1841 3924 1948 3997 quam
1972 3924 2031 4000 per

611 4027 739 4099 lamam
757 4024 932 4121 publicam
950 4025 1182 4097 innotescant.
1209 4021 1462 4118 Undecumque
1483 4031 1600 4096 autem
1618 4023 1684 4097 ista
1703 4025 1795 4098 votis
1814 4029 1902 4100 meis
1922 4027 2029 4100 obve-

611 4149 732 4241 niunt,
758 4148 869 4223 habeo
894 4167 960 4239 ego
984 4145 1080 4242 quod
1098 4147 1213 4238 volui,
1230 4145 1343 4220 habeo
1367 4145 1463 4241 quod
1481 4146 1633 4237 credidi,
1652 4147 1764 4221 habeo
1783 4151 1879 4244 quod
1903 4151 2026 4240 dilexi,

612 4279 741 4346 etcum
759 4270 934 4364 legitimus
948 4269 1075 4343 amodo
1095 4271 1206 4344 lactus
1226 4269 1292 4342 sim
1305 4278 1375 4343 mm
1391 4268 1589 4344 desiderate
1600 4273 1825 4367 possessionis
1839 4295 2025 4370 possessor,

612 4393 751 4467 incivile
768 4403 892 4488 reputo
908 4413 1052 4467 movere
1071 4392 1117 4466 de
1140 4393 1239 4466 titulo
1254 4393 1485 4490 questionem.
1504 4393 1575 4466 Sed
1591 4392 1637 4467 de
1651 4402 1745 4469 tanta
1759 4395 1904 4471 victoria
1921 4399 2026 4471 lactus

654 4567 697 4650 (a)
719 4570 754 4630 In
768 4569 833 4631 eod.
851 4567 1039 4648 Guelferblt„
1054 4585 1092 4629 aa
1114 4565 1291 4630 Mantuae
1303 4566 1380 4648 (alc)
1399 4566 1565 4630 Tridertlnc
1581 4571 1719 4643 animm
1733 4573 1765 4632 ln
1778 4572 1845 4634 cod.
1861 4572 2025 4652 Phllllpps.,

616 4673 773 4737 Tudertine
783 4675 909 4735 aciatis
920 4672 1031 4752 (Tadi).
1046 4673 1091 4734 lbi
1104 4680 1205 4734 temen
1218 4674 1296 4736 elars
1309 4675 1408 4752 egltur
1421 4675 1459 4735 da
1472 4675 1592 4749 leurc,
1606 4681 1690 4755 cujus
1705 4677 1886 4739 dedltlonem
1899 4678 1955 4740 mab
1973 4678 2027 4738 ltoc

612 4787 744 4860 temporo
757 4785 903 4844 memorat
915 4779 1078 4842 Rteoardus
1088 4779 1127 4842 ds
1139 4779 1251 4844 Sancto
1264 4777 1413 4844 (immane
1429 4795 1436 4842 :
1450 4781 1514 4843 vld.
1529 4781 1619 4858 nne,
1636 4801 1668 4862 p.
1687 4791 1775 4846 ttae.
