<?xml version="1.0" encoding="UTF-8"?>
<!DOCTYPE html PUBLIC "-//W3C//DTD XHTML 1.0 Transitional//EN"
    "http://www.w3.org/TR/xhtml1/DTD/xhtml1-transitional.dtd">
<html xmlns="http://www.w3.org/1999/xhtml" xml:lang="en" lang="en">
 <head>
  <title>
</title>
<meta http-equiv="Content-Type" content="text/html;charset=utf-8" />
  <meta name='ocr-system' content='tesseract 3.04.00' />
  <meta name='ocr-capabilities' content='ocr_page ocr_carea ocr_par ocr_line ocrx_word'/>
</head>
<body>
  <div class='ocr_page' id='page_1' title='image "./historiadiploma01fredgoog_0497.png"; bbox 0 0 4384 6004; ppageno 0'>
   <div class='ocr_carea' id='block_1_1' title="bbox 203 587 1622 704">
    <p class='ocr_par' dir='ltr' id='par_1_1' title="bbox 203 587 1622 704">
     <span class='ocr_line' id='line_1_1' title="bbox 203 587 1622 704; baseline -0.001 -15"><span class='ocrx_word' id='word_1_1' title='bbox 203 629 302 689; x_wconf 65' lang='lat' dir='ltr'>runo.</span> <span class='ocrx_word' id='word_1_2' title='bbox 320 625 385 704; x_wconf 81' lang='lat' dir='ltr'>ra]</span> <span class='ocrx_word' id='word_1_3' title='bbox 661 623 862 687; x_wconf 83' lang='lat' dir='ltr'>ursroara</span> <span class='ocrx_word' id='word_1_4' title='bbox 887 623 1182 687; x_wconf 80' lang='lat' dir='ltr'>nrnnouarrca</span> <span class='ocrx_word' id='word_1_5' title='bbox 1518 587 1525 602; x_wconf 84' lang='grc'><strong><em>’</em></strong></span> <span class='ocrx_word' id='word_1_6' title='bbox 1547 626 1622 687; x_wconf 82' lang='lat'>1131</span> 
     </span>
    </p>
   </div>
   <div class='ocr_carea' id='block_1_2' title="bbox 287 756 1626 946">
    <p class='ocr_par' dir='ltr' id='par_1_2' title="bbox 287 756 1626 946">
     <span class='ocr_line' id='line_1_2' title="bbox 287 756 1626 841; baseline -0.001 -19"><span class='ocrx_word' id='word_1_7' title='bbox 287 760 411 841; x_wconf 79' lang='lat' dir='ltr'>(Inedit.</span> <span class='ocrx_word' id='word_1_8' title='bbox 426 775 465 820; x_wconf 85' lang='lat' dir='ltr'>cx</span> <span class='ocrx_word' id='word_1_9' title='bbox 485 757 553 820; x_wconf 89' lang='lat' dir='ltr'>cod.</span> <span class='ocrx_word' id='word_1_10' title='bbox 569 756 645 818; x_wconf 85' lang='lat' dir='ltr'>Blbl.</span> <span class='ocrx_word' id='word_1_11' title='bbox 662 758 762 822; x_wconf 83' lang='lat' dir='ltr'>Cesar.</span> <span class='ocrx_word' id='word_1_12' title='bbox 784 760 929 841; x_wconf 78' lang='lat' dir='ltr'>vindob,</span> <span class='ocrx_word' id='word_1_13' title='bbox 943 757 1051 822; x_wconf 81' lang='lat' dir='ltr'>Plla&#39;lol.</span> <span class='ocrx_word' id='word_1_14' title='bbox 1068 769 1144 834; x_wconf 74' lang='lat'>305,</span> <span class='ocrx_word' id='word_1_15' title='bbox 1162 759 1290 821; x_wconf 57' lang='lat' dir='ltr'>solatae</span> <span class='ocrx_word' id='word_1_16' title='bbox 1309 765 1406 840; x_wconf 84' lang='lat' dir='ltr'>recto,</span> <span class='ocrx_word' id='word_1_17' title='bbox 1427 759 1480 821; x_wconf 92' lang='lat' dir='ltr'>ubl</span> <span class='ocrx_word' id='word_1_18' title='bbox 1503 760 1626 822; x_wconf 77' lang='lat' dir='ltr'>mendas</span> 
     </span>
     <span class='ocr_line' id='line_1_3' title="bbox 323 863 742 946; baseline -0.002 -17"><span class='ocrx_word' id='word_1_19' title='bbox 323 866 519 929; x_wconf 82' lang='lat' dir='ltr'>evidentiores</span> <span class='ocrx_word' id='word_1_20' title='bbox 533 863 742 946; x_wconf 84' lang='lat' dir='ltr'>correximus.)</span> 
     </span>
    </p>
   </div>
   <div class='ocr_carea' id='block_1_3' title="bbox 898 1053 926 1125">
    <p class='ocr_par' dir='ltr' id='par_1_3' title="bbox 898 1053 926 1125">
     <span class='ocr_line' id='line_1_4' title="bbox 898 1053 926 1125; baseline -0.036 0"><span class='ocrx_word' id='word_1_21' title='bbox 898 1053 926 1125; x_wconf 92' lang='lat' dir='ltr'>l.</span> 
     </span>
    </p>
   </div>
   <div class='ocr_carea' id='block_1_4' title="bbox 205 1256 1741 3826">
    <p class='ocr_par' dir='ltr' id='par_1_4' title="bbox 205 1256 1741 3826">
     <span class='ocr_line' id='line_1_5' title="bbox 253 1256 1626 1352; baseline -0.001 -20"><span class='ocrx_word' id='word_1_22' title='bbox 253 1259 475 1348; x_wconf 86' lang='lat' dir='ltr'>Fredericus,</span> <span class='ocrx_word' id='word_1_23' title='bbox 491 1265 574 1345; x_wconf 80' lang='lat' dir='ltr'>etc,</span> <span class='ocrx_word' id='word_1_24' title='bbox 596 1258 736 1352; x_wconf 87' lang='lat' dir='ltr'>prelatis</span> <span class='ocrx_word' id='word_1_25' title='bbox 755 1267 790 1330; x_wconf 88' lang='lat' dir='ltr'>et</span> <span class='ocrx_word' id='word_1_26' title='bbox 816 1257 929 1346; x_wconf 89' lang='lat' dir='ltr'>clero,</span> <span class='ocrx_word' id='word_1_27' title='bbox 949 1267 1016 1329; x_wconf 87' lang='lat' dir='ltr'>etc.</span> <span class='ocrx_word' id='word_1_28' title='bbox 1043 1256 1100 1330; x_wconf 85' lang='lat' dir='ltr'>Ad</span> <span class='ocrx_word' id='word_1_29' title='bbox 1117 1257 1274 1330; x_wconf 73' lang='lat' dir='ltr'><strong>notitiam</strong></span> <span class='ocrx_word' id='word_1_30' title='bbox 1295 1257 1485 1331; x_wconf 89' lang='lat' dir='ltr'>serenitatis</span> <span class='ocrx_word' id='word_1_31' title='bbox 1511 1269 1626 1331; x_wconf 90' lang='lat' dir='ltr'>nostre</span> 
     </span>
     <span class='ocr_line' id='line_1_6' title="bbox 205 1377 1627 1476; baseline 0.001 -23"><span class='ocrx_word' id='word_1_32' title='bbox 205 1381 372 1454; x_wconf 86' lang='lat' dir='ltr'>noveritis</span> <span class='ocrx_word' id='word_1_33' title='bbox 382 1379 516 1475; x_wconf 83' lang='lat' dir='ltr'>pridem</span> <span class='ocrx_word' id='word_1_34' title='bbox 531 1377 580 1476; x_wconf 77' lang='lat' dir='ltr'>(a)</span> <span class='ocrx_word' id='word_1_35' title='bbox 595 1381 794 1474; x_wconf 86' lang='lat' dir='ltr'>pervenisse</span> <span class='ocrx_word' id='word_1_36' title='bbox 803 1379 1228 1474; x_wconf 90' lang='lat' dir='ltr'>qualiterarcbidiaconus</span> <span class='ocrx_word' id='word_1_37' title='bbox 1240 1381 1473 1453; x_wconf 84' lang='lat' dir='ltr'>Pataviensis?</span> <span class='ocrx_word' id='word_1_38' title='bbox 1488 1380 1533 1476; x_wconf 89' lang='lat' dir='ltr'>(b)</span> <span class='ocrx_word' id='word_1_39' title='bbox 1550 1403 1627 1476; x_wconf 90' lang='lat' dir='ltr'>pro·</span> 
     </span>
     <span class='ocr_line' id='line_1_7' title="bbox 206 1503 1626 1599; baseline -0.001 -21"><span class='ocrx_word' id='word_1_40' title='bbox 206 1507 297 1578; x_wconf 89' lang='lat' dir='ltr'>ditor</span> <span class='ocrx_word' id='word_1_41' title='bbox 317 1515 433 1577; x_wconf 90' lang='lat' dir='ltr'>noster</span> <span class='ocrx_word' id='word_1_42' title='bbox 446 1506 648 1576; x_wconf 88' lang='lat' dir='ltr'>auctoritate</span> <span class='ocrx_word' id='word_1_43' title='bbox 665 1504 847 1596; x_wconf 87' lang='lat' dir='ltr'>cujusdam</span> <span class='ocrx_word' id='word_1_44' title='bbox 866 1504 1083 1596; x_wconf 78' lang='lat' dir='ltr'>indulgentie</span> <span class='ocrx_word' id='word_1_45' title='bbox 1098 1525 1203 1598; x_wconf 91' lang='lat' dir='ltr'>quam</span> <span class='ocrx_word' id='word_1_46' title='bbox 1218 1503 1332 1576; x_wconf 91' lang='lat' dir='ltr'>asede</span> <span class='ocrx_word' id='word_1_47' title='bbox 1343 1506 1528 1599; x_wconf 89' lang='lat' dir='ltr'>apostolica</span> <span class='ocrx_word' id='word_1_48' title='bbox 1543 1505 1626 1578; x_wconf 91' lang='lat' dir='ltr'>dicit</span> 
     </span>
     <span class='ocr_line' id='line_1_8' title="bbox 207 1628 1625 1724; baseline 0.001 -24"><span class='ocrx_word' id='word_1_49' title='bbox 207 1632 420 1724; x_wconf 80' lang='lat' dir='ltr'>impetrasse,</span> <span class='ocrx_word' id='word_1_50' title='bbox 437 1629 557 1700; x_wconf 90' lang='lat' dir='ltr'>nititur</span> <span class='ocrx_word' id='word_1_51' title='bbox 576 1651 598 1702; x_wconf 91' lang='lat' dir='ltr'>a</span> <span class='ocrx_word' id='word_1_52' title='bbox 615 1629 716 1702; x_wconf 87' lang='lat' dir='ltr'>vobis</span> <span class='ocrx_word' id='word_1_53' title='bbox 732 1630 888 1723; x_wconf 83' lang='lat' dir='ltr'>quintam</span> <span class='ocrx_word' id='word_1_54' title='bbox 908 1639 1036 1723; x_wconf 88' lang='lat' dir='ltr'>partem</span> <span class='ocrx_word' id='word_1_55' title='bbox 1052 1629 1206 1700; x_wconf 91' lang='lat' dir='ltr'>omnium</span> <span class='ocrx_word' id='word_1_56' title='bbox 1224 1628 1531 1701; x_wconf 88' lang='lat' dir='ltr'>ecclesiasticorum</span> <span class='ocrx_word' id='word_1_57' title='bbox 1548 1652 1625 1724; x_wconf 92' lang='lat' dir='ltr'>pro-</span> 
     </span>
     <span class='ocr_line' id='line_1_9' title="bbox 207 1752 1626 1847; baseline 0.001 -23"><span class='ocrx_word' id='word_1_58' title='bbox 207 1763 375 1828; x_wconf 86' lang='lat' dir='ltr'>ventuum</span> <span class='ocrx_word' id='word_1_59' title='bbox 385 1763 594 1847; x_wconf 84' lang='lat' dir='ltr'>extorquere</span> <span class='ocrx_word' id='word_1_60' title='bbox 605 1763 645 1824; x_wconf 93' lang='lat' dir='ltr'>ut</span> <span class='ocrx_word' id='word_1_61' title='bbox 658 1752 816 1825; x_wconf 88' lang='lat' dir='ltr'>subsidio</span> <span class='ocrx_word' id='word_1_62' title='bbox 827 1763 962 1826; x_wconf 80' lang='lat' dir='ltr'>extorta</span> <span class='ocrx_word' id='word_1_63' title='bbox 977 1775 998 1824; x_wconf 90' lang='lat' dir='ltr'>a</span> <span class='ocrx_word' id='word_1_64' title='bbox 1011 1753 1113 1825; x_wconf 90' lang='lat' dir='ltr'>vobis</span> <span class='ocrx_word' id='word_1_65' title='bbox 1126 1752 1273 1846; x_wconf 86' lang='lat' dir='ltr'>pecunie</span> <span class='ocrx_word' id='word_1_66' title='bbox 1284 1773 1347 1826; x_wconf 90' lang='lat' dir='ltr'>nos</span> <span class='ocrx_word' id='word_1_67' title='bbox 1357 1773 1400 1824; x_wconf 88' lang='lat' dir='ltr'>ac</span> <span class='ocrx_word' id='word_1_68' title='bbox 1411 1752 1530 1825; x_wconf 88' lang='lat' dir='ltr'>fideles</span> <span class='ocrx_word' id='word_1_69' title='bbox 1545 1777 1626 1826; x_wconf 88' lang='lat' dir='ltr'>nos·</span> 
     </span>
     <span class='ocr_line' id='line_1_10' title="bbox 208 1875 1627 1973; baseline -0.001 -23"><span class='ocrx_word' id='word_1_70' title='bbox 208 1889 277 1951; x_wconf 93' lang='lat' dir='ltr'>tros</span> <span class='ocrx_word' id='word_1_71' title='bbox 293 1877 428 1950; x_wconf 80' lang='lat' dir='ltr'>facilius</span> <span class='ocrx_word' id='word_1_72' title='bbox 444 1875 489 1973; x_wconf 77' lang='lat' dir='ltr'>(c)</span> <span class='ocrx_word' id='word_1_73' title='bbox 508 1876 622 1949; x_wconf 88' lang='lat' dir='ltr'>valcat</span> <span class='ocrx_word' id='word_1_74' title='bbox 638 1877 857 1970; x_wconf 80' lang='lat' dir='ltr'>impugnare.</span> <span class='ocrx_word' id='word_1_75' title='bbox 879 1876 964 1947; x_wconf 89' lang='lat' dir='ltr'>Cum</span> <span class='ocrx_word' id='word_1_76' title='bbox 981 1876 1100 1966; x_wconf 79' lang='lat' dir='ltr'>igitur,</span> <span class='ocrx_word' id='word_1_77' title='bbox 1113 1875 1302 1948; x_wconf 81' lang='lat' dir='ltr'>suscitante</span> <span class='ocrx_word' id='word_1_78' title='bbox 1316 1876 1353 1946; x_wconf 93' lang='lat' dir='ltr'>in</span> <span class='ocrx_word' id='word_1_79' title='bbox 1368 1875 1471 1948; x_wconf 92' lang='lat' dir='ltr'>nobis</span> <span class='ocrx_word' id='word_1_80' title='bbox 1480 1878 1627 1949; x_wconf 89' lang='lat' dir='ltr'>Domino</span> 
     </span>
     <span class='ocr_line' id='line_1_11' title="bbox 205 1999 1626 2098; baseline -0.001 -24"><span class='ocrx_word' id='word_1_81' title='bbox 205 2003 364 2098; x_wconf 90' lang='lat' dir='ltr'>spiritum</span> <span class='ocrx_word' id='word_1_82' title='bbox 389 2002 497 2097; x_wconf 77' lang='lat' dir='ltr'>Helye</span> <span class='ocrx_word' id='word_1_83' title='bbox 520 2001 582 2096; x_wconf 88' lang='lat' dir='ltr'>qui</span> <span class='ocrx_word' id='word_1_84' title='bbox 611 2009 775 2095; x_wconf 70' lang='lat' dir='ltr'>unquam</span> <span class='ocrx_word' id='word_1_85' title='bbox 797 2000 916 2074; x_wconf 89' lang='lat' dir='ltr'>divine</span> <span class='ocrx_word' id='word_1_86' title='bbox 934 2001 1020 2094; x_wconf 80' lang='lat' dir='ltr'>legis</span> <span class='ocrx_word' id='word_1_87' title='bbox 1038 2001 1221 2090; x_wconf 89' lang='lat' dir='ltr'>emulator,</span> <span class='ocrx_word' id='word_1_88' title='bbox 1242 1999 1437 2072; x_wconf 90' lang='lat' dir='ltr'>sacerdotes</span> <span class='ocrx_word' id='word_1_89' title='bbox 1462 2001 1542 2074; x_wconf 89' lang='lat' dir='ltr'>Baal</span> <span class='ocrx_word' id='word_1_90' title='bbox 1565 2001 1626 2095; x_wconf 90' lang='lat' dir='ltr'>qui</span> 
     </span>
     <span class='ocr_line' id='line_1_12' title="bbox 205 2124 1627 2220; baseline 0 -24"><span class='ocrx_word' id='word_1_91' title='bbox 205 2127 311 2198; x_wconf 91' lang='lat' dir='ltr'>lucris</span> <span class='ocrx_word' id='word_1_92' title='bbox 325 2126 455 2198; x_wconf 89' lang='lat' dir='ltr'>illicitis</span> <span class='ocrx_word' id='word_1_93' title='bbox 472 2125 647 2198; x_wconf 86' lang='lat' dir='ltr'>inhiantes</span> <span class='ocrx_word' id='word_1_94' title='bbox 661 2125 862 2220; x_wconf 84' lang='lat' dir='ltr'>perniciosis</span> <span class='ocrx_word' id='word_1_95' title='bbox 886 2124 1058 2220; x_wconf 83' lang='lat' dir='ltr'>exemplis</span> <span class='ocrx_word' id='word_1_96' title='bbox 1075 2124 1284 2220; x_wconf 87' lang='lat' dir='ltr'>prevaricari</span> <span class='ocrx_word' id='word_1_97' title='bbox 1301 2124 1469 2218; x_wconf 91' lang='lat' dir='ltr'>populum</span> <span class='ocrx_word' id='word_1_98' title='bbox 1489 2125 1627 2198; x_wconf 87' lang='lat' dir='ltr'>Domini</span> 
     </span>
     <span class='ocr_line' id='line_1_13' title="bbox 207 2248 1628 2345; baseline -0.001 -21"><span class='ocrx_word' id='word_1_99' title='bbox 207 2251 408 2334; x_wconf 83' lang='lat' dir='ltr'>docuerant,</span> <span class='ocrx_word' id='word_1_100' title='bbox 428 2250 463 2319; x_wconf 92' lang='lat' dir='ltr'>in</span> <span class='ocrx_word' id='word_1_101' title='bbox 479 2251 613 2344; x_wconf 85' lang='lat' dir='ltr'>impetu</span> <span class='ocrx_word' id='word_1_102' title='bbox 630 2249 771 2342; x_wconf 91' lang='lat' dir='ltr'>spiritus</span> <span class='ocrx_word' id='word_1_103' title='bbox 786 2249 831 2342; x_wconf 76' lang='lat' dir='ltr'>(i)</span> <span class='ocrx_word' id='word_1_104' title='bbox 850 2248 1050 2338; x_wconf 89' lang='lat' dir='ltr'>trucidavit,</span> <span class='ocrx_word' id='word_1_105' title='bbox 1070 2248 1241 2320; x_wconf 90' lang='lat' dir='ltr'>sustinere</span> <span class='ocrx_word' id='word_1_106' title='bbox 1257 2248 1453 2320; x_wconf 89' lang='lat' dir='ltr'>nullatenus</span> <span class='ocrx_word' id='word_1_107' title='bbox 1466 2269 1533 2320; x_wconf 93' lang='lat' dir='ltr'>non</span> <span class='ocrx_word' id='word_1_108' title='bbox 1548 2271 1628 2345; x_wconf 93' lang='lat' dir='ltr'>pos·</span> 
     </span>
     <span class='ocr_line' id='line_1_14' title="bbox 206 2370 1628 2469; baseline -0.002 -22"><span class='ocrx_word' id='word_1_109' title='bbox 206 2376 315 2447; x_wconf 90' lang='lat' dir='ltr'>simus</span> <span class='ocrx_word' id='word_1_110' title='bbox 334 2384 373 2444; x_wconf 88' lang='lat' dir='ltr'>ut</span> <span class='ocrx_word' id='word_1_111' title='bbox 389 2373 533 2446; x_wconf 89' lang='lat' dir='ltr'>ecclesie</span> <span class='ocrx_word' id='word_1_112' title='bbox 549 2372 752 2446; x_wconf 90' lang='lat' dir='ltr'>Germanice</span> <span class='ocrx_word' id='word_1_113' title='bbox 769 2373 994 2466; x_wconf 88' lang='lat' dir='ltr'>libertasque</span> <span class='ocrx_word' id='word_1_114' title='bbox 1010 2370 1176 2444; x_wconf 90' lang='lat' dir='ltr'>hactenus</span> <span class='ocrx_word' id='word_1_115' title='bbox 1200 2371 1404 2444; x_wconf 91' lang='lat' dir='ltr'>inconcussa</span> <span class='ocrx_word' id='word_1_116' title='bbox 1423 2373 1550 2465; x_wconf 82' lang='lat' dir='ltr'>extitit,</span> <span class='ocrx_word' id='word_1_117' title='bbox 1567 2396 1628 2469; x_wconf 90' lang='lat' dir='ltr'>per</span> 
     </span>
     <span class='ocr_line' id='line_1_15' title="bbox 209 2496 1627 2590; baseline -0.001 -20"><span class='ocrx_word' id='word_1_118' title='bbox 209 2497 405 2572; x_wconf 86' lang='lat' dir='ltr'>sacerdotes</span> <span class='ocrx_word' id='word_1_119' title='bbox 432 2497 618 2590; x_wconf 78' lang='lat' dir='ltr'>sacrilegos</span> <span class='ocrx_word' id='word_1_120' title='bbox 648 2496 856 2570; x_wconf 87' lang='lat' dir='ltr'>inconsuetis</span> <span class='ocrx_word' id='word_1_121' title='bbox 878 2497 1030 2590; x_wconf 78' lang='lat' dir='ltr'>angariis</span> <span class='ocrx_word' id='word_1_122' title='bbox 1054 2505 1089 2568; x_wconf 91' lang='lat' dir='ltr'>et</span> <span class='ocrx_word' id='word_1_123' title='bbox 1115 2497 1358 2568; x_wconf 87' lang='lat' dir='ltr'>exactionibus</span> <span class='ocrx_word' id='word_1_124' title='bbox 1385 2497 1511 2568; x_wconf 86' lang='lat' dir='ltr'>illicitis</span> <span class='ocrx_word' id='word_1_125' title='bbox 1539 2497 1627 2568; x_wconf 82' lang='lat' dir='ltr'>salici</span> 
     </span>
     <span class='ocr_line' id='line_1_16' title="bbox 207 2618 1627 2715; baseline 0 -23"><span class='ocrx_word' id='word_1_126' title='bbox 207 2630 324 2694; x_wconf 87' lang='lat' dir='ltr'>nostro</span> <span class='ocrx_word' id='word_1_127' title='bbox 343 2633 495 2715; x_wconf 85' lang='lat' dir='ltr'>tempore</span> <span class='ocrx_word' id='word_1_128' title='bbox 509 2621 729 2692; x_wconf 89' lang='lat' dir='ltr'>conculcetur</span> <span class='ocrx_word' id='word_1_129' title='bbox 742 2631 777 2694; x_wconf 91' lang='lat' dir='ltr'>et</span> <span class='ocrx_word' id='word_1_130' title='bbox 788 2620 1006 2692; x_wconf 88' lang='lat' dir='ltr'>intollerabili</span> <span class='ocrx_word' id='word_1_131' title='bbox 1018 2622 1104 2713; x_wconf 82' lang='lat' dir='ltr'>jugo</span> <span class='ocrx_word' id='word_1_132' title='bbox 1120 2618 1297 2691; x_wconf 88' lang='lat' dir='ltr'>servitutis</span> <span class='ocrx_word' id='word_1_133' title='bbox 1314 2619 1493 2692; x_wconf 89' lang='lat' dir='ltr'>tributarie</span> <span class='ocrx_word' id='word_1_134' title='bbox 1508 2622 1627 2715; x_wconf 93' lang='lat' dir='ltr'>oppri-</span> 
     </span>
     <span class='ocr_line' id='line_1_17' title="bbox 209 2741 1627 2839; baseline -0.002 -21"><span class='ocrx_word' id='word_1_135' title='bbox 209 2754 338 2829; x_wconf 87' lang='lat' dir='ltr'>matur,</span> <span class='ocrx_word' id='word_1_136' title='bbox 359 2742 537 2816; x_wconf 89' lang='lat' dir='ltr'>devotioni</span> <span class='ocrx_word' id='word_1_137' title='bbox 556 2752 671 2816; x_wconf 85' lang='lat' dir='ltr'>vestre</span> <span class='ocrx_word' id='word_1_138' title='bbox 689 2745 756 2815; x_wconf 89' lang='lat' dir='ltr'>sub</span> <span class='ocrx_word' id='word_1_139' title='bbox 778 2765 868 2839; x_wconf 90' lang='lat' dir='ltr'>pena</span> <span class='ocrx_word' id='word_1_140' title='bbox 886 2743 1042 2816; x_wconf 93' lang='lat' dir='ltr'>omnium</span> <span class='ocrx_word' id='word_1_141' title='bbox 1066 2741 1265 2814; x_wconf 89' lang='lat' dir='ltr'>reddituum</span> <span class='ocrx_word' id='word_1_142' title='bbox 1283 2751 1473 2814; x_wconf 89' lang='lat' dir='ltr'>vestrorum</span> <span class='ocrx_word' id='word_1_143' title='bbox 1492 2743 1627 2817; x_wconf 89' lang='lat' dir='ltr'>distrio-</span> 
     </span>
     <span class='ocr_line' id='line_1_18' title="bbox 208 2865 1627 2964; baseline 0.001 -25"><span class='ocrx_word' id='word_1_144' title='bbox 208 2869 276 2941; x_wconf 87' lang='lat' dir='ltr'>tius</span> <span class='ocrx_word' id='word_1_145' title='bbox 299 2867 496 2940; x_wconf 90' lang='lat' dir='ltr'>inhibemus</span> <span class='ocrx_word' id='word_1_146' title='bbox 515 2868 679 2962; x_wconf 89' lang='lat' dir='ltr'>quatinus</span> <span class='ocrx_word' id='word_1_147' title='bbox 696 2867 853 2962; x_wconf 91' lang='lat' dir='ltr'>predicto</span> <span class='ocrx_word' id='word_1_148' title='bbox 880 2867 1125 2939; x_wconf 88' lang='lat' dir='ltr'>archidiacono</span> <span class='ocrx_word' id='word_1_149' title='bbox 1149 2866 1195 2938; x_wconf 92' lang='lat' dir='ltr'>de</span> <span class='ocrx_word' id='word_1_150' title='bbox 1215 2865 1370 2960; x_wconf 88' lang='lat' dir='ltr'>predicta</span> <span class='ocrx_word' id='word_1_151' title='bbox 1389 2867 1510 2962; x_wconf 91' lang='lat' dir='ltr'>quinta</span> <span class='ocrx_word' id='word_1_152' title='bbox 1532 2879 1627 2964; x_wconf 90' lang='lat' dir='ltr'>parte</span> 
     </span>
     <span class='ocr_line' id='line_1_19' title="bbox 209 2989 1626 3088; baseline 0 -24"><span class='ocrx_word' id='word_1_153' title='bbox 209 3013 272 3064; x_wconf 87' lang='lat' dir='ltr'>nec</span> <span class='ocrx_word' id='word_1_154' title='bbox 288 2991 498 3088; x_wconf 89' lang='lat' dir='ltr'>respondere</span> <span class='ocrx_word' id='word_1_155' title='bbox 514 3013 578 3065; x_wconf 90' lang='lat' dir='ltr'>nec</span> <span class='ocrx_word' id='word_1_156' title='bbox 592 2991 771 3065; x_wconf 88' lang='lat' dir='ltr'>intendere</span> <span class='ocrx_word' id='word_1_157' title='bbox 786 2991 1004 3086; x_wconf 89' lang='lat' dir='ltr'>aliquatenus</span> <span class='ocrx_word' id='word_1_158' title='bbox 1020 2989 1190 3063; x_wconf 89' lang='lat' dir='ltr'>debeatis.</span> <span class='ocrx_word' id='word_1_159' title='bbox 1206 2991 1276 3062; x_wconf 92' lang='lat' dir='ltr'>Nos</span> <span class='ocrx_word' id='word_1_160' title='bbox 1287 2989 1379 3061; x_wconf 91' lang='lat' dir='ltr'>enim</span> <span class='ocrx_word' id='word_1_161' title='bbox 1394 3011 1533 3062; x_wconf 89' lang='lat' dir='ltr'>causam</span> <span class='ocrx_word' id='word_1_162' title='bbox 1548 3015 1626 3066; x_wconf 88' lang='lat' dir='ltr'>ves-</span> 
     </span>
     <span class='ocr_line' id='line_1_20' title="bbox 209 3105 1741 3212; baseline 0.001 -26"><span class='ocrx_word' id='word_1_163' title='bbox 209 3126 295 3188; x_wconf 88' lang='lat' dir='ltr'>tram</span> <span class='ocrx_word' id='word_1_164' title='bbox 311 3129 349 3188; x_wconf 91' lang='lat' dir='ltr'>ut</span> <span class='ocrx_word' id='word_1_165' title='bbox 366 3117 539 3212; x_wconf 87' lang='lat' dir='ltr'>propriam</span> <span class='ocrx_word' id='word_1_166' title='bbox 553 3105 779 3206; x_wconf 84' lang='lat' dir='ltr'>assumentes,</span> <span class='ocrx_word' id='word_1_167' title='bbox 792 3115 843 3188; x_wconf 90' lang='lat' dir='ltr'>sic</span> <span class='ocrx_word' id='word_1_168' title='bbox 857 3115 1047 3188; x_wconf 87' lang='lat' dir='ltr'>libertatem</span> <span class='ocrx_word' id='word_1_169' title='bbox 1059 3125 1206 3186; x_wconf 89' lang='lat' dir='ltr'>vestram</span> <span class='ocrx_word' id='word_1_170' title='bbox 1224 3112 1410 3186; x_wconf 82' lang='lat' dir='ltr'>defendere</span> <span class='ocrx_word' id='word_1_171' title='bbox 1430 3115 1628 3188; x_wconf 85' lang='lat' dir='ltr'>curabimus</span> <span class='ocrx_word' id='word_1_172' title='bbox 1737 3154 1741 3160; x_wconf 96' lang='lat'>·</span> 
     </span>
     <span class='ocr_line' id='line_1_21' title="bbox 210 3233 1629 3336; baseline 0 -25"><span class='ocrx_word' id='word_1_173' title='bbox 210 3247 243 3311; x_wconf 89' lang='lat' dir='ltr'>et</span> <span class='ocrx_word' id='word_1_174' title='bbox 256 3238 346 3312; x_wconf 87' lang='lat' dir='ltr'>tueri</span> <span class='ocrx_word' id='word_1_175' title='bbox 364 3237 459 3333; x_wconf 92' lang='lat' dir='ltr'>quod</span> <span class='ocrx_word' id='word_1_176' title='bbox 476 3233 573 3336; x_wconf 90' lang='lat' dir='ltr'>[non]</span> <span class='ocrx_word' id='word_1_177' title='bbox 593 3238 729 3334; x_wconf 87' lang='lat' dir='ltr'>possitis</span> <span class='ocrx_word' id='word_1_178' title='bbox 740 3238 921 3311; x_wconf 88' lang='lat' dir='ltr'>occasione</span> <span class='ocrx_word' id='word_1_179' title='bbox 941 3237 1093 3310; x_wconf 90' lang='lat' dir='ltr'>mandati</span> <span class='ocrx_word' id='word_1_180' title='bbox 1107 3237 1235 3334; x_wconf 83' lang='lat' dir='ltr'>recepti</span> <span class='ocrx_word' id='word_1_181' title='bbox 1248 3238 1435 3333; x_wconf 89' lang='lat' dir='ltr'>quiequam</span> <span class='ocrx_word' id='word_1_182' title='bbox 1455 3238 1629 3334; x_wconf 89' lang='lat' dir='ltr'>dispendii</span> 
     </span>
     <span class='ocr_line' id='line_1_22' title="bbox 209 3361 1628 3459; baseline -0.001 -24"><span class='ocrx_word' id='word_1_183' title='bbox 209 3363 395 3448; x_wconf 88' lang='lat' dir='ltr'>sustinere;</span> <span class='ocrx_word' id='word_1_184' title='bbox 412 3363 512 3435; x_wconf 90' lang='lat' dir='ltr'>vobis</span> <span class='ocrx_word' id='word_1_185' title='bbox 529 3361 673 3439; x_wconf 91' lang='lat' dir='ltr'>firmiter</span> <span class='ocrx_word' id='word_1_186' title='bbox 691 3363 925 3456; x_wconf 86' lang='lat' dir='ltr'>promittentes</span> <span class='ocrx_word' id='word_1_187' title='bbox 938 3362 1034 3456; x_wconf 83' lang='lat' dir='ltr'>quod</span> <span class='ocrx_word' id='word_1_188' title='bbox 1054 3362 1082 3433; x_wconf 91' lang='lat' dir='ltr'>si</span> <span class='ocrx_word' id='word_1_189' title='bbox 1096 3371 1295 3436; x_wconf 85' lang='lat' dir='ltr'>constanter</span> <span class='ocrx_word' id='word_1_190' title='bbox 1309 3363 1343 3434; x_wconf 95' lang='lat' dir='ltr'>in</span> <span class='ocrx_word' id='word_1_191' title='bbox 1361 3363 1535 3458; x_wconf 88' lang='lat' dir='ltr'>proposito</span> <span class='ocrx_word' id='word_1_192' title='bbox 1549 3387 1628 3459; x_wconf 90' lang='lat' dir='ltr'>per·</span> 
     </span>
     <span class='ocr_line' id='line_1_23' title="bbox 210 3485 1629 3582; baseline 0 -22"><span class='ocrx_word' id='word_1_193' title='bbox 210 3486 364 3560; x_wconf 88' lang='lat' dir='ltr'>stiteritis</span> <span class='ocrx_word' id='word_1_194' title='bbox 377 3496 494 3559; x_wconf 89' lang='lat' dir='ltr'>contra</span> <span class='ocrx_word' id='word_1_195' title='bbox 518 3485 800 3558; x_wconf 84' lang='lat' dir='ltr'>archidiaconum</span> <span class='ocrx_word' id='word_1_196' title='bbox 821 3494 1056 3582; x_wconf 90' lang='lat' dir='ltr'>prenotatum,</span> <span class='ocrx_word' id='word_1_197' title='bbox 1074 3504 1138 3556; x_wconf 90' lang='lat' dir='ltr'>vos</span> <span class='ocrx_word' id='word_1_198' title='bbox 1159 3492 1258 3557; x_wconf 85' lang='lat' dir='ltr'>extra</span> <span class='ocrx_word' id='word_1_199' title='bbox 1271 3495 1387 3558; x_wconf 89' lang='lat' dir='ltr'>nostra</span> <span class='ocrx_word' id='word_1_200' title='bbox 1400 3486 1554 3581; x_wconf 88' lang='lat' dir='ltr'>presidia</span> <span class='ocrx_word' id='word_1_201' title='bbox 1571 3489 1629 3560; x_wconf 88' lang='lat' dir='ltr'>vel</span> 
     </span>
     <span class='ocr_line' id='line_1_24' title="bbox 211 3605 1631 3705; baseline 0.001 -24"><span class='ocrx_word' id='word_1_202' title='bbox 211 3618 309 3682; x_wconf 87' lang='lat' dir='ltr'>extra</span> <span class='ocrx_word' id='word_1_203' title='bbox 326 3617 507 3680; x_wconf 90' lang='lat' dir='ltr'>tractatum</span> <span class='ocrx_word' id='word_1_204' title='bbox 527 3609 623 3704; x_wconf 89' lang='lat' dir='ltr'>pacis</span> <span class='ocrx_word' id='word_1_205' title='bbox 640 3629 745 3704; x_wconf 91' lang='lat' dir='ltr'>quom</span> <span class='ocrx_word' id='word_1_206' title='bbox 761 3629 841 3680; x_wconf 89' lang='lat' dir='ltr'>cum</span> <span class='ocrx_word' id='word_1_207' title='bbox 857 3607 1009 3680; x_wconf 83' lang='lat' dir='ltr'>Ecclesia</span> <span class='ocrx_word' id='word_1_208' title='bbox 1028 3605 1223 3700; x_wconf 75' lang='lat' dir='ltr'>fecerimuS,</span> <span class='ocrx_word' id='word_1_209' title='bbox 1242 3608 1439 3681; x_wconf 89' lang='lat' dir='ltr'>nullatenus</span> <span class='ocrx_word' id='word_1_210' title='bbox 1454 3609 1631 3705; x_wconf 88' lang='lat' dir='ltr'>relinque-</span> 
     </span>
     <span class='ocr_line' id='line_1_25' title="bbox 210 3729 549 3826; baseline 0.003 -25"><span class='ocrx_word' id='word_1_211' title='bbox 210 3751 288 3803; x_wconf 90' lang='lat' dir='ltr'>mus</span> <span class='ocrx_word' id='word_1_212' title='bbox 306 3729 437 3804; x_wconf 88' lang='lat' dir='ltr'>eisdem</span> <span class='ocrx_word' id='word_1_213' title='bbox 459 3729 549 3826; x_wconf 84' lang='lat' dir='ltr'>(sic).</span> 
     </span>
    </p>
   </div>
   <div class='ocr_carea' id='block_1_5' title="bbox 895 3933 941 4005">
    <p class='ocr_par' dir='ltr' id='par_1_5' title="bbox 895 3933 941 4005">
     <span class='ocr_line' id='line_1_26' title="bbox 895 3933 941 4005; baseline 0 -1"><span class='ocrx_word' id='word_1_214' title='bbox 895 3933 941 4005; x_wconf 91' lang='lat'>11.</span> 
     </span>
    </p>
   </div>
   <div class='ocr_carea' id='block_1_6' title="bbox 213 4133 1634 4358">
    <p class='ocr_par' dir='ltr' id='par_1_6' title="bbox 213 4133 1634 4358">
     <span class='ocr_line' id='line_1_27' title="bbox 258 4133 1634 4231; baseline 0.001 -23"><span class='ocrx_word' id='word_1_215' title='bbox 258 4135 473 4228; x_wconf 87' lang='lat' dir='ltr'>Fredericus,</span> <span class='ocrx_word' id='word_1_216' title='bbox 492 4145 560 4209; x_wconf 91' lang='lat' dir='ltr'>etc.</span> <span class='ocrx_word' id='word_1_217' title='bbox 578 4133 675 4208; x_wconf 85' lang='lat' dir='ltr'>Fidei</span> <span class='ocrx_word' id='word_1_218' title='bbox 692 4143 807 4208; x_wconf 87' lang='lat' dir='ltr'>vestre</span> <span class='ocrx_word' id='word_1_219' title='bbox 818 4136 933 4207; x_wconf 89' lang='lat' dir='ltr'>zelum</span> <span class='ocrx_word' id='word_1_220' title='bbox 952 4145 987 4207; x_wconf 92' lang='lat' dir='ltr'>et</span> <span class='ocrx_word' id='word_1_221' title='bbox 1006 4135 1203 4209; x_wconf 90' lang='lat' dir='ltr'>devotionis</span> <span class='ocrx_word' id='word_1_222' title='bbox 1221 4137 1446 4210; x_wconf 85' lang='lat' dir='ltr'>constantiam</span> <span class='ocrx_word' id='word_1_223' title='bbox 1464 4159 1569 4231; x_wconf 89' lang='lat' dir='ltr'>quam</span> <span class='ocrx_word' id='word_1_224' title='bbox 1587 4137 1634 4211; x_wconf 90' lang='lat' dir='ltr'>ad</span> 
     </span>
     <span class='ocr_line' id='line_1_28' title="bbox 213 4259 1633 4358; baseline 0.006 -30"><span class='ocrx_word' id='word_1_225' title='bbox 213 4279 274 4332; x_wconf 92' lang='lat' dir='ltr'>nos</span> <span class='ocrx_word' id='word_1_226' title='bbox 296 4269 331 4332; x_wconf 89' lang='lat' dir='ltr'>et</span> <span class='ocrx_word' id='word_1_227' title='bbox 347 4259 531 4356; x_wconf 89' lang='lat' dir='ltr'>imparium</span> <span class='ocrx_word' id='word_1_228' title='bbox 554 4259 788 4334; x_wconf 88' lang='lat' dir='ltr'>indesinenter</span> <span class='ocrx_word' id='word_1_229' title='bbox 810 4259 930 4352; x_wconf 79' lang='lat' dir='ltr'>geritis</span> <span class='ocrx_word' id='word_1_230' title='bbox 951 4269 987 4332; x_wconf 91' lang='lat' dir='ltr'>et</span> <span class='ocrx_word' id='word_1_231' title='bbox 1005 4259 1154 4352; x_wconf 89' lang='lat' dir='ltr'>habetis,</span> <span class='ocrx_word' id='word_1_232' title='bbox 1172 4271 1266 4335; x_wconf 76' lang='lat' dir='ltr'>anto</span> <span class='ocrx_word' id='word_1_233' title='bbox 1284 4259 1425 4356; x_wconf 80' lang='lat' dir='ltr'>dignius</span> <span class='ocrx_word' id='word_1_234' title='bbox 1443 4284 1505 4356; x_wconf 89' lang='lat' dir='ltr'>per</span> <span class='ocrx_word' id='word_1_235' title='bbox 1523 4284 1633 4358; x_wconf 83' lang='lat' dir='ltr'>expe·</span> 
     </span>
    </p>
   </div>
   <div class='ocr_carea' id='block_1_7' title="bbox 212 4418 1636 4818">
    <p class='ocr_par' dir='ltr' id='par_1_7' title="bbox 254 4418 711 4499">
     <span class='ocr_line' id='line_1_29' title="bbox 254 4418 711 4499; baseline 0 -19"><span class='ocrx_word' id='word_1_236' title='bbox 254 4418 297 4499; x_wconf 82' lang='lat' dir='ltr'>(a)</span> <span class='ocrx_word' id='word_1_237' title='bbox 318 4421 355 4481; x_wconf 90' lang='lat' dir='ltr'>ln</span> <span class='ocrx_word' id='word_1_238' title='bbox 369 4421 470 4482; x_wconf 87' lang='lat' dir='ltr'>codice</span> <span class='ocrx_word' id='word_1_239' title='bbox 483 4419 605 4498; x_wconf 67' lang='lat' dir='ltr'>mom,</span> <span class='ocrx_word' id='word_1_240' title='bbox 622 4421 711 4482; x_wconf 85' lang='lat' dir='ltr'>male.</span> 
     </span>
    </p>

    <p class='ocr_par' dir='ltr' id='par_1_8' title="bbox 212 4523 1636 4712">
     <span class='ocr_line' id='line_1_30' title="bbox 252 4523 1636 4609; baseline 0.003 -23"><span class='ocrx_word' id='word_1_241' title='bbox 252 4523 294 4605; x_wconf 84' lang='lat' dir='ltr'>(b)</span> <span class='ocrx_word' id='word_1_242' title='bbox 317 4527 352 4586; x_wconf 95' lang='lat' dir='ltr'>ln</span> <span class='ocrx_word' id='word_1_243' title='bbox 367 4525 468 4587; x_wconf 87' lang='lat' dir='ltr'>codice</span> <span class='ocrx_word' id='word_1_244' title='bbox 481 4527 578 4608; x_wconf 70' lang='lat' dir='ltr'>Illac„</span> <span class='ocrx_word' id='word_1_245' title='bbox 592 4528 678 4605; x_wconf 86' lang='lat' dir='ltr'>quasl</span> <span class='ocrx_word' id='word_1_246' title='bbox 699 4527 857 4605; x_wconf 81' lang='lat' dir='ltr'>legandum</span> <span class='ocrx_word' id='word_1_247' title='bbox 874 4527 1138 4609; x_wconf 61' lang='lat' dir='ltr'>dilacerantium</span> <span class='ocrx_word' id='word_1_248' title='bbox 1152 4530 1252 4607; x_wconf 85' lang='lat' dir='ltr'>potius</span> <span class='ocrx_word' id='word_1_249' title='bbox 1270 4537 1371 4591; x_wconf 87' lang='lat' dir='ltr'>tamen</span> <span class='ocrx_word' id='word_1_250' title='bbox 1389 4532 1421 4591; x_wconf 96' lang='lat' dir='ltr'>ln</span> <span class='ocrx_word' id='word_1_251' title='bbox 1438 4529 1494 4590; x_wconf 87' lang='lat' dir='ltr'>bac</span> <span class='ocrx_word' id='word_1_252' title='bbox 1512 4530 1636 4607; x_wconf 84' lang='lat' dir='ltr'>epistola</span> 
     </span>
     <span class='ocr_line' id='line_1_31' title="bbox 212 4633 1001 4712; baseline 0.001 -20"><span class='ocrx_word' id='word_1_253' title='bbox 212 4637 242 4692; x_wconf 89' lang='lat' dir='ltr'>at</span> <span class='ocrx_word' id='word_1_254' title='bbox 256 4633 288 4692; x_wconf 88' lang='lat' dir='ltr'>in</span> <span class='ocrx_word' id='word_1_255' title='bbox 302 4635 440 4711; x_wconf 78' lang='lat' dir='ltr'>soqueml</span> <span class='ocrx_word' id='word_1_256' title='bbox 451 4633 489 4693; x_wconf 91' lang='lat' dir='ltr'>de</span> <span class='ocrx_word' id='word_1_257' title='bbox 502 4633 624 4696; x_wconf 85' lang='lat' dir='ltr'>Alberto</span> <span class='ocrx_word' id='word_1_258' title='bbox 638 4633 770 4695; x_wconf 67' lang='lat' dir='ltr'>Bobno</span> <span class='ocrx_word' id='word_1_259' title='bbox 782 4636 831 4712; x_wconf 79' lang='lat' dir='ltr'>agl</span> <span class='ocrx_word' id='word_1_260' title='bbox 845 4633 1001 4695; x_wconf 83' lang='lat' dir='ltr'>crcdlmus.</span> 
     </span>
    </p>

    <p class='ocr_par' dir='ltr' id='par_1_9' title="bbox 254 4733 817 4818">
     <span class='ocr_line' id='line_1_32' title="bbox 254 4733 817 4818; baseline 0.005 -20"><span class='ocrx_word' id='word_1_261' title='bbox 254 4733 292 4817; x_wconf 74' lang='lat' dir='ltr'>(a)</span> <span class='ocrx_word' id='word_1_262' title='bbox 314 4739 350 4800; x_wconf 91' lang='lat' dir='ltr'>ln</span> <span class='ocrx_word' id='word_1_263' title='bbox 363 4739 465 4801; x_wconf 86' lang='lat' dir='ltr'>codice</span> <span class='ocrx_word' id='word_1_264' title='bbox 470 4737 610 4818; x_wconf 69' lang='lat' dir='ltr'>fidelius,</span> <span class='ocrx_word' id='word_1_265' title='bbox 624 4739 714 4801; x_wconf 87' lang='lat' dir='ltr'>male.</span> <span class='ocrx_word' id='word_1_266' title='bbox 814 4797 817 4801; x_wconf 90' lang='grc'><em>,</em></span> 
     </span>
    </p>
   </div>
   <div class='ocr_carea' id='block_1_8' title="bbox 0 0 2207 6004">
    <p class='ocr_par' dir='ltr' id='par_1_10' title="bbox 0 0 2207 6004">
     <span class='ocr_line' id='line_1_33' title="bbox 0 0 2207 6004; baseline 0 0"><span class='ocrx_word' id='word_1_267' title='bbox 0 0 2207 6004; x_wconf 95' lang='lat' dir='ltr'> </span> 
     </span>
    </p>
   </div>
  </div>
 </body>
</html>
