4564 6038
346 705 442 764 Ιηηιοτ.
462 699 522 783 ll.]
795 697 991 759 HISTORIA
1017 695 1311 757 otttottattca

731 991 844 1053 ANNO
871 991 968 1054 1238.
994 1025 1033 1039 —
1053 989 1297 1052 tuotct'tottu
1321 991 1370 1051 ll.

403 1403 623 1512 Comedus,
644 1405 683 1486 in
703 1405 962 1488 Romanorum
985 1431 1115 1514 regem
1134 1407 1294 1512 electum
1324 1417 1426 1488 ratas
1453 1405 1568 1488 habet
1594 1415 1631 1486 et
1657 1427 1759 1484 con-
1829 1403 1950 1526 palo„

348 1534 476 1618 firmat
496 1535 641 1620 litteras
664 1538 804 1648 quibus
823 1537 939 1620 irater
954 1537 1182 1622 Bertholdus
1201 1540 1249 1622 de
1267 1539 1535 1644 Tannenrode‚
1556 1547 1646 1619 ωηο
1659 1559 1760 1642 pro·
1931 1529 1937 1541 '

350 1679 501 1751 curator
535 1697 664 1753 rerum
697 1671 950 1780 imperialium
978 1672 1018 1752 in
1044 1672 1208 1770 Alsatia,
1246 1671 1482 1754 denuntiarit
1505 1669 1761 1754 venditionem

351 1801 490 1883 factam
516 1829 538 1884 a
556 1802 727 1887 Waltero
750 1805 798 1888 de
823 1803 1063 1888 Falkenstein
1082 1817 1119 1887 et
1141 1805 1324 1887 fratribus
1346 1804 1428 1913 ejus
1451 1802 1579 1886 abbati
1604 1810 1642 1884 et
1665 1825 1763 1884 con-

351 1935 478 2016 ventui
498 1936 545 2019 de
563 1936 810 2046 Nuwenburg
827 1937 875 2020 de
893 1937 1004 2021 feodo
1022 1939 1194 2046 ipsorum
1212 1938 1252 2018 in
1271 1935 1546 2020 Douchindorf.

434 2148 531 2227 (uuit.
549 2148 754 2228 Scnoarrmn,
770 2147 862 2212 Alunt.
879 2148 1044 2231 diplomat,
1065 2157 1089 2212 t.
1105 2153 1134 2226 1,
1153 2170 1184 2230 p.
1201 2162 1274 2226 ³80,
1292 2162 1326 2212 n·
1345 2150 1503 2226 CCCCXC,
1527 2168 1565 2213 ox
1586 2148 1763 2212 chartulario

470 2255 698 2334 Neoburgensl.)

401 2445 605 2521 chunradus
620 2448 692 2522 divi
704 2449 842 2543 augusti
858 2450 1074 2544 imperatoris
1090 2450 1250 2522 Friderici
1270 2451 1374 2538 filius,
1390 2450 1452 2522 Dei
1472 2449 1581 2541 gratia
1597 2449 1766 2521 Romano·

352 2592 431 2642 rum
446 2572 481 2642 in
496 2573 754 2665 regemelectus
768 2595 905 2668 semper
919 2583 1090 2668 augustus
1109 2586 1143 2646 et
1162 2575 1261 2646 heres
1274 2574 1370 2668 regni
1389 2571 1664 2646 lemsolimitani.
1681 2573 1767 2644 Cum

354 2694 537 2789 patrissare
553 2695 734 2769 studemus
754 2697 957 2770 auctoritate
975 2709 1118 2792 paterna
1137 2709 1260 2770 cuncta
1279 2719 1386 2792 opera
1406 2696 1575 2782 caritatis,
1594 2705 1677 2768 ωηο
1690 2716 1768 2789 pre·

355 2817 456 2912 cipue
473 2818 654 2914 utriusque
673 2819 789 2892 titulos
805 2820 1006 2892 extollimus
1022 2822 1208 2916 imperialis
1224 2831 1257 2894 et
1275 2821 1402 2914 regalis
1415 2819 1619 2892 excellentie
1632 2819 1669 2888 in
1687 2839 1729 2891 eo
1746 2841 1768 2892 a

356 2961 426 3034 quo
435 2941 647 3035 sumpsimus
657 2943 910 3038 plenitudinem
922 2947 1110 3039 potestatis.
1123 2947 1209 3016 Hinc
1221 2953 1272 3016 est
1286 2945 1403 3038 itaque
1413 2941 1507 3038 quod
1521 2942 1669 3038 presenti
1679 2943 1769 3014 seria

356 3073 474 3136 notum
491 3063 564 3136 lieri
582 3067 743 3160 cupimus
760 3065 935 3140 modernis
953 3078 987 3140 et
1000 3068 1145 3162 posteris
1165 3069 1335 3139 universis
1350 3065 1447 3160 quod
1464 3066 1638 3138 constituti
1652 3086 1769 3138 coram

356 3188 457 3261 nobis
468 3187 593 3261 Albero
604 3190 814 3262 venerabilis
829 3190 937 3264 abbas
952 3201 986 3263 at
1002 3202 1194 3263 conventus
1210 3190 1254 3262 de
1268 3191 1517 3264 Nuwenburch
1534 3189 1770 3262 Cisterciensis

357 3311 500 3402 ordinis,
515 3311 633 3387 fideles
648 3315 768 3404 nostri,
786 3314 1027 3408 supplicarunt
1039 3315 1138 3386 nobis
1153 3314 1327 3386 humiliter
1339 3323 1378 3384 ut
1392 3314 1601 3408 emptionem
1615 3335 1661 3385 ex
1674 3321 1771 3406 parte

358 3435 509 3530 ipsorum
533 3447 567 3508 et
592 3437 827 3510 venditionem
855 3438 933 3510 sive
958 3439 1244 3532 permutationem
1274 3438 1396 3509 iactam
1426 3458 1489 3530 per
1508 3435 1698 3508 Waltsrum
1726 3434 1772 3510 de

358 3558 611 3632 Walclrensteiu
626 3569 661 3632 et
680 3561 802 3632 tratres
818 3561 893 3652 ejus
912 3560 956 3633 de
975 3582 1143 3634 consensu
1161 3570 1196 3632 at
1214 3562 1392 3633 voluntate
1409 3560 1519 3632 fratris
1537 3559 1709 3632 Bartholdi
1727 3560 1772 3632 de

359 3682 574 3772 Tannarode,
586 3693 668 3754 tuuc
678 3685 909 3778 procuratoris
921 3705 1037 3756 rarum
1052 3685 1283 3780 imperialium
1300 3684 1490 3772 iuAlsatia‚
1501 3685 1604 3776 juxta
1619 3692 1772 3756 tenorem

244 3795 253 3820 ⁸
359 3804 548 3878 litterarum
564 3827 707 3878 suarum
726 3829 829 3900 super
841 3807 906 3880 hoc
923 3809 1168 3898 confectarum,
1187 3807 1355 3880 ratificare
1369 3809 1571 3880 auctoritate
1587 3805 1721 3879 domiui
1739 3815 1773 3878 st

361 3929 467 4023 patris
495 3929 602 4002 nostri
627 3931 859 4004 Romanorum
886 3931 1102 4026 imperatoris
1124 3932 1334 4004 serenissimi
1359 3939 1400 4004 et¹
1420 3939 1534 4003 nostra
1560 3930 1605 4002 de
1634 3929 1773 4024 pietatis

362 4061 476 4124 nostre
494 4052 603 4146 gratia
621 4052 857 4148 dignaremur.
873 4055 1078 4126 Litterarum
1094 4064 1209 4127 autem
1228 4053 1426 4128 earumdem
1444 4063 1541 4126 tenor
1556 4053 1632 4125 talis
1646 4061 1719 4124 est:

411 4173 526 4246 Frater
547 4175 750 4248 Bartholdus
774 4177 819 4248 de
841 4178 1060 4268 Taunerode,
1089 4201 1207 4249 curam
1238 4199 1360 4270 gerens
1380 4199 1495 4249 rerum
1520 4177 1772 4272 imperialium,

362 4296 534 4368 universis
547 4296 612 4370 hoc
633 4299 797 4392 scriptum
815 4299 1020 4394 inspecturis
1038 4301 1182 4372 salutem
1200 4302 1235 4372 in
1255 4311 1461 4396 perpetuum
1466 4353 1772 4374 ..........

362 4419 583 4491 Notilicamus
604 4421 700 4514 quod
712 4421 873 4494 dominus
885 4425 1058 4496 Walterus
1074 4423 1119 4497 de
1133 4424 1385 4498 Walclrenstein
1402 4435 1436 4496 et
1452 4426 1570 4498 fratres
1588 4426 1664 4518 ejus
1677 4426 1776 4499 Jaco-

363 4541 430 4614 bus
456 4553 490 4615 st
517 4544 688 4616 Ortliebus
711 4544 850 4618 leodum
876 4570 978 4619 suum
1005 4548 1217 4642 integraliter
1239 4547 1335 4642 quod
1363 4548 1399 4618 in
1428 4548 1512 4622 villa
1536 4558 1571 4622 et
1596 4550 1633 4620 in
1659 4550 1776 4622 banno

364 4665 603 4740 Douchindorf
613 4668 658 4740 ab
674 4669 817 4762 imperio
833 4679 1036 4760 tenuerunt,
1055 4671 1244 4745 venerabili
1263 4671 1406 4745 domino
1421 4671 1583 4744 Albaroni
1602 4673 1720 4774 abbati
1744 4682 1778 4746 at

366 4790 551 4862 conventui
567 4790 611 4864 de
625 4791 878 4866 Nuweuburch
895 4809 958 4889 pro
975 4795 1098 4867 LXXX
1118 4795 1240 4867 marcis
1256 4796 1332 4889 puri
1353 4796 1485 4890 argenti
1502 4795 1676 4870 danastro
1694 4819 1777 4872 con·

447 4911 485 4972 V.
507 4927 595 4974 rma.
1562 4928 1619 4983 ua
