4468 6010
267 709 362 766 nse.
383 702 443 786 ιιι]
716 671 910 762 discours
936 697 1228 760 nrrnounrrcs.
1619 696 1678 758 usu

268 849 339 910 tum
355 837 420 932 qui
443 855 562 908 secum
578 833 614 904 in
632 833 771 906 seruitio
790 843 907 906 nostro
924 842 1114 921 morantur,
1135 830 1262 905 debitis
1279 851 1343 926 pro
1360 828 1512 924 quadarn
1535 831 1678 923 quanti-

269 971 335 1034 tate
358 957 522 1055 temporis
540 957 690 1053 preteriti
714 966 749 1030 et
768 956 944 1045 instantis,
970 977 1048 1028 cum
1072 965 1211 1051 propter
1235 954 1481 1050 stipendiorum
1505 954 1678 1028 detectum

268 1105 362 1157 arma
376 1093 412 1156 et
430 1102 539 1177 equos
555 1079 783 1174 obligaverint
798 1089 833 1152 et
858 1080 928 1152 fere
944 1079 1081 1151 inutiles
1099 1078 1174 1150 sine
1199 1079 1375 1172 oportunis
1398 1077 1581 1152 videantur
1603 1101 1679 1154 esso

266 1229 346 1278 curu
360 1227 422 1295 eo,
443 1204 635 1277 nscessau'a
653 1202 872 1276 decrevimus
887 1201 1061 1274 destinare
1079 1199 1125 1273 de
1146 1200 1292 1294 pecrmia
1310 1201 1404 1272 curie
1416 1209 1531 1275 nostre
1543 1224 1613 1297 qus
1628 1212 1680 1278 est

271 1351 329 1425 per
345 1351 471 1401 manus
486 1337 577 1416 tuas,
590 1329 631 1399 II.
651 1326 696 1399 de
711 1326 926 1418 Montenigro
935 1323 1120 1416 justitiario
1137 1325 1239 1396 Terre
1252 1324 1392 1396 Laboris
1407 1333 1442 1396 et
1457 1325 1497 1397 n.
1517 1323 1562 1397 de
1578 1327 1681 1399 IIon-

271 1453 440 1526 teiusculo
452 1449 641 1543 justitiario
661 1447 852 1543 Capitinate
866 1447 1088 1542 perveniente
1106 1445 1154 1544 (a)
1177 1469 1223 1518 ex
1243 1467 1463 1541 quacumque
1480 1470 1584 1522 causa
1605 1449 1680 1524 sive

273 1575 421 1670 presenti
439 1575 581 1648 collecta
599 1572 674 1644 sive
689 1571 776 1644 alias
799 1566 1061 1664 undecumque,
1079 1579 1113 1642 et
1132 1591 1237 1666 super
1256 1569 1323 1641 hon
1341 1566 1484 1643 cuilibet
1498 1571 1680 1666 predictu-

272 1720 346 1769 rum
363 1697 494 1770 similes
517 1694 735 1792 presentibus
755 1691 888 1766 lieteras
904 1691 1129 1764 destinamus.
1147 1691 1317 1765 Fidelitati
1339 1701 1398 1765 tue
1415 1691 1555 1766 firmiter
1569 1695 1681 1788 preci·

273 1821 400 1916 piendo
420 1818 627 1894 mandamus
644 1825 819 1912 quatenus
839 1816 952 1888 statim
969 1815 1053 1886 visis
1072 1815 1138 1910 hys
1151 1815 1295 1904 licteris,
1316 1815 1410 1891 omui
1425 1839 1521 1890 mora
1537 1832 1572 1890 ot
1586 1819 1682 1892 diffi-

271 1946 398 2018 cultate
408 1944 560 2030 remotIs,
575 1941 622 2016 ad
633 1941 891 2036 requisitionem
904 1939 945 2010 G.
959 1937 1003 2010 de
1014 1939 1173 2011 Verreclo
1186 1939 1308 2011 notarii
1322 1949 1357 2011 et
1368 1941 1480 2012 nuntii
1494 1940 1576 2014 dicti
1592 1945 1683 2038 regis

275 2069 393 2142 mictas
408 2068 455 2141 de
470 2066 642 2162 presentis
661 2065 803 2138 collecte
822 2063 969 2160 pecunia
985 2063 1041 2134 veI
1062 2063 1129 2135 aliu
1145 2085 1366 2158 quacumque
1387 2087 1493 2158 qnam
1512 2065 1620 2140 habes
1637 2067 1683 2140 ad

274 2214 397 2266 manus
414 2201 450 2265 et
462 2191 565 2264 citius
581 2199 677 2285 potes
694 2188 944 2282 habereusque
962 2188 1122 2259 Sanctum
1140 2187 1341 2260 Flavianum
1355 2187 1401 2262 ad
1415 2187 1503 2261 fines
1518 2191 1628 2283 regui,
1647 2191 1683 2265 iu

274 2337 312 2386 ea
327 2337 438 2409 quam
450 2313 615 2387 habueris
631 2313 823 2407 quantitate
838 2310 885 2384 ad
900 2331 1056 2407 presens,
1073 2333 1135 2406 per
1156 2321 1236 2383 tuos
1254 2311 1393 2384 nunti0s
1408 2314 1573 2408 speciales
1591 2315 1685 2390 viros

273 2438 438 2532 providos
455 2447 490 2511 et
505 2436 625 2510 fideles
639 2437 700 2531 qui
713 2435 817 2510 simul
831 2456 910 2507 oum
924 2435 1002 2509 aliis
1017 2435 1146 2506 nuntiis
1159 2434 1333 2531 predictis,
1353 2437 1482 2510 nuntiis
1496 2438 1579 2513 dicti
1594 2440 1686 2535 regis

272 2563 332 2655 qui
349 2561 447 2657 apud
457 2563 622 2633 Sanctum
636 2561 841 2632 Flavianum
853 2557 900 2654 (t)
914 2567 1115 2654 expectant,
1133 2579 1194 2652 pro
1211 2568 1309 2654 parte
1320 2567 1379 2632 tua
1394 2559 1440 2632 de
1451 2561 1525 2656 ipsa
1538 2563 1686 2658 pecunia

277 2693 410 2757 tantum
427 2683 605 2778 assignent
624 2682 720 2776 quod
737 2703 784 2754 ex
809 2703 851 2754 ea
867 2703 975 2776 quam
991 2691 1071 2755 tuus
1092 2691 1127 2754 et
1147 2681 1378 2776 predictorum
1396 2686 1508 2757 nuntii
1527 2686 1687 2760 dederint

275 2809 430 2903 quinque
444 2807 591 2879 miIIium
611 2807 793 2880 unciarum
811 2827 976 2878 numerus
995 2807 1218 2901 compleatur.
1234 2807 1305 2880 Neo
1323 2808 1483 2882 volumus
1501 2810 1597 2904 quod
1613 2811 1687 2906 ipsa

276 2933 425 3028 pecunia
446 2931 601 3005 exactori
628 2939 756 3004 statuto
779 2931 837 3002 vel
857 2930 915 3002 alii
940 2930 1061 3002 nuntio
1084 2939 1200 3002 nostro
1226 2929 1381 3004 delaturo
1401 2953 1479 3004 eam
1500 2933 1547 3006 ad
1563 2955 1626 3007 nos
1649 2945 1688 3008 ut

277 3057 385 3152 Ipsam
414 3055 617 3128 decumam
643 3064 758 3127 nostra
785 3053 859 3147 regi
883 3053 1065 3126 mictamus
1088 3053 1261 3149 predicto,
1282 3055 1476 3150 assignetur
1495 3055 1558 3153 (c),
1577 3057 1640 3131 sed
1666 3079 1688 3131 a

276 3179 402 3250 vestris
417 3178 580 3250 manibus
595 3199 656 3272 per
672 3186 805 3252 vestros
823 3177 964 3250 nuntios
979 3187 1070 3250 recta
1092 3177 1151 3250 via
1170 3199 1284 3273 usque
1302 3177 1349 3252 ad
1369 3179 1531 3252 Sanctum
1554 3180 1689 3255 Fluctu-

277 3323 360 3372 uum
377 3310 414 3374 et
436 3299 482 3374 ad
506 3323 623 3395 regem
645 3300 772 3374 deinde
795 3300 1049 3374 transmiotatis.
1077 3299 1180 3386 Quod
1204 3301 1235 3374 si
1259 3311 1327 3374 tam
1351 3303 1418 3376 cito
1441 3312 1511 3377 tota
1535 3303 1690 3400 predicta

274 3424 451 3518 quantitas
465 3426 601 3519 Integra
615 3426 778 3498 intervos
796 3435 865 3497 tres
880 3447 973 3496 nuuc
986 3423 1107 3498 baberi
1119 3447 1188 3498 nou
1204 3436 1331 3521 posset,
1348 3427 1394 3500 ad
1408 3428 1524 3502 miuus
1541 3439 1690 3526 quatuor

278 3547 371 3620 milia
386 3549 445 3620 vel
468 3546 514 3621 ad
530 3547 646 3620 minus
668 3547 734 3621 tria
751 3548 847 3620 milia
868 3548 982 3620 statim
1007 3557 1041 3621 et
1064 3549 1289 3622 incontinenti
1312 3551 1348 3620 in
1364 3572 1501 3626 omnem
1526 3563 1689 3628 eventum

168 3683 175 3699 ·
277 3670 468 3744 transmieti
482 3679 635 3768 oportet;
658 3679 693 3743 et
712 3679 751 3743 tu
769 3693 870 3744 cures
887 3671 1086 3745 omnimodo
1101 3672 1197 3766 quod
1212 3674 1413 3762 mictantur,
1434 3677 1524 3749 sicut
1540 3687 1689 3751 nostram

275 3794 422 3886 gratiam
440 3814 555 3866 caram
568 3792 700 3886 habes,
717 3794 765 3867 ita
784 3804 896 3868 tamm
913 3794 1009 3889 quod
1026 3816 1088 3889 pro
1110 3803 1205 3889 parte
1223 3805 1282 3868 tua
1298 3805 1331 3866 et
1350 3795 1521 3870 dIctorum
1534 3800 1690 3892 justitia·

277 3917 407 3990 riorum
418 3915 493 3988 sive
506 3917 617 4010 prima
631 3917 707 3990 sive
724 3917 969 3992 secundarios
982 3927 1053 3992 tota
1065 3917 1220 4014 predIcta
1236 3921 1411 4013 quantitas
1425 3923 1581 4014 ejusdem
1597 3924 1689 4020 regr's

280 4039 410 4113 nuntiis
432 4039 645 4131 assignatum
664 4050 867 4137 recepturus
889 4051 1004 4116 autem
1022 4040 1066 4115 de
1084 4041 1148 4138 bys
1169 4063 1238 4136 que
1260 4042 1399 4118 dedens
1420 4045 1582 4120 idoneam
1602 4068 1690 4142 apo-

280 4161 414 4234 dixanr.

325 4287 452 4358 Datum
470 4286 689 4378 Tuscauelle,
705 4287 734 4359 II
751 4286 881 4378 martii,
897 4286 974 4358 XIII
992 4286 1199 4362 indictionis.

321 4457 363 4538 (ο)
383 4459 481 4522 Iocus
498 4467 534 4522 ut
546 4461 663 4524 videtur
676 4463 800 4524 mutilus
815 4480 824 4522 ι
840 4463 963 4525 torsttcn
979 4465 1134 4542 tegendum
1148 4472 1207 4528 cto
1221 4465 1257 4528 n.
1276 4465 1311 4527 dc
1323 4467 1517 4550 Montenipro,
1533 4475 1604 4544 etn,
1615 4485 1688 4548 pro·

281 4565 421 4627 mma.

323 4668 363 4750 (t)
384 4672 421 4733 ln
434 4673 579 4750 impresso
588 4669 784 4752 mousom,
801 4676 888 4737 maIe.

324 4775 361 4856 (θ)
383 4776 421 4838 1¹1
433 4781 577 4856 mim
589 4797 649 4842 nco
661 4781 846 4863 maiomam
860 4782 1017 4846 detentum
1032 4800 1102 4846 veru
1116 4800 1190 4863 oon,
1205 4787 1263 4848 ntst
1281 4803 1370 4866 snpra
1383 4787 1496 4868 tegatur
1507 4795 1537 4852 ot
1548 4784 1687 4852 volcmar.
