4358 5996
536 641 597 704 976
1036 645 1255 708 ualonutct
1279 645 1455 708 sucuuut
1760 647 1840 726 [lar.
1858 647 1949 710 124⁰.

536 774 692 850 fidelitati
719 777 779 852 lue
810 779 1034 877 precipiendo
1061 781 1268 856 mandamus
1293 791 1464 878 qnatenus
1492 801 1611 854 ornnes
1636 792 1842 856 mercatores
1866 805 1952 878 pre·

537 899 648 974 dictos
668 923 756 996 qnos
776 901 823 977 ad
846 903 977 977 dictum
997 905 1162 998 Maiorem
1183 904 1360 1001 quondam
1385 913 1555 978 secretum
1580 899 1784 979 miseramus
1807 907 1951 980 solven-

536 1023 614 1116 dos,
635 1025 781 1122 receptis
794 1025 840 1100 ab
863 1028 915 1100 eis
930 1027 1059 1102 lictoris
1076 1029 1200 1102 nostris
1213 1028 1411 1124 patentibus
1432 1049 1530 1123 quas-
1543 1025 1672 1102 habent
1691 1027 1738 1102 dc
1756 1031 1952 1124 quantitate

536 1149 684 1245 pecunie
695 1170 802 1244 qnam
817 1148 946 1224 h'abere
959 1149 1087 1225 debent
1099 1161 1135 1224 et
1149 1151 1276 1224 clausis
1288 1151 1392 1224 etiam
1412 1171 1500 1246 quas
1512 1149 1607 1226 dioto
1622 1151 1801 1246 quondum
1815 1158 1951 1224 secreto

536 1273 763 1347 mictebamus
775 1295 839 1370 pro
855 1273 1014 1349 iacienda
1030 1275 1201 1348 solutione
1217 1274 1467 1348 mercatoribus
1479 1274 1577 1370 ipsis,
1597 1275 1790 1348 secundum
1802 1275 1950 1348 lormam

535 1405 740 1472 ettenorum
762 1419 899 1492 earum,
925 1398 1005 1472 licet
1022 1399 1059 1472 in
1081 1399 1133 1474 eis
1154 1420 1280 1472 nomen
1304 1397 1452 1495 predicti
1480 1400 1660 1494 qnondam
1685 1400 1808 1473 secreti
1830 1397 1952 1472 conli-

535 1529 672 1611 neatur,
698 1521 815 1616 siper
838 1543 919 1595 eum
942 1523 1117 1596 inveneris
1134 1523 1267 1618 integre
1290 1542 1359 1595 non
1376 1523 1524 1608 solutos,
1549 1531 1588 1594 tu
1611 1523 1657 1596 dc
1680 1523 1829 1619 pecunia
1852 1522 1953 1593 curie

535 1653 734 1738 nostreque
750 1655 801 1718 est
818 1667 883 1741 per
901 1667 1026 1718 manus
1044 1655 1121 1719 tuas
1143 1655 1348 1718 mercatores
1368 1645 1461 1741 ipsos
1485 1645 1626 1719 studeas
1646 1647 1819 1741 quietare,
1838 1645 1890 1716 sic
1912 1644 1951 1716 in

535 1767 666 1841 eisdem
680 1767 854 1842 solvendis
865 1767 1014 1865 diligens
1032 1781 1067 1842 et
1082 1768 1262 1843 studiosus
1276 1770 1429 1841 existens
1443 1791 1489 1842 ns
1502 1791 1565 1864 per
1577 1790 1706 1842 moram
1721 1769 1817 1841 curia
1832 1777 1953 1840 nostra

535 1893 689 1964 incurrat
708 1891 890 1988 dispendia
911 1915 1108 1966 usurarum.
1132 1894 1184 1965 Tu
1203 1913 1286 1966 veru
1308 1893 1538 1966 desolatione
1555 1913 1661 1987 Qum
1676 1891 1761 1988 ipsis
1781 1886 1948 1989 [recensi

536 2014 611 2089 lieri
634 2016 741 2088 facias
769 2017 998 2111 competentia
1023 2017 1150 2112 scripta
1176 2015 1221 2090 ad
1248 2018 1417 2089 cautelam
1449 2016 1544 2088 curie
1569 2025 1704 2105 nostre,
1734 2025 1770 2087 et
1794 2013 1951 2086 aichdo-

534 2139 650 2210 minus
668 2139 802 2212 licteras
820 2149 954 2214 nostras
967 2161 1055 2236 quas
1069 2139 1197 2214 habent
1212 2151 1281 2240 tam
1296 2148 1451 2236 patentes
1468 2161 1576 2234 quarn
1593 2140 1728 2213 clausas
1739 2138 1889 2232 recipias
1903 2136 1949 2209 ab

535 2261 679 2336 eisdem.

583 2388 708 2457 Datum
721 2385 839 2480 Fogie,
858 2385 903 2459 Vl
919 2385 1040 2479 madii,
1056 2387 1133 2460 XIII
1149 2386 1360 2484 indictionis.

583 2507 718 2580 Similes
739 2508 874 2602 scripsit
896 2507 1010 2582 eidem
1025 2531 1088 2605 pro
1108 2509 1265 2584 lobaunc
1280 2509 1498 2583 Carboncello
1517 2518 1552 2582 et
1567 2510 1671 2581 tratre
1687 2508 1765 2599 ejus
1781 2515 1950 2579 mercato·

534 2629 631 2702 ribus
646 2629 691 2704 de
707 2629 884 2704 solvendis
901 2633 1014 2705 unciis
1030 2633 1115 2706 Cilll
1128 2632 1175 2708 ad
1192 2635 1353 2728 generals
1367 2633 1518 2729 pondus,
1534 2653 1598 2728 pro
1612 2640 1734 2704 mutuo
1749 2631 1845 2726 qnod
1859 2631 1950 2703 lece·

535 2762 615 2826 runt
630 2753 667 2824 in
687 2774 836 2827 camma
1531 2761 1535 2768 ’

583 2875 717 2950 Similes
732 2899 796 2974 pro
816 2879 917 2950 Petro
934 2876 981 2952 de
998 2879 1198 2974 Algamobo
1213 2888 1249 2955 et
1264 2880 1370 2954 sociis
1387 2879 1633 2952 mercatoribus
1649 2877 1823 2952 Romanis.

604 3001 680 3088 ille
705 3002 875 3096 imperiali
901 3003 1058 3076 mundato
1081 3007 1172 3096 sacto
1189 3027 1254 3100 per
1276 3006 1474 3100 empireum
1494 3003 1662 3076 Alienum
1686 3002 1816 3096 erupit
1843 3000 1886 3072 G.
1909 2999 1950 3070 dc

537 3121 714 3196 amentia:
1501 3159 1504 3167 ¹

584 3247 802 3341 Frcdcricns,
821 3260 904 3342 etc,
924 3251 1023 3324 Petro
1048 3251 1093 3324 de
1115 3251 1270 3324 Calabria
1289 3250 1473 3344 justitiario
1496 3250 1599 3324 totius
1621 3250 1753 3341 Sicilie,
1776 3257 1843 3320 etc.
1862 3245 1948 3318 Cum

537 3369 688 3443 Obberto
710 3371 972 3446 Fallamonacbo
998 3371 1164 3448 doanerio
1190 3373 1236 3448 de
1253 3375 1409 3466 secretis,
1434 3384 1519 3464 eto,
1543 3373 1706 3446 dedimus
1727 3393 1790 3466 per
1812 3379 1950 3442 nostras

537 3492 671 3566 lictores
696 3493 733 3565 in
751 3495 923 3568 mandatis
936 3505 975 3568 ut
992 3495 1160 3591 quosdam
1178 3507 1383 3572 mercatores
1403 3497 1464 3592 qui
1482 3517 1618 3570 camere
1633 3503 1749 3568 nosue
1767 3491 1948 3588 pecuniam

539 3627 756 3709 meluerunt,
777 3619 932 3712 quietare
950 3619 1074 3693 debeat
1091 3621 1127 3692 in
1147 3621 1316 3716 presenti,
1338 3629 1373 3694 et
1387 3621 1471 3716 quia
1491 3620 1666 3713 quantitas
1683 3617 1831 3713 pecunie
1843 3633 1949 3710 Qum

539 3739 667 3814 babere
680 3740 809 3814 debent
822 3751 857 3814 et
873 3743 1052 3818 solutionis
1070 3744 1237 3818 terminus
1255 3745 1447 3818 imminete
1464 3743 1600 3834 vicino,
1619 3743 1742 3836 inquo
1760 3740 1791 3812 si
1807 3734 1950 3834 quietati

539 3886 609 3938 non
637 3874 767 3958 essent,
799 3866 896 3940 curia
917 3877 1032 3940 nostra
1059 3867 1249 3964 dampnum
1272 3868 1461 3940 incurreret
1487 3889 1687 3958 usurarum,
1716 3863 1764 3936 ad
1785 3857 1949 3934 evitanda

541 3987 692 4083 dampna
712 3987 787 4084 ipsa
809 3989 1027 4085 providimus
1049 3991 1145 4086 quod
1169 4013 1249 4064 cnm
1271 3991 1365 4066 idem
1386 3999 1537 4064 secretus
1560 3990 1606 4063 de
1622 3983 1872 4084 quantitatibus
1893 4001 1948 4052 se·

540 4113 646 4184 cretie
666 4112 892 4187 sufficientem
908 4115 1091 4212 pecuniam
1107 4137 1177 4188 non
1192 4115 1319 4189 habeat
1334 4116 1371 4188 iu
1389 4114 1558 4212 presenti,
1580 4112 1626 4186 de
1643 4110 1791 4208 pecunia
1813 4106 1951 4178 collecte

540 4235 655 4308 Sicilie
676 4259 788 4331 usqne
803 4237 850 4309 ad
865 4239 901 4310 M
916 4239 1037 4312 uncias
1057 4238 1171 4313 eidem
1186 4250 1319 4313 secreto
1337 4237 1466 4312 debeas
1480 4235 1533 4333 (a)
1553 4233 1703 4308 mutuari
1723 4230 1853 4327 quibus
1874 4245 1951 4324 pre·

541 4356 654 4432 dictos
681 4367 887 4432 mercatores
909 4361 1091 4456 expediat;
1111 4383 1200 4457 quas
1223 4360 1461 4466 unciasidem
1488 4365 1640 4434 secretus
1663 4349 1885 4452 postmodum
1909 4343 1952 4418 de

542 4482 766 4578 proventibus
798 4482 942 4556 secretio
964 4507 1070 4581 qnam
1100 4485 1211 4582 primo
1239 4485 1406 4584 receperit
1433 4485 1496 4558 tibi
1521 4481 1646 4559 debeat
1678 4476 1855 4570 resignare
1892 4486 1952 4564 ΡΝ)

585 4727 627 4809 (a)
647 4731 684 4793 In
696 4731 838 4810 impressu
850 4729 962 4814 blut,
973 4733 1062 4797 mtk.
