4468 6010
1031 669 1247 734 ruinarum
1274 668 1449 732 saeuum
1756 665 1836 750 [aaa
1852 667 1939 732 rasa

740 955 1738 980 mmmm

205 1319 209 1332 ,
348 1236 485 1338 ,imp
585 1225 765 1311 Mandata
787 1225 893 1310 varia
913 1227 962 1309 de
980 1223 1164 1336 jumentis
1182 1221 1441 1334 cooperiendis
1458 1245 1529 1332 pro
1553 1219 1731 1306 habenda
1748 1183 1943 1332 ,equorum

532 1369 571 1444 et
587 1359 782 1443 mulorum
799 1358 922 1468 copia.

616 1559 745 1642 (Rapui.
763 1560 866 1640 imper.
881 1555 1002 1620 stada.
1017 1557 1056 1632 11,
1071 1556 1122 1620 lul.
1139 1565 1178 1620 tta
1192 1572 1293 1636 veram
1307 1557 1340 1616 tu
1352 1555 1423 1616 adit.
1439 1551 1577 1633 caruem,
1591 1570 1623 1632 p.
1640 1551 1724 1637 tlt.)

469 1719 472 1732 ¹
581 1735 629 1806 De
648 1733 818 1828 imperiali
836 1731 995 1804 mundato
1011 1733 1099 1823 [coto
1110 1752 1173 1825 per
1185 1729 1386 1822 amatam
1401 1729 1443 1801 lt.
1467 1727 1507 1801 da
1534 1729 1683 1822 Trojecto
1697 1727 1831 1824 serpso
1846 1725 1886 1798 G.
1905 1726 1945 1798 de

537 1861 658 1932 l'occo:
997 1875 999 1883 ⁴

582 1979 800 2070 Fredericus,
818 1985 902 2066 eta,
919 1975 1042 2068 llujori
1058 1975 1103 2048 de
1116 1975 1329 2050 Plaucatoue
1347 1983 1492 2066 secrato,
1510 1984 1578 2052 etc.
1597 1975 1813 2072 Quiaplaoet
1827 1973 1945 2048 excel·

535 2104 639 2182 leutie
656 2112 771 2176 nostre
786 2110 826 2176 ut
845 2101 882 2172 iu
898 2121 1006 2192 regno
1026 2107 1144 2176 nostro
1164 2098 1279 2174 Sicilie
1296 2100 1470 2176 mulorum
1489 2101 1580 2174 sicut
1605 2109 1640 2174 et
1661 2119 1830 2196 equorum
1848 2097 1946 2194 copia

521 2227 718 2312 nutriatur,
738 2245 818 2297 cum
833 2223 880 2296 ud
896 2221 1116 2296 commodum
1136 2221 1239 2294 etiam
1254 2221 1422 2316 pertineat
1437 2223 1690 2318 subjectorum,
1707 2220 1864 2298 fidelitati
1886 2229 1944 2293 tue

535 2347 758 2446 precipiendo
786 2345 994 2419 mandamus
1019 2354 1192 2440 quatenus
1223 2345 1356 2440 ubique
1379 2367 1442 2442 per
1471 2347 1743 2439 jurisdictionem
1768 2355 1864 2420 tuam
1890 2345 1943 2416 iu·

531 2477 661 2568 jungas
682 2481 717 2545 et
740 2469 846 2542 iacias
872 2469 1047 2544 obseruari
1071 2468 1166 2562 quod
1191 2489 1311 2542 omues
1333 2469 1490 2543 homines
1508 2473 1663 2564 jumenta
1686 2469 1853 2544 habentes
1874 2488 1943 2540 uuo

535 2616 628 2670 auno
642 2596 688 2669 de
703 2593 803 2687 cquis
820 2593 938 2666 etalio
955 2613 1046 2666 anno
1069 2592 1116 2666 de
1132 2591 1240 2666 asinis
1255 2614 1296 2668 ea
1315 2593 1442 2666 iaciant
1457 2594 1625 2690 cooperiri
1648 2601 1687 2667 ut
1702 2593 1754 2668 sic
1775 2611 1943 2688 equorum

536 2727 571 2794 et
594 2719 768 2792 mulorum
790 2716 889 2812 copia
913 2725 1042 2790 crescat
1060 2715 1097 2788 in
1117 2737 1224 2810 regno
1244 2724 1381 2806 nostro,
1404 2738 1544 2812 presens
1566 2715 1770 2791 mandatum
1793 2723 1944 2790 nostrum

535 2843 587 2918 sic
601 2843 731 2916 iaciens
745 2842 821 2914 sine
836 2837 971 2914 deiectu
989 2839 1120 2916 servari
1133 2839 1229 2934 quod
1247 2840 1445 2916 sollicitudo
1465 2851 1524 2916 tua
1540 2839 1724 2918 laudabilis
1737 2839 1820 2917 iude
1840 2861 1945 2936 uppu-

536 2976 609 3042 reat
623 2988 685 3062 per
700 2963 871 3040 effectum.
999 3031 1003 3042 .

585 3093 712 3164 Datum
730 3088 907 3183 Fulginei,
928 3089 1002 3164 vlll
1019 3087 1202 3178 februarii,
1223 3087 1300 3160 Xlll
1321 3085 1532 3160 indictionis.

584 3213 720 3286 Similes
735 3233 795 3306 per
809 3211 926 3286 omnia
942 3211 1078 3306 scripsit
1094 3211 1136 3282 lt.
1154 3209 1229 3307 (0.)
1243 3210 1507 3284 Fallemonacho
1521 3218 1652 3286 secreto
1669 3210 1843 3286 Panormi.

585 3336 720 3408 Similes
736 3335 777 3408 G.
795 3334 841 3408 de
857 3333 1016 3428 Anglone
1027 3333 1213 3426 justitiario
1230 3334 1266 3405 in
1284 3333 1399 3408 Sicilia
1416 3335 1501 3408 citra
1515 3335 1644 3408 llumen
1661 3335 1808 3408 Salem

585 3457 722 3530 Similes
740 3457 780 3530 lt.
804 3455 851 3531 do
866 3456 997 3530 Amicis
1004 3457 1189 3550 justitiario
1211 3456 1326 3530 Sicilie
1339 3457 1429 3530 ultra
1443 3456 1574 3530 flumen
1587 3459 1735 3532 Salsum.

586 3580 722 3655 Similes
735 3578 779 3652 Α.
795 3579 841 3654 de
853 3577 1038 3674 Aquaviva
1047 3579 1233 3673 justitiario
1250 3575 1366 3678 [terre]
1383 3581 1525 3655 ldmuti.

586 3705 662 3791 Que
679 3723 800 3778 omnes
818 3712 900 3777 sunt
917 3703 1090 3799 assignate
1111 3702 1280 3799 portanda
1297 3705 1429 3780 notario
1452 3704 1584 3780 Simoni
1601 3703 1648 3780 de
1662 3703 1832 3796 Augusta.

369 4288 485 4382 Batulum,

355 4383 490 4428 alterumn.

589 4311 813 4396 Mandatum
842 4311 893 4393 ad
911 4317 1097 4393 secretum
1123 4307 1318 4394 Messanae
1335 4314 1379 4392 ut
1405 4331 1592 4416 expensas
1617 4303 1793 4390 exhibere
1814 4303 1949 4389 debeat

535 4443 697 4528 iohanni
711 4443 884 4526 Bruncae
901 4441 1086 4552 magistro
1103 4439 1322 4524 machazeui
1339 4440 1534 4530 Messanae
1553 4447 1591 4523 et
1608 4437 1693 4524 aliis
1709 4437 1881 4548 personis
1898 4437 1948 4522 ad

535 4575 638 4658 idem
655 4599 753 4682 opus
771 4573 974 4682 deputatis.

618 4773 747 4858 (neor.
760 4775 863 4858 smper.
877 4771 998 4839 mera.
1011 4774 1052 4854 ιι,
1069 4773 1122 4836 ror.
1139 4783 1177 4838 aa
1189 4789 1290 4850 vum
1304 4773 1338 4835 u
1350 4773 1422 4836 suu.
1435 4771 1572 4850 caan„
1587 4788 1618 4852 p.
1636 4769 1720 4851 aaa.)
