4374 6010
553 717 614 780 936
1058 721 1274 786 laluualcl
1298 723 1472 786 sacellos
1757 752 1758 756 =
1778 725 1860 806 [Ass.
1880 725 1973 787 lato.

634 845 877 930 (1000000000.
892 848 1013 912 liade.
1029 853 1074 930 11,
1089 853 1142 916 tol.
1160 863 1217 916 404
1231 871 1333 928 rursm
1348 855 1381 916 ln
1394 853 1465 916 edlt.
1479 852 1618 929 mres..
1628 869 1662 931 p.
1674 853 1758 933 400.)

601 999 649 1070 De
667 999 779 1071 eodem
795 1000 952 1074 00000000
968 1003 1103 1097 sorpsit
1117 1003 1231 1076 idem:

600 1121 824 1216 Frederions,
857 1133 942 1214 ete,
966 1125 1094 1218 bajulis
1118 1125 1257 1218 Ariani,
1289 1135 1356 1200 etc.
1386 1122 1602 1220 Significavit
1624 1125 1829 1198 excellentie
1851 1133 1975 1199 nostre

551 1244 726 1318 lohannes
739 1246 786 1320 da
799 1247 922 1320 Donno
936 1249 1068 1322 Marino
1080 1247 1192 1324 fidelis
1203 1258 1318 1322 noster
1329 1248 1425 1344 quod
1439 1271 1519 1322 cum
1530 1250 1605 1344 ipse
1618 1247 1760 1320 duceret
1771 1249 1816 1322 ad
1833 1251 1974 1322 curiam

551 1379 702 1442 nostram
714 1370 902 1465 quemdam
917 1391 1046 1466 equum
1062 1374 1242 1448 stelionem
1255 1373 1351 1447 curie
1365 1381 1481 1446 nostre
1493 1381 1529 1445 at
1540 1394 1620 1444 com
1631 1393 1674 1446 eo
1687 1372 1782 1468 apud
1797 1372 1972 1445 Manum

551 1493 756 1586 perveniens
774 1495 863 1568 ultra
881 1494 1010 1570 ducere
1023 1517 1093 1570 non
1111 1505 1228 1592 posset
1242 1519 1323 1572 anm
1337 1497 1422 1592 qnia
1440 1494 1690 1588 infirmabatur,
1704 1496 1817 1592 ipsum
1833 1495 1972 1570 dimisit

550 1615 694 1689 ibidem.
710 1617 826 1703 Quare
842 1616 1000 1692 fidelitati
1018 1629 1133 1694 vestre
1153 1621 1361 1694 mandamns
1381 1629 1552 1714 quatmus
1567 1621 1746 1694 stallonem
1763 1619 1932 1694 eumdem
1948 1642 1971 1695 a

551 1742 682 1836 prolato
698 1741 855 1814 lohanne
876 1743 1081 1837 recipientes
1101 1745 1234 1818 faciatis
1258 1747 1373 1840 ipsum
1394 1743 1579 1839 diligenter
1601 1743 1766 1817 custodiri
1781 1765 1969 1838 quousque

551 1886 658 1938 sanus
670 1865 770 1938 tuerit
781 1873 816 1938 et
826 1887 949 1938 sanum
962 1867 1009 1941 ad
1021 1876 1171 1940 nostram
1186 1867 1317 1940 curiam
1332 1867 1587 1960 transmictatis,
1602 1868 1767 1940 iacientes
1776 1875 1969 1940 memorato

549 1988 697 2060 Iohanni
720 1989 851 2063 exinde
868 1989 1068 2086 apodixem.

597 2115 722 2186 Datum
737 2112 920 2206 Coronate,
938 2113 1079 2186 xxvlll
1092 2114 1237 2210 aprelis,
1254 2115 1330 2188 Xlll
1346 2115 1558 2190 indictionis.

597 2237 770 2332 Scriptum
785 2245 839 2310 est
854 2236 968 2310 eidem
982 2237 1129 2312 Iohanni
1148 2237 1244 2332 quod
1261 2237 1413 2332 assignet
1432 2239 1560 2332 bajulis
1577 2237 1663 2335 ipsis
1680 2237 1859 2310 stallonem
1877 2257 1967 2332 pre-

542 2360 681 2468 dictum
699 2367 734 2433 et
748 2358 891 2456 recipiat
913 2359 959 2433 ab
975 2361 1025 2434 eis
1044 2360 1175 2435 exinde
1192 2360 1397 2458 apodixem.

766 2655 1070 2668 —n—-u-q—-nn-—n-

430 2938 443 2970 ⁸
481 2960 492 3026 .'
596 2917 775 3001 Mandata
799 2917 849 3000 ad
873 2917 1097 3028 justitiarios
1127 2917 1236 3030 regni
1260 2927 1304 3002 ut
1332 2917 1475 3002 milites
1503 2929 1677 3004 strennos
1703 2927 1741 3002 et
1761 2917 1860 3001 bene
1885 2943 1962 3001 ar-

542 3061 667 3136 matos
683 3051 725 3134 in
743 3051 909 3162 praefixo
934 3051 1096 3136 termino
1114 3053 1164 3136 ad
1180 3053 1435 3163 praesentiam
1452 3051 1638 3163 principis
1655 3055 1822 3136 mittant.

623 3249 751 3333 (deperi.
767 3251 870 3332 impar.
884 3249 1001 3312 d'rcdu.
1015 3251 1060 3330 11,
1076 3252 1127 3314 iol.
1147 3251 1203 3314 10'5
1218 3259 1313 3329 raoto;
1325 3255 1358 3314 ln
1371 3253 1443 3314 edlt.
1458 3251 1598 3328 ceron,
1610 3269 1642 3332 p.
1657 3251 1742 3331 400.)

590 3424 768 3497 Mundootc
789 3425 919 3497 0000000
936 3427 1134 3520 imperatore
1149 3450 1212 3522 per
1227 3429 1424 3522 nuculeum
1438 3427 1637 3502 discordum
1656 3428 1789 3522 scripsit
1806 3428 1960 3500 nowtius

541 3549 584 3620 R.
601 3543 640 3619 dc
658 3549 795 3621 Saletmo
814 3572 823 3616 :
1021 3571 1024 3576 ·

589 3672 813 3763 Fredericus,
836 3681 919 3764 000.,
938 3673 1108 3768 Roggario
1137 3672 1182 3745 de
1207 3672 1338 3746 Amicis
1358 3674 1544 3766 justitiario
1570 3673 1685 3766 Sicilie
1712 3675 1802 3748 ultra
1826 3675 1961 3748 llomen

540 3799 689 3890 Salsum,
708 3807 774 3871 etc.
794 3797 890 3870 Sicut
902 3819 963 3894 per
976 3797 1062 3870 alias
1077 3797 1212 3870 lieteras
1226 3808 1362 3870 nostras
1373 3797 1437 3870 tibi
1454 3797 1637 3870 recolimus
1652 3797 1876 3871 mandavisse
1887 3798 1956 3890 (l),

539 3924 591 3996 sio
612 3923 733 3996 iterato
752 3921 909 3996 fidelitati
928 3931 989 3994 tue
1011 3921 1163 3995 districte
1182 3919 1405 4017 precipiendo
1422 3920 1630 3994 mandamus
1654 3931 1827 4016 quatenns
1849 3922 1956 4017 quin·

539 4047 650 4120 decim
665 4047 792 4120 milites
816 4047 862 4120 de
879 4047 1117 4139 jurisdictione
1139 4057 1200 4118 tua
1217 4057 1376 4119 strennos
1399 4046 1592 4138 etelectus,
1612 4047 1732 4138 summ,
1754 4045 1872 4140 equis,
1892 4067 1957 4119 00-

539 4171 645 4268 pertis
657 4169 775 4242 ferreis
786 4178 822 4243 et
836 4170 957 4242 ceteris
969 4168 1150 4266 oportunis
1161 4167 1324 4242 decenter
1341 4170 1495 4243 munitos
1512 4170 1560 4243 ad
1575 4169 1783 4266 presentiam
1800 4177 1957 4243 nostram

538 4293 724 4366 cumomni
737 4293 910 4366 eeleritate
922 4293 1061 4384 mictas;
1076 4292 1124 4366 ita
1135 4292 1232 4388 quod
1248 4293 1285 4364 in
1301 4291 1439 4388 prolixo
1453 4293 1516 4366 tibi
1531 4293 1677 4367 termino
1693 4292 1788 4390 apud
1801 4293 1954 4389 Capuam

538 4437 576 4488 se
597 4437 714 4490 coram
739 4416 839 4490 nobis
862 4424 1077 4512 presentent;
1105 4417 1246 4490 solvens
1270 4417 1413 4490 cuilibet
1431 4439 1552 4492 eornm
1570 4438 1633 4513 pro
1656 4417 1777 4490 solidis
1801 4416 1949 4491 duorum

537 4541 710 4613 mensium
724 4539 845 4612 uncias
863 4539 939 4613 anri
957 4539 1076 4614 decem
1092 4539 1140 4614 ad
1158 4540 1297 4637 pondos
1312 4540 1409 4614 curie
1426 4540 1472 4614 de
1493 4540 1642 4638 pecuma
1659 4541 1830 4637 presentis
1847 4561 1950 4636 gene-

1031 4729 1159 4742 m
1767 4727 1947 4740 ιιι-ι--α-υ-

572 4838 608 4912 (0)
628 4837 686 4898 llid.
702 4853 792 4913 supra,
808 4839 844 4898 i'l
857 4835 959 4912 aprilis,
973 4853 1002 4912 p.
1018 4837 1080 4896 900.
