4564 6038
858 713 1163 774 aooiiaiiuiirii.

362 1332 548 1415 Venetici
571 1331 776 1414 Januenees
799 1331 848 1412 ed
874 1331 1157 1440 requisitionem
1183 1356 1303 1439 papae
1330 1330 1432 1438 apud
1452 1331 1613 1413 Romam
1639 1357 1714 1438 pa·
1830 1327 1845 1357 ‘¹

292 1491 393 1568 ,cem
411 1491 480 1574 per
496 1464 729 1547 novennium
756 1463 907 1568 ineunt,
929 1463 1000 1545 sibi
1026 1463 1075 1544 ad
1100 1461 1261 1544 invicem
1284 1461 1467 1544 auxilium
1492 1471 1624 1544 contra
1650 1461 1715 1544 of-

311 1597 479 1680 fensores
505 1595 783 1705 promittendo,
813 1595 885 1676 sub
919 1621 965 1677 ea
992 1594 1200 1702 specialiter
1227 1592 1468 1701 stipulatione
1490 1593 1594 1700 quod
1618 1617 1715 1674 con-

311 1729 481 1810 cordiam
504 1711 570 1808 seu
588 1752 721 1835 pacem
739 1752 828 1807 cum
846 1726 1034 1808 Friderico
1054 1727 1279 1835 imperatore
1301 1749 1378 1807 nou
1405 1724 1542 1806 facient
1568 1724 1642 1805 nisi
1669 1724 1716 1807 de

312 1886 499 1944 consensu
517 1869 555 1942 et
571 1859 764 1943 uoluntate
781 1885 915 1966 papae.

394 2123 483 2204 (nuit
500 2141 550 2203 ap.
564 2125 669 2186 Fontes
679 2140 739 2184 rer.
753 2122 914 2198 Ameriae,
927 2143 984 2186 rw.
1000 2127 1118 2187 abihail.
1134 2123 1259 2206 Dtplom.
1275 2134 1304 2188 ct
1316 2131 1393 2206 actu,
1407 2130 1431 2186 t.
1445 2124 1519 2185 XIII
1524 2168 1535 2202 ,
1549 2141 1580 2202 p.
1595 2133 1664 2203 341,
1678 2139 1718 2184 ex

432 2231 499 2292 cod.
516 2231 656 2293 biblioth.
677 2232 710 2294 S.
729 2231 838 2309 Marci,
854 2231 1001 2308 CCXXX,
1017 2231 1068 2294 iol.
1088 2241 1136 2293 oi.
1156 2232 1366 2312 Apogrephum
1384 2229 1470 2292 valde
1486 2229 1661 2293 mendosum
1679 2229 1719 2290 ad

432 2336 559 2397 formem
572 2337 739 2397 nitidiorem
752 2335 951 2416 reduximus.)
965 2383 968 2393 ,

362 2575 402 2644 lu
416 2572 555 2644 nomine
568 2571 725 2660 Domini,
743 2593 857 2644 amen.
873 2573 942 2644 Nos
960 2572 1153 2668 Stephanus
1167 2572 1380 2644 lastinianus
1394 2581 1429 2644 et
1444 2571 1597 2645 Marinus
1609 2573 1720 2647 More-

314 2697 414 2768 ciuus
430 2695 534 2788 legati
546 2695 791 2768 ambasiatores
810 2704 845 2767 et
857 2695 981 2768 sindiei
998 2695 1128 2768 domini
1144 2696 1263 2768 iacobi
1281 2696 1425 2790 Teupoli
1444 2694 1559 2784 ducis,
1581 2698 1720 2769 nomine

315 2823 392 2914 ejus
407 2831 442 2893 ei
454 2819 725 2892 consiliariorum
740 2829 775 2891 et
791 2819 1210 2892 commuuisVauetiarum
1226 2841 1270 2892 ex
1291 2829 1386 2914 perte
1401 2841 1484 2911 uua,
1498 2827 1533 2892 et
1545 2820 1721 2892 Guielmue

315 2945 419 3036 Niger
441 2943 608 3014 Hebricus
624 2941 675 3038 (o)
693 2951 727 3013 et
751 2943 870 3014 Petrus
887 2943 1036 3014 Venetus
1060 2943 1161 3035 legati
1185 2943 1430 3014 ambasiatores
1453 2953 1488 3015 et
1511 2942 1634 3014 sindici
1657 2943 1722 3015 do·

315 3068 398 3139 mini
412 3063 537 3163 [Pauli]
553 3066 598 3138 de
610 3065 775 3136 Doresiua
792 3065 967 3158 potestatis
983 3076 1018 3136 et
1037 3066 1306 3138 consiliariomm
1323 3075 1357 3138 et
1377 3067 1569 3138 communis
1588 3067 1719 3158 tenue,

316 3170 406 3263 sicut
421 3199 564 3284 apparet
577 3211 623 3260 ex
636 3188 780 3259 termino
792 3189 908 3282 scripti
923 3189 1052 3281 publici
1069 3189 1212 3261 inferius
1225 3190 1392 3280 annotati,
1409 3190 1548 3261 nomine
1565 3187 1723 3283 ipiorum

316 3313 504 3406 potestatis,
531 3311 802 3383 consiliariorum
830 3321 865 3381 et
883 3311 1075 3382 communis
1095 3333 1141 3384 ex
1164 3313 1291 3400 altera,
1312 3312 1526 3384 concorditer
1546 3311 1724 3385 firmamus

317 3445 351 3508 et
364 3435 523 3507 volumus
534 3444 568 3507 et
584 3434 684 3507 uobis
699 3434 850 3506 vicissim
866 3443 899 3506 et
911 3435 1118 3508 sollemniter
1130 3436 1373 3530 stipulantibus
1386 3435 1613 3530 promittimus
1628 3435 1725 3530 quod

317 3560 439 3632 Veneti
457 3567 492 3630 et
506 3561 695 3631 Jauueuses
713 3560 863 3632 debeant
879 3571 912 3632 et
930 3569 1109 3632 teneantur
1122 3580 1160 3632 se
1177 3559 1329 3632 vicissim
1348 3559 1514 3652 adjuvare
1530 3561 1567 3631 iu
1587 3561 1673 3633 mari
1688 3561 1726 3633 iu

318 3681 478 3754 omuibus
492 3683 646 3775 partibus
657 3684 867 3776 ubicumque
885 3693 985 3754 eruut
1000 3683 1120 3756 Veneti
1136 3692 1171 3755 et
1191 3685 1380 3758 Jauueuses
1392 3693 1511 3757 contra
1528 3704 1648 3757 omues
1665 3685 1727 3780 qui

319 3803 411 3898 ipsos
423 3806 551 3878 velient
573 3806 759 3878 offendere.
778 3845 828 3860 —-
839 3808 923 3878 item
945 3806 982 3876 iu
998 3806 1132 3896 Sicilia,
1151 3807 1321 3899 Calabria,
1338 3806 1464 3902 Apulia
1479 3817 1514 3881 et
1530 3809 1727 3906 Principatu

320 3935 354 3998 et
372 3928 408 3998 iu
424 3929 578 4022 partibus
591 3930 817 4002 ultramarinis
831 3931 1041 4024 ubicumque
1054 3931 1193 4023 luerint,
1213 3931 1363 4005 debeam
1379 3953 1417 4004 se
1439 3932 1606 4026 adjuvare
1618 3935 1728 4007 vicis-

321 4051 386 4121 sim
403 4052 448 4122 ab
466 4051 626 4124 omuibus
642 4052 703 4146 qui
721 4053 848 4124 vellent
869 4055 1017 4126 Venetos
1040 4055 1095 4127 vel
1113 4057 1302 4129 Jauuouses
1319 4053 1517 4146 offendere,
1538 4067 1683 4152 excepto
1706 4079 1728 4131 a

320 4174 511 4246 Saracenis.
530 4215 580 4227 -
593 4177 677 4247 ltem
696 4178 726 4248 si
750 4177 868 4270 aliqua
886 4199 971 4270 gens
996 4177 1181 4250 christiana
1199 4181 1254 4251 vel
1275 4179 1398 4284 aliquis
1415 4180 1590 4252 cursarius
1607 4181 1728 4254 exierit

323 4295 358 4366 iu
377 4296 483 4386 mari,
506 4307 724 4392 preterquam
744 4301 780 4372 in
799 4301 885 4372 marl
905 4302 1084 4390 Romania,
1107 4301 1266 4374 videlicet
1289 4323 1310 4373 a
1328 4301 1427 4374 Cioco
1445 4303 1558 4398 (Cipro
1572 4303 1600 4398 i)
1616 4307 1726 4401 intus,

322 4429 578 4514 preterquama
599 4422 757 4495 Sardinia
779 4447 900 4497 versus
921 4435 1107 4521 ponentem
1129 4447 1209 4498 cum
1229 4427 1383 4520 quinque
1405 4427 1512 4516 galeis
1534 4437 1606 4503 eta
1628 4406 1733 4525 quin!

324 4563 394 4635 que
410 4565 514 4638 supra
526 4546 582 4617 vel
598 4567 677 4618 cum
689 4567 759 4618 uua
774 4550 855 4620 navi
873 4558 906 4620 et
919 4551 964 4622 ab
979 4571 1049 4620 uua
1062 4571 1167 4643 supra
1184 4549 1230 4623 ad
1247 4548 1496 4624 offendendum
1511 4551 1658 4627 Venetos
1676 4559 1733 4630 vel

368 4793 410 4874 (a)
432 4795 513 4858 lutra
525 4795 702 4875 chricuus,
716 4802 911 4862 verisimiliter
923 4801 1120 4865 nenium.
