4468 6010
340 1889 477 1988 talam

345 4513 474 4617 am

527 695 588 758 'ido
1028 695 1244 762 ralcnnlcl
1268 699 1443 762 saccant
1755 691 1834 778 [dn.
1852 693 1947 760 12⁴⁰..

525 837 643 904 mento
660 830 756 903 curie
771 838 886 904 nosne
907 851 1033 905 navem
1056 837 1165 906 unam
1189 833 1235 908 ds
1254 833 1405 909 navibus
1423 831 1519 906 curie
1538 838 1654 904 nosue
1676 828 1813 902 onerari
1835 827 1940 902 facias

525 961 561 1026 st
582 953 694 1048 ipsam
711 953 806 1050 apud
824 955 953 1051 Tyrum
979 954 1025 1029 ad
1044 955 1241 1051 predictum
1267 956 1507 1031 marescallum
1532 961 1686 1026 nostrum
1710 951 1937 1024 transmictm.

525 1074 562 1148 Si
581 1095 666 1150 vero
685 1075 721 1146 in
737 1076 894 1172 partibus
910 1077 995 1174 ipsis
1013 1077 1059 1152 de
1075 1079 1248 1154 frumento
1273 1079 1367 1152 curis
1387 1087 1503 1152 nostre
1520 1075 1639 1149 haberi
1656 1095 1726 1150 non
1744 1073 1880 1170 poterit,
1896 1072 1941 1145 de

525 1199 676 1292 pecnnia
692 1200 788 1272 curie
806 1209 922 1274 nostre
938 1223 1009 1296 qus
1027 1211 1080 1276 est
1096 1223 1159 1298 per
1176 1225 1301 1276 manus
1318 1211 1397 1275 tuas
1413 1222 1509 1275 emas
1525 1210 1562 1273 et
1576 1197 1663 1272 illud
1680 1196 1727 1271 ad
1745 1196 1948 1293 predictum.

526 1324 775 1396 marescalcum
789 1325 1011 1398 transmittas.

573 1447 699 1518 Datum
715 1446 887 1542 Fulgiuei,
908 1448 983 1521 Vlll
998 1449 1182 1541 februarii,
1192 1449 1271 1522 Xlll
1285 1449 1498 1524 indictionis.

579 1867 801 1954 Mandatum
829 1867 879 1949 ad
900 1865 1151 1976 justitiarium
1176 1867 1330 1988 Aprutii
1358 1867 1463 1977 quod
1496 1867 1678 1976 procedat
1709 1877 1842 1951 eontra
1870 1869 1941 1952 Ja-

525 2000 666 2085 cobum
694 1999 957 2106 Sacerdotem,
984 2009 1106 2082 terrae
1130 1999 1330 2083 Balncnsis
1356 1999 1628 2110 habitatorem,
1649 2001 1718 2110 qui
1744 2002 1943 2085 temeraria

525 2131 642 2218 uerba
659 2133 699 2213 in
717 2131 927 2241 principem
946 2131 1115 2240 prolerre
1133 2157 1209 2214 non
1229 2133 1369 2216 timuit.

608 2309 734 2392 (Repert.
749 2310 852 2390 inpar.
864 2307 984 2372 dream
1000 2309 1040 2382 ΙΙ,
1055 2309 1108 2372 lol.
1124 2319 1163 2372 ca
1178 2317 1273 2385 κοῖος
1288 2313 1321 2371 ln
1333 2311 1407 2372 edlt.
1422 2309 1560 2384 Cmean„
1574 2327 1606 2389 p.
1622 2311 1706 2391 tte.)

575 2461 750 2533 Decedam
766 2462 924 2534 mndata
942 2461 1110 2556 imperiali
1122 2461 1253 2554 soipat
1269 2461 1434 2534 tatrones
1455 2461 1496 2532 dc
1515 2461 1679 2534 ldroato:

577 2584 792 2676 Fredericus,
806 2593 890 2676 etc,
906 2585 945 2655 B.
959 2585 1115 2658 Pisciono
1125 2585 1311 2678 justitiario
1323 2585 1473 2681 Aprutii,
1487 2593 1553 2658 etc.
1566 2584 1819 2658 Denunciatum
1831 2607 1942 2681 nuper

528 2710 642 2782 extitit
659 2707 863 2781 excellentie
882 2717 997 2782 nostre
1017 2708 1114 2803 quod
1129 2709 1279 2782 lacobus
1292 2708 1459 2782 Sacerdos
1475 2708 1648 2780 habitator
1661 2716 1753 2782 terre
1764 2709 1941 2783 Balnensis

528 2841 656 2906 temere
682 2844 799 2906 contra
827 2831 991 2904 honorem
1021 2831 1183 2904 culminis
1203 2832 1331 2919 nostri,
1360 2853 1441 2904 oum
1467 2831 1659 2904 traderetur
1685 2831 1752 2904 sibi
1777 2833 1942 2929 scripturn

528 2955 784 3050 legitimationis
802 2953 951 3028 filiorum
969 2975 1112 3028 suorum
1130 2955 1227 3049 quod
1246 2954 1394 3050 gratiose
1412 2955 1479 3026 sibi
1500 2966 1617 3028 nostra
1640 2957 1829 3029 contulerat
1847 2956 1944 3029 celsi·

529 3078 635 3172 tudo,
663 3079 816 3174 prolerre
838 3099 908 3150 nou
935 3079 1048 3149 timuit
1074 3076 1170 3172 quod
1198 3089 1295 3172 gesta
1321 3089 1356 3151 et
1379 3076 1506 3172 scripta
1532 3087 1648 3150 nostra
1673 3079 1942 3168 convalerent,

530 3200 699 3297 quamdiu
718 3200 1085 3274 excommunicationis
1106 3199 1266 3290 vinculo,
1285 3200 1467 3296 sicutipse
1485 3199 1691 3274 mordaciter
1705 3201 1816 3291 dixit,
1840 3212 1944 3274 teue-

530 3346 648 3398 remur
669 3325 811 3398 astricti.
829 3324 914 3396 Cum
931 3323 1037 3418 igitur
1055 3335 1127 3398 tam
1152 3325 1367 3397 temerariam
1391 3324 1853 3420 presumptionemnostram
1873 3347 1942 3398 non

530 3447 653 3522 deceat
660 3447 900 3520 excellentiam
913 3447 1070 3538 tolerare,
1082 3446 1239 3521 fidelitati
1251 3455 1310 3518 tue
1322 3445 1544 3542 precipiendo
1556 3429 1943 3542 mandemusquatenus

531 3569 578 3643 de
597 3571 773 3665 premissis
796 3569 1055 3664 inquisitionem
1075 3569 1184 3642 iacias
1207 3568 1359 3642 debitam
1381 3579 1482 3642 caute
1505 3579 1540 3642 et
1556 3569 1758 3664 diligenter,
1777 3580 1816 3643 ut
1832 3571 1942 3660 nosti;

532 3702 569 3766 et
586 3715 627 3767 ea
648 3695 737 3766 lacta
759 3693 788 3766 si
807 3693 869 3766 tibi
887 3702 1043 3766 constare
1058 3693 1184 3788 poterit
1204 3693 1251 3766 de
1270 3693 1459 3766 temeritate
1474 3693 1645 3787 predicta,
1664 3693 1825 3770 eumdem
1842 3695 1947 3769 Jaco-

531 3815 617 3889 bum
642 3815 687 3890 de
703 3837 810 3911 regno
825 3825 942 3890 nostro
957 3818 1113 3912 expellas
1129 3815 1295 3890 infiscatis
1308 3815 1470 3890 omnibus
1487 3817 1588 3890 bonis
1603 3818 1687 3892 suis.

572 3939 706 4010 llatnm
720 3937 892 4034 Fulginsi‚
913 3939 987 4011 lllll
1005 3929 1187 4031 februarii,
1208 3939 1285 4012 Xlll
1303 3937 1516 4012 indictionis.

581 4061 712 4135 lietera
728 4062 793 4134 iste
806 4061 979 4155 assignate
994 4063 1134 4136 fuerunt
1148 4060 1300 4137 Berardo
1314 4060 1360 4134 de
1378 4061 1541 4152 Sulmoua
1559 4061 1810 4136 denunciatori.

585 4492 808 4578 Mandatum
827 4493 876 4574 ad
891 4492 1141 4603 Justitiarium
1159 4501 1281 4575 mirae
1298 4491 1443 4577 ldronti
1461 4492 1567 4604 quod
1581 4493 1777 4579 defensam
1795 4494 1946 4580 Terenti

532 4647 600 4732 per
615 4623 951 4744 Bartlpolomaeum
969 4625 1018 4708 de
1037 4625 1164 4708 Bessis
1182 4624 1364 4708 custodiri
1386 4624 1525 4725 faciat.

615 4783 742 4866 (Μαι.
756 4787 861 4867 imper.
876 4783 993 4848 Freder.
1007 4785 1048 4862 11,
1064 4784 1115 4847 tol.
1133 4792 1172 4846 ca
1186 4789 1282 4859 recto;
1297 4786 1328 4846 lu
1341 4785 1412 4848 edlt.
1429 4785 1567 4862 Curcum,
1582 4803 1613 4865 p.
1628 4783 1712 4868 tlt.)
