4524 6012
246 722 249 728 ,
295 661 389 718 lanum.
408 653 467 738 la]
719 650 917 712 HISTORIA
940 651 1234 714 orrnonattcd.
1647 651 1704 713 'tol

296 791 404 864 donec
432 799 547 861 nostre
575 787 743 878 majestati
766 787 933 882 placeret,
957 787 1040 880 quia
1062 797 1176 860 tamen
1203 807 1314 882 nuper
1340 785 1494 860 veridica
1519 789 1706 862 assertione

295 915 495 990 andivimus
514 911 608 1007 quod
632 909 725 983 dicta
740 909 870 984 Aroasa
888 931 1046 984 sororum
1069 931 1111 983 ao
1127 910 1330 984 feminarum
1352 919 1386 982 et
1403 911 1547 984 aliarum
1564 912 1707 1005 religio·

296 1061 407 1113 serum
426 1038 591 1110 vitamet
617 1035 815 1129 religionem
839 1043 1001 1127 sectatur,
1021 1056 1062 1107 ac
1085 1034 1176 1108 bona
1200 1034 1316 1108 omnia
1340 1043 1375 1106 et
1402 1043 1590 1128 proventus
1616 1045 1707 1110 terro

295 1163 446 1258 predicte
464 1183 535 1255 que
550 1157 597 1232 ad
611 1181 700 1254 opus
720 1158 931 1252 pupillorum
949 1159 1103 1254 ipsorum
1123 1158 1319 1232 conservari
1334 1157 1513 1250 deberent,
1532 1160 1567 1230 in
1586 1181 1706 1232 eorum

300 1285 540 1360 detrimentum
559 1305 640 1356 cum
661 1281 830 1376 religiosis
848 1281 1032 1372 consumit,
1053 1282 1207 1356 volentes
1226 1281 1316 1354 sicut
1333 1291 1489 1356 tenemur
1506 1281 1706 1356 eorumdem

297 1409 504 1506 pupillorum
521 1429 639 1481 curam
658 1427 777 1499 gerere
797 1415 831 1478 et
856 1405 1003 1496 habere,
1028 1405 1159 1478 balium
1182 1406 1335 1500 ipsorum
1350 1415 1384 1478 et
1404 1415 1494 1478 terre
1514 1407 1560 1479 ad
1583 1429 1707 1480 manus

297 1544 406 1607 nostre
439 1533 535 1605 curie
563 1531 731 1604 duximus
758 1529 1010 1622 revocandum3
1037 1528 1190 1603 fidelitati
1218 1539 1276 1604 tue
1302 1528 1510 1603 mandamus
1535 1541 1707 1626 quatenus

297 1659 436 1752 receptis
467 1655 534 1752 bys
562 1655 689 1728 lictoris
720 1654 851 1726 balium
876 1655 1085 1750 pupillorum
1111 1663 1146 1727 et
1178 1663 1265 1728 terre
1289 1654 1523 1750 predictorum
1546 1655 1593 1727 ad
1618 1677 1706 1749 opus

299 1779 387 1852 curie
408 1789 525 1851 nostre
548 1777 694 1873 recipias
711 1787 746 1849 et
768 1776 951 1870 diligenter
967 1777 1072 1848 iacias
1096 1777 1285 1871 procurari.
1306 1779 1355 1850 De
1377 1779 1600 1872 proventibus
1624 1801 1708 1851 vero

298 1903 447 1995 ejusdem
468 1913 556 1974 terro
572 1901 688 1974 omnio
704 1901 898 1974 necessaria
918 1901 1057 1995 pupillis
1075 1900 1159 1994 ipsis
1176 1901 1279 1972 lanias
1297 1901 1480 1972 ministrari
1496 1903 1599 1994 juxta
1613 1903 1708 1997 quod

299 2027 375 2121 ipsis
402 2026 534 2098 videris
557 2025 741 2120 expedire,
760 2023 990 2118 rescripturus
1010 2025 1110 2096 nobis
1127 2045 1189 2118 per
1211 2023 1339 2095 litteras
1357 2033 1435 2094 tuas
1459 2023 1618 2097 distincte
1644 2048 1708 2096 an-

299 2172 400 2222 nuum
419 2150 570 2222 valorem
591 2157 820 2242 proventuum
836 2157 925 2220 terre
941 2147 1041 2238 cujus
1057 2147 1187 2218 balium
1208 2147 1374 2218 haetenus
1396 2148 1471 2242 ipsa
1495 2149 1624 2220 Amase
1649 2172 1710 2243 per

299 2285 442 2346 nostram
459 2273 590 2345 curiam
609 2271 810 2366 procuravit
830 2279 866 2343 et
885 2291 906 2342 a
928 2291 999 2364 quo
1018 2279 1173 2364 tempore
1192 2271 1319 2342 balium
1339 2271 1451 2365 ipsum
1468 2272 1642 2358 exercuit,
1671 2281 1709 2344 ut

302 2399 376 2474 indo
395 2399 479 2472 certi
504 2397 746 2494 indempnitati
770 2397 978 2493 pupillorum
1000 2397 1152 2491 ipsorum
1172 2397 1355 2491 providere
1371 2397 1553 2492 possimus.

342 2525 466 2597 Datum
482 2521 622 2611 analdi,
646 2521 744 2594 XXX
761 2521 925 2613 januarii,
946 2521 1023 2592 Xlll
1041 2521 1252 2592 indictionis.

350 3001 571 3086 Mandatum
597 3003 649 3085 ad
675 3003 936 3086 Alexandrum
963 2995 1086 3089 filium
1109 3004 1259 3088 Henrioi
1284 3007 1515 3116 prodendis
1537 3009 1712 3117 expensis
1770 3086 1845 3127 aa.
1870 3058 1899 3124 ⁹.

307 3131 460 3244 lingerio
484 3136 542 3225 de,
554 3135 681 3220 blorru
698 3162 768 3246 pro
788 3163 847 3243 se,
869 3139 1040 3221 scuteriis
1067 3149 1104 3222 et
1122 3138 1349 3224 falconibus.

379 3335 507 3417 (llcpat.
522 3337 622 3418 torpor.
638 3335 758 3398 maer.
775 3338 887 3414 11,l01.
904 3347 942 3399 eo
958 3342 1106 3413 verso31n
1119 3339 1190 3402 odlt.
1206 3339 1342 3416 Carnem,
1360 3359 1391 3420 p.
1406 3344 1489 3424 tae.)

350 3509 394 3579 lle
409 3510 566 3581 mumulo
585 3511 753 3606 imperiali
765 3513 895 3604 emipot
913 3511 1078 3584 lohannes
1099 3513 1140 3584 de
1159 3513 1321 3586 ldrooto:

347 3631 565 3724 ledonens,
596 3643 679 3726 etc,
711 3635 928 3724 Alexandro,
957 3633 1029 3710 filio
1058 3639 1213 3731 Henrici,
1240 3650 1306 3712 etc.
1336 3641 1424 3726 Quia
1450 3643 1636 3736 Rogerium
1664 3646 1710 3720 de

306 3755 411 3828 llorra
430 3757 616 3830 vellectum
642 3768 798 3832 nostrum
818 3781 881 3854 pro
898 3759 1093 3833 attollendis
1111 3763 1302 3836 falconibus
1322 3765 1449 3836 nostris
1468 3769 1656 3863 peregrinis
1673 3771 1710 3843 in

305 3900 445 3974 regnum
478 3881 648 3955 duximus
680 3882 944 3977 destinandum,
969 3883 1126 3958 fidelitati
1155 3895 1214 3959 tue
1247 3887 1472 3983 precipiendo
1505 3891 1711 3968 mandamus

306 4013 471 4096 quaternus
494 4027 515 4078 a
542 4004 699 4078 kalendis
729 4007 842 4079 martii
868 4008 1025 4102 proximo
1052 4008 1157 4078 futuri
1183 4009 1343 4082 inantea
1369 4011 1480 4084 donec
1504 4037 1633 4088 moram
1660 4017 1709 4088 ibi

307 4130 445 4201 traxerit
465 4129 501 4201 in
526 4130 650 4204 eodem
673 4131 814 4204 servitio
840 4139 974 4217 nostro,
995 4152 1168 4226 expensas
1195 4153 1257 4228 pro
1277 4155 1331 4224 se,
1351 4135 1490 4209 duobus
1506 4140 1663 4212 scuteriis
1676 4151 1711 4213 et

308 4251 411 4324 tribus
429 4253 530 4348 equis
547 4245 638 4343 snis‚'
649 4277 714 4350 pro
731 4255 881 4329 lordono
895 4257 1082 4329 Sanaoeno
1099 4266 1135 4328 et
1149 4278 1219 4329 uno
1239 4279 1330 4352 equo
1348 4281 1414 4331 nec
1432 4283 1499 4332 non
1517 4271 1553 4334 et
1566 4283 1628 4358 pro
1646 4265 1710 4336 ial-

309 4377 447 4449 conibns
463 4379 589 4450 nostris
605 4399 695 4474 quos
712 4379 825 4474 ipsum
846 4379 909 4450 tibi
931 4379 1059 4452 habere
1081 4381 1288 4470 constiterit,
1314 4385 1418 4474 juxta
1442 4385 1597 4457 assisiam
1613 4388 1711 4461 curie

309 4496 350 4570 de
367 4501 513 4593 pecunia
536 4502 632 4576 curio
657 4509 773 4576 nostre
790 4523 860 4597 que
885 4511 937 4574 est
954 4525 1016 4599 per
1040 4525 1165 4576 monus
1186 4514 1265 4579 tuas
1292 4507 1421 4581 debeas
1445 4508 1626 4600 exhibere,
1647 4532 1710 4584 re-

310 4631 479 4717 cepturus,
494 4632 562 4697 etc.

353 4745 475 4818 Datum
492 4747 630 4842 Gualdi,
647 4747 916 4844 XXXjanuarii,
938 4750 1014 4824 Xlll
1027 4749 1235 4825 indictionis.

383 4869 417 4932 V.
440 4885 528 4931 nana
