4358 5996
226 718 412 798 lsnscr.13.]
572 781 576 798 y
678 715 873 778 HISTORIA
898 713 1191 777 bll‘tottlllclt.
1577 712 1638 774 96¹1

228 853 399 926 concessit
418 872 524 947 quam
550 850 617 922 sibi
643 859 776 925 nostes
798 853 928 926 exinde
949 853 1063 924 literas
1084 850 1294 945 assignaret,
1317 869 1406 943 quas
1420 847 1586 942 sigillatas
1606 857 1641 922 et

229 977 382 1071 integras
393 975 429 1048 in
444 982 559 1049 nostra
575 995 710 1048 camera
728 976 929 1070 resignavit,
945 985 980 1048 et
991 973 1197 1071 supplicavit
1211 972 1311 1047 nobis
1326 971 1421 1046 idem
1433 981 1584 1046 secretus
1602 982 1642 1044 nt

229 1123 334 1196 super
348 1100 417 1172 boc
433 1099 500 1172 sibi
512 1097 695 1194 providere
706 1099 972 1173 misericorditer
983 1098 1218 1191 dignaremur.
1233 1097 1400 1182 Quocirca
1416 1095 1642 1170 fidelitatitue

229 1221 454 1320 precipiendo
472 1221 679 1296 mandamus
696 1231 867 1318 qnatenm
889 1223 1072 1318 pecuniam
1093 1221 1325 1315 supradictam
1348 1219 1394 1293 de
1417 1221 1642 1314 proventibus

232 1348 328 1420 curie
337 1354 455 1420 nostre
472 1346 626 1440 quisunt
639 1367 701 1442 per
715 1343 1407 1437 mannstuas,nominatcObertosecreto
1423 1341 1517 1416 fideli
1528 1351 1644 1415 nostro

234 1471 402 1544 exhibere
419 1491 602 1566 procures,
615 1478 651 1544 et
665 1439 830 1566 recipias,
849 1479 931 1558 etc,
954 1466 1143 1543 dummodo
1157 1489 1226 1540 non
1249 1467 1347 1562 prius
1364 1466 1431 1538 sibi
1444 1487 1548 1560 quam
1565 1477 1645 1539 ante

234 1615 412 1668 accessum
425 1613 527 1666 sunm
545 1593 581 1665 in
597 1593 712 1666 Sicilia
728 1602 763 1667 et
776 1603 964 1688 antequam
979 1594 1095 1666 lictcre
1105 1592 1258 1688 predicte
1271 1591 1439 1685 assignari
1452 1589 1645 1686 potuissent

236 1718 371 1811 absque
386 1717 629 1811 negligentiae
641 1719 793 1813 prelato,
811 1716 925 1790 dictus
942 1717 1116 1791 Iohannes
1133 1714 1355 1790 concessisset
1365 1714 1401 1786 in
1415 1715 1497 1787 lata.

286 1842 409 1914 Datum
429 1839 527 1930 Orte,
545 1841 589 1913 lli
610 1840 733 1932 madii,
752 1841 829 1912 Xlll
845 1840 1054 1915 indictionis.

469 2175 962 2186 -u—-u-—u-—n--n
967 2173 1212 2182 -n-——u—-uv—
1216 2173 1408 2181 ——--.--.--.
1412 2174 1425 2180 .-

295 2466 519 2550 Mandatum
546 2468 596 2549 ad
624 2468 822 2552 uniuersos
843 2467 1021 2552 officiales
1048 2494 1116 2576 per
1142 2494 1305 2579 regnum
1330 2470 1477 2555 Siciliae
1502 2474 1652 2555 consti-
1784 2499 1810 2538 ⁶·

247 2609 347 2682 tutos
366 2610 410 2682 ut
426 2599 632 2684 Thomasio
656 2601 705 2684 de
722 2601 959 2708 Brundusio,
980 2600 1128 2710 Angclo
1147 2602 1195 2684 de
1212 2601 1336 2686 Merra
1353 2613 1391 2685 et
1407 2603 1588 2713 Procopio
1606 2606 1655 2687 de

245 2731 385 2814 Metera
404 2731 454 2815 ab
478 2732 663 2816 universis
681 2734 748 2843 qui
768 2759 790 2816 a
807 2745 977 2841 tempore
1003 2733 1258 2817 coronationis
1279 2733 1446 2818 officium
1467 2762 1653 2821 exercue-

246 2874 353 2972 runt,
373 2864 560 2948 rationem
577 2865 802 2974 recepturis,
823 2865 864 2947 in
881 2865 955 2948 hoe
972 2867 1199 2976 respondere
1215 2875 1252 2948 et
1269 2866 1464 2950 intendere
1476 2867 1651 2952 debeant.

247 2995 466 3079 Mandatum
484 2997 590 3080 eliud
614 2997 664 3080 ed
692 2999 845 3081 Petrum
868 2997 1089 3082 castaldum
1115 3024 1185 3108 pro
1211 2997 1385 3108 expensis
1412 2999 1463 3082 ud
1488 3001 1657 3111 requisi-

248 3127 386 3213 tionem
404 3131 626 3213 eorumdem
646 3129 883 3215 exhibendis.

326 3367 452 3450 (liccat
471 3366 576 3449 imper.
591 3365 707 3431 bleda.
723 3370 764 3448 11,
779 3369 832 3432 iol.
849 3380 866 3430 t
881 3387 985 3446 versc3
1000 3373 1033 3432 in
1046 3371 1118 3433 edlt.
1133 3370 1271 3451 Curcum,
1285 3388 1316 3450 p.
1333 3371 1417 3452 2³8.)

299 3605 316 3648 a
338 3582 386 3651 lte
400 3580 571 3674 imperiali
584 3582 744 3654 mundato
760 3584 891 3678 sempsit
910 3585 952 3655 P.
971 3585 1011 3656 dc
1026 3585 1170 3678 chcu:

300 3703 549 3794 uFredcricus,
572 3714 656 3798 etc,
684 3707 863 3802 capitaneo
885 3716 920 3782 et
938 3709 1101 3802 magistro
1117 3709 1320 3803 jnstitiario,
1338 3713 1536 3807 ammirato,
1558 3716 1660 3808 justi·

254 3827 413 3917 utiariis,
432 3829 647 3921 camerariis,
665 3831 964 3924 procuratoribus,
989 3831 1118 3925 bajulis
1135 3843 1169 3906 et
1193 3835 1365 3909 universis
1386 3857 1407 3908 a
1427 3836 1527 3912 Porta
1547 3839 1660 3928 Roseti

255 3969 401 4043 »nsque
421 3948 570 4024 adfines
584 3947 680 4047 regni
697 3950 903 4045 constitutis,
925 3967 995 4026 tam
1010 3957 1227 4050 presentibus
1249 3980 1353 4052 quam
1374 3959 1515 4054 futuris,
1532 3963 1661 4057 quibus
1792 3997 1799 4004 ·

256 4095 273 4138 r
292 4083 465 4165 presentes
477 4073 595 4147 lictere
609 4085 745 4148 ostense
762 4077 887 4150 luerint
901 4076 1061 4151 fidelibus
1073 4080 1146 4152 suis
1164 4079 1308 4174 gratiam
1322 4102 1435 4175 suam,
1451 4093 1517 4158 etc.
1534 4087 1660 4160 Notum

256 4219 274 4262 u
295 4195 438 4268 iacimus
453 4195 608 4270 fidelitati
627 4209 742 4273 vestre
758 4199 854 4295 quod
873 4221 937 4273 nos
956 4200 1166 4276 confidentes
1180 4202 1226 4276 de
1241 4203 1424 4300 prudentia
1443 4216 1479 4280 et
1496 4207 1661 4285 fidelitate

259 4343 276 4385 o
293 4317 412 4413 Angeli
437 4319 483 4393 de
495 4321 604 4394 Merra
627 4331 662 4395 et
676 4323 830 4418 magistri
847 4323 1019 4398 Guillelmi
1035 4324 1082 4398 dc
1101 4327 1213 4400 'locco
1226 4329 1351 4401 notarii
1364 4331 1487 4423 nostri,
1504 4323 1659 4408 fidelium

258 4453 504 4536 unestromm,
529 4447 764 4520 commisimus
784 4447 835 4520 eis
858 4455 897 4519 ut
918 4447 964 4520 ab
981 4447 1151 4522 universis
1172 4459 1207 4522 et
1225 4451 1371 4544 singulis
1388 4455 1450 4549 qni
1462 4477 1485 4554 a
1508 4465 1661 4554 tempore

258 4587 275 4631 o
296 4565 520 4639 coronationis
534 4575 650 4641 nostre
672 4568 718 4642 de
737 4569 850 4642 officio
872 4569 968 4665 quod
987 4581 1217 4645 exercuerunt
1238 4581 1399 4648 tenentur
1412 4579 1509 4652 curie
1527 4591 1657 4676 nostre,

259 4707 275 4750 ι
295 4686 457 4760 rationem
474 4689 651 4786 recipiunt,
666 4700 701 4765 et
712 4707 950 4787 quoscumque
961 4691 1058 4766 code
1068 4701 1183 4768 nostre
1198 4693 1369 4770 debitores
1386 4698 1598 4800 invenerint,
1613 4705 1660 4779 ad

260 4809 496 4885 »mintionem
514 4813 645 4888 residui
670 4814 873 4913 compellere
895 4815 1068 4890 studeant.
1094 4817 1208 4905 Quare
1235 4817 1391 4896 fidelitati
1413 4833 1525 4901 vestre
1548 4831 1661 4925 preci·
