4358 5996
217 675 317 738 huot.
336 674 402 752 ta]
667 674 864 738 HISTORIA
887 673 1180 738 otauouuttca
1549 673 1624 738 1⁰01

267 809 317 882 Dc
330 809 502 903 imperiali
510 807 669 882 modoto
684 813 818 905 scripsit
828 813 978 884 notorius
990 809 1153 882 Joitoonca
1167 805 1321 878 idrocti:

266 931 485 1022 Frsdericos,
501 941 585 1022 otc,
603 933 789 1006 castellano
802 933 929 1026 Mettio,
945 944 1012 1006 etc.
1027 930 1169 1005 Noverit
1183 929 1330 1002 fidelitas
1344 936 1404 1001 tua
1416 929 1513 1024 qood
1525 952 1629 1026 super

218 1054 406 1130 ratiociniis
430 1055 640 1152 recipiendis
670 1057 715 1130 ab
737 1057 909 1132 universis
935 1056 1138 1131 officialibus
1165 1053 1262 1148 regni
1293 1053 1418 1144 nostri,
1445 1054 1628 1128 statuimus

217 1179 439 1254 Thomasinm
458 1179 504 1254 de
520 1179 716 1254 Brundusio
733 1191 768 1254 et
781 1181 953 1276 Angelum
970 1179 1016 1254 de
1032 1181 1140 1252 Merra
1159 1186 1193 1250 et
1208 1176 1408 1271 magistrum
1423 1178 1626 1275 Procopium

218 1301 263 1376 dc
281 1302 411 1376 Matera
431 1303 603 1376 notarium
623 1313 798 1396 nostrum,
821 1303 941 1378 fideles
959 1311 1103 1376 nostros.
1128 1303 1243 1388 Quare
1263 1299 1417 1374 fidelitati
1435 1311 1494 1374 tue
1514 1301 1627 1396 preci-

217 1424 345 1520 piendo
358 1423 564 1499 mandamus
575 1435 747 1520 qnatenus
761 1427 891 1501 eisdem
906 1425 1068 1500 fidelibus
1080 1425 1205 1498 nostris
1217 1425 1254 1495 in
1266 1432 1376 1496 castro
1388 1421 1499 1497 Melfie
1513 1425 1626 1498 locum

218 1558 467 1642 competentem
480 1551 636 1644 assignes
647 1549 694 1622 ad
710 1551 953 1644 quaterniones
967 1549 1138 1622 rationum
1152 1557 1187 1620 et
1201 1547 1382 1642 pecuniam
1392 1547 1626 1645 recipiendam

217 1681 252 1743 ot
268 1669 452 1764 diiigenter
465 1672 751 1745 conservandam.

263 1793 388 1867 Datum
407 1793 501 1890 apud
519 1795 681 1867 Sanctum
697 1793 924 1886 Germanum,
940 1794 987 1866 xt
1001 1793 1111 1887 junii,
1130 1793 1206 1866 Xlll
1224 1792 1432 1867 indictionis.

265 1919 349 1990 tom
365 1918 405 1990 de
419 1919 529 1991 cedaar
542 1919 699 1990 mandato
714 1919 847 2012 scripsit
859 1919 947 1990 idem
961 1942 972 1986 .·

154 2059 158 2066 ’
267 2041 486 2134 Frodericus,
506 2053 590 2132 eto,
605 2040 772 2116 Molfiensi
789 2041 915 2135 electo,
931 2050 997 2114 eto.
1016 2042 1174 2135 Noverit,
1190 2051 1274 2132 etc,
1291 2062 1393 2134 osqoc
1407 2061 1515 2136 quare
1530 2061 1625 2114 man·

220 2161 344 2237 dumus
360 2163 456 2260 quod
472 2164 605 2238 eisdem
621 2163 783 2238 fidelibus
795 2166 920 2238 nostris
935 2187 999 2261 pro
1015 2165 1203 2238 ratiociniis
1216 2163 1422 2260 recipiendis
1434 2162 1576 2236 domum
1591 2173 1626 2236 et

218 2307 390 2360 mmeram
400 2287 738 2362 ecclesiedieliiensis
748 2287 915 2382 assignes,
927 2287 989 2360 ubi
999 2289 1219 2362 commissum
1231 2288 1282 2362 ais
1291 2286 1470 2361 servitium
1482 2285 1626 2362 comode

217 2409 358 2482 valeant
375 2432 551 2484 exercere.

265 2535 392 2606 Datum
410 2533 461 2633 [at
477 2531 611 2632 supro}

267 2954 496 3063 Fridericus,
513 2955 775 3041 Romanorum
792 2958 1188 3068 imperatum-mandat
1206 2956 1395 3041 Landulio
1412 2959 1461 3042 de
1478 2956 1623 3041 Franco
1689 3026 1705 3069 Β

1709 2974 1773 3030 apuu

1706 3034 1797 3073 metum

211 3085 421 3196 justiciario
444 3097 569 3172 terrae
590 3089 679 3172 Bari
706 3099 744 3172 et
766 3099 888 3174 terrac
908 3091 1051 3175 ldronti
1069 3101 1112 3174 ut
1131 3091 1345 3174 Simeonem
1363 3089 1623 3200 Mancaspissu
1667 3078 1810 3189 ffiffi'

213 3220 385 3306 obsidem
402 3221 555 3306 Peduec
579 3221 619 3303 in
641 3221 771 3332 aliquo
788 3235 1001 3307 oastmrum
1025 3222 1279 3332 imperialium
1300 3220 1415 3304 faciat
1436 3248 1524 3306 cum
1546 3248 1622 3306 ex-

201 3353 340 3462 ·penais
360 3353 543 3437 Iohannis
563 3354 741 3440 Mazuccii
764 3364 802 3436 et
823 3355 1006 3439 Amoruzi
1034 3354 1160 3438 fratria
1183 3353 1264 3466 ejus
1282 3353 1484 3462 custodiri,
1504 3354 1623 3464 depu-

212 3484 441 3569 tandoduos
454 3485 657 3570 serviemm
670 3488 720 3570 ad
733 3486 852 3596 ipsius
865 3487 1077 3571 custodium
1093 3512 1182 3570 cum
1195 3486 1367 3596 expensis
1382 3487 1617 3572 eorumdem.

294 3697 471 3780 (amoma,
481 3699 534 3761 tol.
550 3707 589 3762 tt
601 3707 695 3775 recto3
711 3699 758 3764 ct.
773 3718 872 3780 supra,
888 3719 919 3780 p.
936 3703 1020 3774 oto.)

262 3887 337 3972 Qua
353 3887 466 3960 littere
480 3887 567 3960 tacte
583 3895 664 3959 suot
676 3909 738 3983 per
749 3911 874 3961 manus
885 3887 1039 3983 magistri
1051 3888 1091 3960 P.
1103 3888 1148 3962 de
1162 3887 1278 3983 Capua
1294 3887 1338 3962 do
1351 3887 1512 3963 mandato
1522 3888 1617 3981 iudi·

214 4009 264 4082 cis
280 4008 424 4082 Taddei.

259 4131 385 4204 Datum
402 4129 495 4227 apud
510 4132 677 4205 Sanctum
692 4133 916 4225 Germanum,
930 4133 1007 4208 Xili
1017 4134 1125 4228 junii,
1144 4133 1221 4208 XIII
1236 4131 1443 4208 indictionis.

407 4391 678 4404 —t-—na———fi—n--n
687 4393 1420 4404 ——--.—-000—-=u—-n----————u-—n—n--

263 4593 390 4677 Mense
403 4594 513 4704 junio
530 4595 736 4704 imperator
758 4621 848 4679 cum
866 4597 1029 4680 exercitu
1058 4623 1128 4681 suo
1150 4623 1265 4708 quem
1287 4600 1336 4683 dc
1356 4626 1476 4710 regno
1493 4600 1617 4685 colle-

211 4735 339 4833 gerat,
362 4727 463 4811 venit
490 4725 593 4838 apud
611 4725 794 4812 Sanctum
813 4727 1067 4838 Germanum,
1090 4729 1157 4814 ubi
1184 4756 1251 4840 per
1279 4757 1344 4816 sex
1367 4733 1449 4817 dics
1470 4757 1619 4818 morem
