4358 5996
515 693 576 758 962
1012 695 1229 762 releuaret
1252 699 1426 763 securint
1738 695 1827 781 [An.
1847 693 1942 757 12⁴0.

514 829 730 926 pensionem,
754 829 972 926 reparatione
987 831 1157 929 indigent,
1174 835 1327 932 quedam
1347 836 1452 909 etiam
1474 832 1578 908 vinee
1592 844 1709 906 nosce
1731 831 1835 906 curie
1855 836 1945 902 sunt

514 953 656 1045 inculte,
684 949 826 1026 firmiter
849 953 1057 1030 mandemus
1084 969 1257 1054 quatenus
1280 953 1401 1035 omues
1425 957 1549 1032 domos
1574 955 1746 1054 predictas
1766 957 1805 1028 in
1826 954 1945 1048 juris-

515 1075 666 1150 dictione
684 1086 743 1150 tua
761 1079 890 1174 positas
904 1079 1090 1176 dequibus
1108 1085 1203 1157 curia
1215 1093 1331 1158 nostra
1350 1083 1497 1179 siugulis
1508 1081 1609 1156 anuis
1622 1091 1737 1178 pooeet
1750 1079 1944 1180 percipere

516 1200 735 1298 pensionem,
750 1203 856 1275 lacios
869 1203 916 1276 de
928 1205 1074 1298 pecnnia
1087 1207 1183 1280 curie
1196 1217 1312 1282 nostre
1323 1228 1395 1302 que
1408 1215 1461 1280 est
1473 1227 1534 1302 per
1549 1227 1674 1279 manus
1687 1213 1765 1278 tuus
1775 1221 1943 1299 congrue

515 1325 666 1422 reparari
683 1335 717 1398 et
735 1325 859 1399 vineas
876 1325 1059 1422 diligenter
1078 1331 1191 1404 areoli
1214 1330 1452 1428 supradictas,
1472 1337 1512 1402 ut
1533 1328 1668 1402 nullum
1690 1327 1840 1422 amodo,
1864 1336 1937 1401 etc.

564 1451 688 1521 Datum
707 1449 806 1540 one,
827 1451 871 1523 lll
884 1449 1011 1544 madii,
1027 1451 1104 1525 Xlll
1120 1453 1334 1530 indictionis.

563 1649 646 1718 ltem
661 1647 796 1738 scripsit
811 1646 899 1718 idem
918 1673 929 1718 :

564 1769 783 1862 Frederious,
806 1778 890 1864 etc,
916 1768 1063 1844 lobanni
1085 1770 1130 1846 de
1151 1771 1248 1846 Zoilo
1270 1771 1435 1864 magistro
1460 1769 1645 1848 camerario
1663 1768 1834 1862 Calabrie,
1858 1775 1932 1842 eto.

515 1895 687 1970 Fidelitati
704 1903 765 1966 tue
783 1892 994 1990 precipimus
1013 1903 1049 1968 et
1070 1895 1278 1970 mandemus
1294 1907 1467 1992 quatenus
1482 1895 1524 1966 ll.
1545 1893 1591 1966 de
1608 1894 1749 1968 Polcaro
1764 1893 1935 1988 magistro

515 2016 745 2116 procuratori,
770 2026 854 2106 ete,
878 2015 926 2091 ad
950 2017 1027 2110 ejus
1048 2019 1307 2113 requisitionem
1330 2017 1376 2092 de
1399 2018 1477 2114 pice
1499 2038 1606 2112 quam
1624 2037 1687 2112 pro
1712 2025 1809 2112 perte
1830 2015 1934 2089 curie

516 2150 631 2215 nostre
644 2161 756 2233 emes,
772 2148 938 2236 quarum
956 2162 1021 2238 pro
1037 2143 1187 2214 servitiis
1204 2142 1328 2216 nostris
1348 2140 1415 2213 sibi
1436 2139 1628 2213 commissis
1641 2138 1769 2213 viderit
1784 2147 1931 2236 oportu-

516 2288 614 2356 nam,
629 2285 692 2361 per
708 2265 848 2336 nuntios
859 2283 942 2336 suos
959 2285 1123 2360 quospro
1140 2265 1216 2362 ipsa
1233 2263 1431 2360 recipienda
1443 2261 1726 2341 miseritstudeas
1742 2262 1927 2359 destinare,

518 2388 732 2462 tantumdem
756 2387 926 2484 recipiens
956 2397 992 2460 et
1012 2409 1083 2462 non
1104 2387 1252 2483 amplius
1271 2387 1316 2459 ab
1337 2386 1460 2461 eodem
1481 2386 1643 2482 quotiens
1663 2408 1728 2488 pro
1748 2387 1821 2484 ipsa
1836 2386 1928 2460 reoi-

516 2512 645 2608 pienda
661 2511 810 2603 miserit,
827 2519 995 2604 quantum
1013 2520 1048 2585 te
1062 2511 1206 2586 solvisse
1222 2510 1411 2585 constiterit
1427 2531 1491 2608 pro
1506 2509 1629 2584 eadem
1649 2531 1711 2608 pro
1723 2510 1817 2608 parte
1831 2509 1929 2584 curie

516 2647 643 2709 nostre.

566 2759 690 2832 Datum
705 2751 757 2854 [ot
769 2753 902 2854 semul.

732 3062 1707 3082 ...n-——n———ua-——n-u—-ss-——n—-u———n

435 3401 447 3468 g
573 3354 795 3440 Mandatum
817 3353 867 3436 ad
891 3352 1118 3437 Riecardum
1141 3355 1193 3438 de
1219 3353 1380 3440 Pulearo
1407 3363 1450 3438 ut
1471 3353 1642 3464 duplices
1664 3353 1928 3464 quaterniones

520 3485 602 3569 fieri
620 3485 734 3570 faciet
750 3485 799 3568 de
817 3485 997 3570 omnibus
1014 3487 1200 3570 demoniis
1217 3497 1255 3571 et
1270 3481 1425 3598 jum'bus'
1439 3485 1567 3571 curiae
1584 3512 1653 3597 per
1668 3495 1790 3570 totum
1803 3485 1926 3596 juris-
2017 3583 2021 3590 ,

521 3617 723 3701 dictionem
742 3616 838 3726 ejus.
1340 3621 1344 3628 '

604 3842 731 3924 (lirum.
745 3843 850 3924 imper.
862 3839 982 3906 trade.
996 3843 1037 3919 11,
1050 3842 1102 3906 lol.
1117 3851 1134 3904 t
1151 3859 1254 3923 verro3
1269 3845 1302 3906 lu
1315 3842 1389 3906 edit.
1405 3841 1545 3921 ceream,
1559 3859 1591 3922 p.
1607 3840 1690 3922 tte.)

571 4039 652 4110 item
665 4037 795 4132 scripsit
811 4037 952 4110 lucebas
968 4037 1008 4110 dc
1024 4035 1153 4110 Baetra
1169 4061 1182 4108 .·

570 4161 792 4254 Frederious,
809 4171 892 4252 eto,
908 4161 950 4234 ll.
969 4160 1014 4235 de
1028 4161 1189 4254 Poleam,
1206 4169 1273 4234 etc.
1293 4137 1465 4238 Fidelitati
1480 4169 1538 4234 tue
1557 4159 1770 4258 precipimus
1783 4168 1819 4233 et
1830 4179 1934 4231 mau-

522 4285 647 4362 damus
660 4295 831 4380 quatenus
845 4284 891 4358 de
906 4285 1069 4359 omuibus
1085 4283 1273 4375 demoniis,
1293 4283 1471 4375 morticiis,
1492 4283 1724 4372 excedentib,
1742 4281 1934 4357 redditibus

521 4421 556 4484 et
571 4409 784 4506 quibuslibet
795 4409 933 4502 juribus
949 4431 1019 4504 que
1036 4409 1134 4482 curia
1154 4417 1271 4482 nostm
1289 4406 1395 4481 habet
1412 4407 1448 4480 in
1462 4408 1610 4504 singulis
1627 4407 1842 4502 civitatibus,
1862 4427 1935 4480 cas·

521 4535 583 4607 tris
600 4543 635 4607 et
649 4533 734 4606 locis
750 4553 812 4628 per
829 4541 933 4606 totam
945 4531 1219 4628 jurisdictionem
1233 4539 1329 4606 tuam
1345 4531 1484 4628 positis,
1502 4531 1597 4606 omui
1613 4530 1746 4606 cautela
1760 4529 1935 4627 perhabita

521 4665 556 4730 et
573 4653 689 4730 studio
704 4655 860 4732 adhibito
877 4655 1052 4750 diligenti,
1078 4655 1235 4754 duplices
1252 4656 1497 4751 quaterniones
1513 4653 1588 4730 lieri
1604 4656 1720 4747 iacias,
1741 4676 1852 4728 uuum
1869 4653 1934 4730 sub

521 4779 631 4875 sigillo
647 4790 708 4854 tuo
729 4789 848 4856 nostre
863 4779 959 4853 curie
979 4777 1284 4854 transmictendum
1303 4789 1339 4854 et
1354 4779 1462 4854 alium
1480 4777 1576 4876 apud
1590 4789 1624 4853 te
1640 4777 1880 4872 monendum,
1897 4785 1936 4850 ut

2161 1316 2164 1427 l
