4648 6056
511 681 591 746 1266
971 673 1098 734 tanai
1123 669 1473 734 nocanitltloltait.

510 880 646 1002 Q

935 997 1137 1077 assignandis,
1150 997 1320 1074 justitiariis
1341 1001 1437 1056 mirac
1451 993 1520 1058 Bari
1538 1001 1569 1056 et
1585 993 1756 1056 Baalim
1773 995 1810 1058 dc
1829 995 1932 1056 salmis

936 1095 1247 1172 ordelapudFoglam
1261 1092 1423 1170 portandis.
1794 1100 1929 1154 adi-titia

513 1207 547 1259 ii
561 1198 647 1277 april.
724 1195 824 1258 Celaul
897 1192 1033 1252 —item
1060 1192 1223 1267 portulsuia
1248 1191 1285 1250 de
1311 1191 1437 1266 pecunia
1458 1188 1498 1250 ad
1520 1201 1667 1250 comeum
1695 1187 1877 1265 deportanda
1900 1195 1932 1252 at

677 1291 870 1372 capitinatae.
938 1287 1107 1350 Alexandro
1129 1285 1191 1348 iiio
1213 1287 1334 1348 ilmrici
1351 1287 1391 1348 de
1409 1287 1545 1364 aspmris
1556 1283 1730 1346 exhibendis
1742 1287 1842 1364 nopati
1855 1287 1932 1364 rcus

937 1385 1073 1446 Tulliiiti.
1795 1389 1929 1446 iiiii-⁹⁰7

512 1497 549 1550 ιο
561 1488 648 1567 april.
712 1485 832 1566 logias.
897 1511 938 1530 -
957 1481 1033 1542 Item
1039 1479 1199 1554 justitiario
1209 1477 1327 1556 Apu-uili
1337 1485 1372 1540 ut
1384 1493 1459 1556 opus
1470 1476 1509 1538 ds
1520 1477 1623 1540 formis
1634 1477 1717 1540 laone
1729 1477 1836 1540 Fucini
1848 1494 1932 1540 oom-

937 1577 1013 1656 plari
1028 1577 1136 1650 iaciat,
1152 1576 1297 1638 lilccardo
1316 1577 1355 1638 de
1373 1576 1500 1638 Pnicaro
1512 1591 1566 1652 pro
1584 1575 1718 1636 custodia
1737 1577 1824 1638 oasbi
1838 1577 1932 1652 igro-

938 1675 1030 1752 polis,
1045 1674 1155 1735 Criscio
1172 1673 1353 1734 Amniiimuo
1370 1679 1406 1734 ut
1424 1675 1580 1750 pecuniam
1600 1679 1631 1732 at
1649 1672 1789 1733 victualia
1802 1672 1841 1734 sd
1857 1688 1934 1750 opus

939 1773 1038 1832 curiae
1051 1774 1162 1848 exigat,
1172 1771 1318 1833 Rioaardo
1326 1769 1365 1830 de
1377 1769 1502 1830 Pulcaro
1516 1769 1553 1829 de
1566 1769 1652 1830 banis
1663 1767 1766 1829 iacobi
1779 1768 1817 1829 de
1825 1767 1934 1830 Sancta

938 1867 1056 1946 Agatha
1068 1867 1275 1946 procurandis,
1290 1867 1405 1946 ingan
1418 1867 1457 1928 da
1471 1867 1569 1928 idarra
1583 1881 1637 1944 pro
1650 1865 1763 1928 cabeila
1779 1872 1861 1928 scius
1873 1865 1933 1928 Ga·

940 1965 1135 2037 labrinaetc.
1796 1970 1929 2024 iot-sii

827 2105 841 2126 .,
899 2093 941 2110 -
959 2062 1035 2122 item
1046 2063 1216 2137 justitiariis
1227 2061 1415 2136 Principatua
1427 2065 1458 2122 et
1470 2061 1578 2122 Terrae
1593 2059 1716 2122 Laboris
1728 2059 1765 2120 da
1781 2061 1873 2122 armis
1885 2076 1935 2120 ra·

940 2160 991 2236 gni
1013 2161 1170 2218 ammirato
1186 2157 1386 2236 assignandis,
1402 2157 1587 2234 compalatiis
1600 2155 1739 2233 Neapolis
1756 2156 1794 2218 do
1813 2157 1935 2234 lapideis

941 2255 1123 2334 imaginibus
1142 2271 1238 2333 omna
1256 2255 1294 2316 ad
1312 2253 1468 2316 Luceriam
1487 2253 1654 2328 mittendis,
1669 2254 1828 2332 justitiario
1847 2252 1934 2314 Cala-

941 2351 1245 2414 briaedemodaratis
1258 2353 1407 2428 expausis.
1799 2357 1933 2412 aii-ait

829 2487 837 2503 .
902 2480 943 2494 -
962 2447 1037 2508 Item
1051 2455 1163 2508 secrato
1177 2449 1329 2508 Messanae
1341 2463 1395 2525 pro
1409 2447 1522 2509 cabells
1533 2453 1613 2509 setae
1627 2447 1788 2527 Calabriae,
1802 2446 1935 2510 Alexan·

942 2544 996 2605 dro
1011 2544 1073 2604 fllia
1087 2545 1208 2607 Heurici
1227 2561 1280 2622 pro
1301 2545 1460 2606 moderatis
1473 2546 1609 2620 expansis
1619 2587 1628 2615 ,
1637 2546 1804 2622 jmdtiaris
1817 2544 1936 2622 Apruiii

942 2647 973 2702 at
986 2641 1093 2702 Temos
1114 2641 1236 2701 Laboris
1254 2642 1291 2701 da
1312 2641 1553 2718 inquisitionibus
1574 2643 1605 2700 in
1623 2640 1756 2702 infideles
1775 2640 1932 2716 laniandis,

942 2737 1087 2798 liiccardo
1107 2738 1144 2798 de
1162 2738 1287 2799 Pulcaro
1308 2737 1346 2798 do
1368 2735 1565 2798 servientibus
1588 2737 1628 2798 ad
1647 2743 1746 2814 partas
1765 2736 1936 2800 Lunesauas

942 2835 1187 2904 transmittendis,
1203 2834 1368 2910 portuinuis
1381 2831 1450 2894 Bari
1463 2835 1501 2894 de
1511 2834 1699 2896 virtualibus.
1801 2843 1933 2896 att-aii

829 2971 838 2990 .
902 2963 943 2975 -
963 2933 1039 2991 item
1050 2933 1211 3008 justitiario
1226 2931 1335 2992 Terrae
1352 2929 1477 2990 Laboris
1492 2931 1687 2992 utensilium
1705 2937 1833 3008 praestet
1849 2932 1936 2992 Patro

943 3027 1086 3088 silvatico
1103 3031 1285 3104 procamiari
1309 3028 1527 3100 denaniorum,
1542 3027 1713 3090 Alexandro
1735 3028 1798 3088 iillo
1817 3029 1937 3089 lienrlei

943 3125 980 3186 de
993 3127 1118 3202 pecnnia
1130 3127 1275 3201 provisori
1289 3131 1451 3186 castorum
1465 3125 1634 3200 tribuenda,
1649 3125 1793 3188 Riocardo
1810 3125 1936 3186 Pulcsro

943 3222 981 3282 de
993 3223 1134 3284 mutarlis
1146 3223 1262 3298 piciact
1274 3223 1312 3282 de
1324 3224 1410 3301 logiis
1419 3222 1502 3300 apud
1509 3223 1662 3300 Neapolim
1673 3222 1814 3284 radendis
1826 3222 1865 3283 ad
1876 3238 1937 3282 sar·

942 3321 1049 3380 vitium
1062 3317 1259 3378 marescallis.
1799 3325 1934 3380 ais-aro

516 3421 554 3473 ii
565 3414 651 3492 april.
717 3409 836 3486 Fogiae.
903 3443 944 3460 -
963 3414 1038 3492 Regi
1055 3413 1180 3492 Angliae
1194 3413 1296 3474 scribit
1309 3413 1347 3474 de
1369 3413 1453 3476 clade
1470 3429 1567 3491 nuper
1583 3416 1616 3476 in
1633 3415 1767 3492 partibus
1783 3421 1934 3476 benema-

942 3513 1016 3572 rinia
1034 3528 1052 3571 a
1070 3513 1279 3589 crucesignatis
1302 3516 1437 3589 accepta,
1459 3527 1625 3574 memorans
1646 3527 1738 3590 ιιιιιιιιι
1758 3514 1844 3589 pauci
1864 3527 1937 3574 susc

943 3607 1024 3683 apud
1041 3623 1091 3667 eos
1109 3609 1260 3668 suasiones
1278 3605 1317 3666 ob
1335 3607 1517 3668 contrarium
1531 3611 1638 3670 summi
1655 3606 1802 3685 pontiflcls
1821 3615 1935 3670 motum

942 3701 1129 3778 profecerint.
1875 3710 1931 3763 921

515 3806 550 3856 it
566 3797 652 3876 april.
669 3793 759 3872 ipse
772 3794 886 3856 Oriam.
902 3829 942 3844 -
960 3797 1070 3859 Scribit
1079 3799 1248 3874 justitiariis
1262 3799 1343 3876 regni
1356 3798 1394 3858 de
1407 3798 1551 3860 militibus
1563 3800 1692 3858 strenuis
1704 3803 1735 3858 at
1747 3797 1822 3859 benc
1834 3813 1937 3858 erma-

942 3895 981 3954 tis
1001 3893 1226 3970 praeparandis,
1241 3899 1354 3956 secrato
1370 3893 1524 3956 Messanae
1543 3895 1581 3956 da
1598 3893 1791 3970 provendbus
1809 3895 1938 3972 basim

943 3989 1487 4062 ecciesiae,A1cxaudroiiliolieurici
1512 3991 1550 4050 de
1568 3991 1658 4052 mulis
1676 3997 1707 4052 et
1719 3991 1859 4064 runcinis,
1872 4006 1939 4052 cas·

943 4085 1052 4146 teliauo
1071 4085 1189 4146 bicliiae
1210 4101 1264 4162 pro
1277 4085 1448 4146 liberatione
1461 4085 1591 4146 Otiumen
1610 4085 1764 4159 Saraceni,
1778 4087 1939 4148 castellane

943 4182 1040 4244 Baroll
1054 4181 1092 4242 de
1105 4199 1166 4242 uuo
1180 4181 1283 4242 obside
1297 4181 1417 4244 Padusa
1434 4183 1640 4260 custodiendo,
1652 4189 1711 4244 etc.
1803 4191 1939 4244 aii-aia

516 4287 554 4340 ill
568 4279 652 4358 april.
729 4275 829 4339 ortae.
903 4307 942 4322 -
961 4277 1037 4337 itam
1048 4278 1208 4352 justitiario
1225 4278 1312 4338 vallis
1328 4276 1427 4340 Gratis
1445 4279 1483 4340 da
1500 4277 1589 4338 leudo
1608 4277 1760 4356 mondum
1775 4277 1940 4340 Alexandri

942 4373 980 4432 de
993 4373 1137 4446 Poiiccm,
1152 4376 1293 4452 magistro
1306 4375 1467 4436 camerario
1477 4373 1597 4452 Aprutii
1612 4374 1650 4436 da
1663 4375 1853 4448 victualibus,
1868 4377 1939 4437 liic·

943 4469 1032 4530 cardo
1052 4469 1090 4530 de
1109 4469 1233 4532 Pulcero
1255 4470 1293 4531 de
1314 4470 1423 4532 dandis
1445 4473 1583 4548 expausis
1601 4473 1748 4548 provisori
1770 4476 1938 4533 emiseram

942 4567 1050 4628 Terrae
1062 4567 1201 4642 Laboris,
1220 4574 1333 4632 secreto
1350 4569 1504 4632 Messanae
1521 4569 1558 4629 de
1571 4570 1689 4648 captivo
1705 4583 1801 4646 usque
1813 4566 1938 4628 biellam

942 4662 1087 4726 ducendo.
1800 4672 1934 4726 aia-ati

515 4752 553 4804 ²⁸
568 4740 644 4822 ³9⁶¹
695 4755 866 4822 mansue.
903 4789 944 4806 -
961 4758 1038 4824 liam
1051 4761 1201 4826 ltobbario
1219 4763 1257 4826 da
1273 4761 1844 4842 cualionsesjnstidsrieipruaide
1857 4761 1939 4822 blida
