4564 6038
318 699 496 783 11111111]
760 698 957 760 HISTORIA
984 699 1276 762 ulutourtulcs.
1649 701 1724 761 1151

320 837 436 910 diente
448 834 644 924 Polcniam,
668 833 828 929 princeps
850 842 885 905 et
899 832 976 906 dux
994 843 1082 906 terre
1098 832 1190 908 illins
1207 835 1252 907 ab
1266 857 1385 908 eornm
1405 834 1600 929 insequenti
1616 844 1728 907 exter·

319 962 426 1033 minio
442 959 641 1034 ceciderunt
663 966 697 1031 et
716 956 796 1030 dein
812 965 883 1029 tota
901 957 966 1028 luit
987 977 1049 1050 per
1072 977 1131 1030 eos
1157 957 1214 1030 illa
1240 959 1335 1053 regio
1360 958 1556 1046 devastata;
1574 957 1729 1032 secunda

318 1083 482 1156 Bohemie
497 1083 584 1156 lines
600 1083 755 1175 ingressa
767 1089 820 1153 est
835 1089 870 1154 et
887 1101 1049 1174 aggressa
1062 1080 1233 1172 substitit,
1254 1103 1335 1176 rege
1351 1081 1443 1153 illius
1456 1089 1544 1154 terre
1561 1103 1640 1152 cum
1655 1081 1728 1153 suis

320 1208 501 1279 conatibus
517 1205 660 1279 viriliter
675 1214 887 1279 occurrente.
914 1206 1026 1278 Tertia
1041 1205 1207 1300 percurrit
1220 1207 1430 1300 hungariam
1447 1204 1585 1278 Austris
1600 1204 1728 1278 finibus

318 1329 539 1402 uicinandam
553 1355 562 1400 :
578 1328 673 1401 unde
692 1329 794 1403 timor
809 1349 850 1401 ac
865 1337 992 1402 tremor
1009 1349 1030 1400 a
1047 1329 1161 1402 furore
1174 1338 1296 1402 nactus
1312 1329 1515 1401 irruentium
1530 1329 1728 1425 principum

319 1451 472 1546 singulos
485 1452 638 1524 excitant
653 1458 687 1522 et
702 1451 850 1524 inuitant
860 1450 907 1524 ad
922 1452 1075 1546 ipsomm
1092 1451 1324 1525 obstaculum.
1342 1453 1447 1547 Urget
1459 1453 1643 1526 necessitas
1659 1475 1729 1548 que

319 1573 487 1646 incumbit
501 1574 655 1668 periculo
678 1574 836 1646 cominus
854 1574 1071 1665 imminente;
1092 1577 1253 1667 generale
1269 1575 1513 1649 exterminium
1527 1575 1620 1648 orbis
1640 1585 1730 1649 terre

318 1698 481 1794 precipue
500 1697 757 1798 christianitatis
773 1697 943 1773 auxilium
961 1697 1162 1771 festinanter
1180 1709 1347 1794 provocat
1362 1709 1397 1770 et
1420 1720 1621 1770 succursum
1640 1725 1648 1770 ε
1665 1699 1730 1772 hec

319 1821 409 1894 enim
429 1843 515 1914 gens
531 1831 583 1894 est
596 1821 710 1894 leralis
729 1829 764 1893 et
781 1821 898 1905 exlex,
917 1820 1140 1892 humanitatis
1155 1821 1288 1914 ignara.
1309 1821 1470 1916 Sequitur
1486 1831 1601 1894 tamen
1615 1829 1650 1894 et
1666 1821 1731 1896 do-

319 1944 453 2016 minum
469 1943 572 2018 habet
584 1963 689 2040 quem
700 1943 901 2016 obedienter
912 1943 993 2015 colit
1013 1953 1048 2016 et
1060 1953 1245 2016 veneratur
1259 1953 1294 2017 et
1306 1951 1483 2039 nuncupat
1500 1946 1611 2015 Deum
1627 1951 1728 2016 terre.

320 2067 482 2140 Homines
498 2089 605 2163 parve
621 2089 663 2139 ac
683 2067 801 2140 brevis
820 2075 949 2138 stature
967 2075 1047 2140 sunt
1061 2078 1230 2161 quantum
1246 2069 1292 2142 ad
1307 2067 1574 2162 longitudinem,
1596 2066 1658 2140 sed
1676 2087 1731 2139 so·

319 2189 394 2278 lidi,
408 2191 468 2263 lati
481 2200 516 2264 et
533 2189 766 2286 propaginati,
785 2189 890 2282 rigidi
907 2211 949 2261 ac
966 2189 1070 2263 sortes
1083 2200 1118 2262 et
1130 2191 1289 2280 animosi,
1308 2191 1355 2264 ad
1368 2199 1492 2263 nutum
1506 2189 1561 2262 sui
1574 2189 1674 2262 ducis
1685 2190 1732 2263 ad

318 2314 469 2408 quelibet
490 2315 656 2408 ambigua
678 2321 897 2408 proruentes,
920 2315 1038 2386 vultus
1058 2314 1212 2408 amplos,
1230 2323 1389 2410 aspectus
1409 2323 1542 2404 torvos,
1566 2313 1733 2386 clamores

318 2437 502 2511 horribiles
518 2437 648 2511 habent
662 2437 825 2511 cordibus
845 2446 1090 2527 consonantes,
1111 2436 1221 2510 cruda
1240 2445 1374 2530 gestant
1390 2436 1482 2509 coria
1497 2436 1643 2528 bovina,
1663 2438 1732 2510 asi-

319 2562 401 2634 nina
435 2563 491 2635 vel
520 2561 665 2656 equina,
694 2561 816 2632 insutis
846 2561 982 2633 laminis
1011 2561 1128 2633 lerreis
1153 2581 1216 2654 pro
1243 2560 1347 2632 armis
1374 2559 1577 2631 muniuntur
1604 2560 1731 2653 quibus

318 2684 486 2757 hactenus
501 2684 557 2756 nsi
575 2691 670 2776 sunt,
688 2684 751 2757 sad
767 2683 864 2779 quod
884 2706 953 2756 non
970 2683 1045 2756 sine
1061 2683 1219 2778 suspiriis
1238 2683 1354 2756 dicere
1373 2701 1573 2778 possumus,
1588 2683 1731 2775 jamjam

321 2806 364 2880 de
376 2808 548 2881 victorum
562 2807 679 2902 spoliis
692 2807 955 2880 christianorum
969 2807 1074 2878 armis
1094 2805 1351 2880 decentiorrbus
1364 2805 1554 2900 elegantius
1569 2805 1731 2879 muniun-

319 2931 375 3002 t'nr
392 2939 432 3002 ut
455 2931 603 3026 propriis
622 2931 728 3002 armis
753 2931 841 3002 irato
860 2932 931 3002 Deo
953 2929 1086 3024 turpius
1108 2937 1143 3002 et
1161 2929 1289 3002 anxius
1305 2928 1569 3002 trucidaremur.
1585 2929 1730 3024 lnsuper

264 3145 268 3153 ⁵
319 3053 417 3149 equis
443 3053 642 3126 melioribus
670 3054 926 3141 instaurantur,
953 3053 1064 3149 epulis
1092 3052 1298 3126 lautioribus
1325 3051 1546 3144 reficiuntur,
1574 3051 1729 3125 vestibus

318 3177 570 3271 pulchrioribus
596 3175 819 3250 adornantur.
847 3177 917 3272 lpsi
945 3185 1061 3249 antem
1088 3178 1219 3249 Tartari
1250 3176 1416 3268 sagittarii
1446 3175 1728 3269 incomparabiles

319 3309 411 3373 utres
427 3303 541 3372 lerunt
553 3297 773 3372 artificialiter
791 3299 901 3372 iactos
918 3300 1047 3394 quibus
1067 3299 1210 3371 ssumina
1226 3307 1435 3371 transmeant
1449 3297 1654 3394 indempnes
1670 3321 1728 3371 ra·

318 3423 501 3518 pacissima
518 3431 553 3496 et
570 3421 726 3518 paludes.
744 3421 931 3496 Deficiente
955 3443 1038 3495 vero
1054 3422 1134 3496 cibo
1159 3419 1344 3494 corticibus
1359 3422 1523 3495 arborum
1539 3430 1574 3494 et
1588 3419 1679 3494 loliis
1693 3429 1729 3494 et

318 3545 501 3620 herbarum
522 3546 698 3620 radicibus
722 3545 886 3619 dicuntur
904 3565 981 3618 esse
999 3545 1150 3619 contenti
1178 3546 1260 3640 equi
1283 3565 1404 3618 eorum
1426 3565 1516 3638 quos
1531 3543 1724 3634 adducunt,

317 3691 405 3764 qnos
428 3681 543 3743 tamen
569 3669 804 3742 velocissimos
834 3669 1017 3743 inveniunt
1040 3677 1076 3742 et
1106 3668 1304 3742 fortissimos
1337 3672 1373 3740 in
1404 3669 1547 3742 articulo
1571 3669 1726 3743 necessi-

317 3793 408 3866 tatis.
427 3795 498 3866 Nos
524 3801 639 3866 autem
662 3791 786 3864 horum
809 3792 965 3864 omnium
986 3789 1243 3886 quodammodo
1269 3791 1408 3886 providi
1431 3801 1467 3865 11
1493 3793 1629 3888 presagi
1649 3795 1726 3869 tre-

317 3925 464 4010 quenter
486 3937 548 4011 per
566 3917 694 3989 litteras
714 3923 749 3989 et
764 3917 904 3988 nuntios
929 3915 1080 4010 regalem
1104 3913 1344 3988 excellentiam
1366 3923 1516 3988 uestram
1542 3927 1727 3990 11111111

317 4039 462 4112 aliorum
488 4039 685 4134 principum
719 4040 983 4112 christianorum
1017 4039 1237 4113 meminimus
1261 4038 1473 4134 requisisse,
1502 4039 1725 4114 sollicitantes

316 4163 479 4236 attentius
494 4172 528 4235 et
545 4171 724 4237 mouentes
740 4173 780 4236 ut
802 4163 937 4258 rigeret
952 4164 1042 4235 inter
1053 4183 1113 4236 eos
1129 4162 1191 4256 qui
1205 4162 1435 4235 tribunalibus
1451 4171 1594 4258 presunt
1611 4171 1725 4258 potes·

316 4285 456 4378 tatibus,
474 4287 683 4359 unanimitas
702 4286 895 4361 dilectionis
908 4293 944 4360 et
962 4287 1069 4382 pacis,
1090 4295 1125 4359 et
1137 4285 1266 4359 sedatis
1283 4285 1552 4360 dissentionibus
1567 4307 1636 4378 que
1654 4287 1724 4358 rei-

315 4409 453 4503 publice
466 4409 588 4482 Christi
602 4411 720 4504 sepius
732 4410 884 4483 infemnt
897 4417 1116 4500 nocumenta,
1135 4409 1402 4482 concorditerad
1415 4429 1534 4482 eorum
1546 4409 1724 4483 obstacula

316 4531 377 4626 qni
394 4553 506 4627 nuper
528 4542 740 4606 emerserumt
759 4533 907 4606 alacrius
932 4541 1195 4624 consurgerent,
1223 4553 1303 4604 cum
1318 4533 1456 4626 provisa
1472 4533 1587 4624 jacula
1609 4531 1724 4608 minus

315 4656 447 4729 soleant
461 4657 632 4750 sauciare,
653 4664 689 4730 et
704 4664 744 4729 ut
765 4677 830 4730 nec
847 4677 1047 4730 communes
1060 4657 1175 4730 hostes
1190 4655 1236 4728 ad
1250 4657 1386 4728 uiarum
1402 4675 1543 4728 snamm
1560 4675 1722 4750 prepara·

317 4778 427 4852 tiones
449 4779 640 4871 gauderent
662 4789 757 4854 tanta
778 4780 869 4855 inter
893 4781 1068 4878 principes
1086 4779 1290 4854 christianos
1307 4778 1451 4854 dissidia
1467 4779 1647 4874 pullulare.
1671 4779 1723 4852 Ha
