4524 6012
350 4725 393 4776 Μ

537 709 599 772 6OE
1040 711 1255 772 rlttottlttet
1280 711 1454 771 statuunt
1763 711 1843 796 [Ass.
1861 712 1945 774 1210.

540 855 578 918 ut
604 844 797 940 predictum
824 855 894 931 cst,
921 847 1038 940 aliquo
1062 867 1145 918 casu
1175 847 1286 942 ipsius
1309 847 1491 918 solutionis
1515 846 1684 918 terminus
1710 849 1946 942 pertransiret,

540 968 668 1042 deinde
687 970 721 1038 in
739 979 841 1042 antea
858 969 1026 1064 quamdiu
1045 970 1122 1065 ipsa
1138 969 1266 1042 solutio
1286 969 1479 1042 dillerrctnr
1499 967 1544 1042 de
1561 969 1707 1060 singulis
1727 980 1864 1042 centnm
1883 994 1948 1043 un·

539 1091 603 1164 ciis
620 1101 688 1163 tres
703 1093 823 1164 uncias
844 1093 919 1164 anri
937 1093 983 1166 ed
1005 1095 1164 1187 gencrale
1184 1093 1321 1187 pondus
1339 1116 1401 1186 per
1421 1113 1573 1164 mensem
1590 1113 1652 1186 pro
1666 1091 1826 1188 dampnis
1841 1103 1876 1166 et
1895 1095 1948 1165 in·

540 1223 666 1286 teresse
685 1215 730 1287 de
747 1215 869 1287 eadem
892 1217 1040 1311 pecnnia
1059 1217 1159 1288 erarii
1177 1216 1281 1287 nostri
1302 1216 1445 1286 solvatis
1467 1213 1617 1306 eisdem,
1639 1215 1811 1310 provisuri
1835 1225 1948 1288 umen

539 1347 578 1410 nt
595 1338 749 1434 predicto
775 1338 920 1412 termino
935 1332 1132 1433 quietcntur
1159 1361 1202 1411 ns
1223 1361 1285 1434 per
1309 1359 1440 1410 moram
1466 1339 1562 1410 curia
1589 1349 1704 1412 nostra
1727 1338 1947 1434 dispendium

540 1483 724 1533 usurarum
742 1462 905 1534 incurrat.
925 1463 995 1534 llos
1010 1473 1125 1536 nutem
1143 1463 1255 1535 solnta
1278 1463 1353 1558 ipsa
1374 1465 1521 1557 pecunia
1539 1445 1692 1557 petentes
1714 1463 1849 1534 licteras
1868 1483 1948 1534 nos·
1970 1546 1975 1556 ι

540 1595 610 1658 tras
625 1607 713 1680 quas
731 1587 783 1658 eis
806 1586 851 1658 da
871 1587 947 1682 ipso
970 1597 1092 1659 mutuo
1116 1586 1189 1659 lieri
1209 1587 1373 1675 sodimon,
1388 1586 1562 1680 recipiatis
1578 1585 1624 1657 ab
1641 1587 1708 1677 cis,
1731 1586 1852 1658 tacturi
1867 1583 1949 1658 inde

539 1707 635 1782 alind
650 1709 815 1804 scriptum
837 1720 1035 1806 competens
1049 1711 1094 1783 do
1111 1711 1282 1782 solutione
1297 1710 1373 1804 ipsa
1393 1710 1439 1781 nd
1462 1710 1557 1782 curie
1572 1719 1688 1780 nostre
1705 1709 1892 1798 cantelam,
1914 1719 1948 1780 et

539 1831 568 1902 si
587 1853 651 1904 vos
666 1853 787 1905 omnes
806 1843 981 1927 presentes
998 1854 1069 1904 non
1087 1833 1195 1925 eritis,
1211 1832 1455 1906 nichilominus
1474 1832 1689 1927 quicumque
1702 1841 1853 1906 vescum
1867 1851 1948 1927 pre-

540 1975 620 2028 sens
640 1956 742 2028 luerit
759 1965 915 2028 nostrum
932 1957 1184 2053 beneplacitum
1198 1965 1406 2051 exequatur.

588 2078 713 2150 Datum
729 2079 824 2174 apud
839 2080 1018 2155 Civitatem
1035 2080 1191 2171 Castelle,
1208 2080 1318 2152 XXVI
1332 2078 1497 2174 januarii,
1516 2079 1593 2151 Xlll
1608 2077 1818 2151 indictionis.

761 2377 1729 2394 maun—..W—--fl

409 2677 480 2761 pm
591 2645 813 2732 Mandatum
832 2647 881 2728 ad
895 2643 1144 2754 justitiarium
1160 2644 1402 2752 Capitanetae
1419 2653 1463 2726 ut
1482 2653 1652 2726 castrum
1670 2642 1798 2724 Sancti
1810 2640 1947 2724 Juliani

443 2783 469 2814 ²⁶
537 2779 694 2889 recipiat
711 2781 761 2862 ad
779 2804 876 2888 opus
893 2778 1021 2861 curiae
1040 2777 1339 2886 procurandum.

378 4669 456 4722 tgubtt

397 4733 467 4766 snuar

468 4721 484 4766 tl

619 2979 746 3063 (depost.
761 2981 864 3061 imper.
883 2976 999 3039 Frcdsr.
1017 2977 1055 3052 11,
1069 2977 1121 3038 lol.
1138 2987 1176 3038 ott
1191 2993 1292 3052 verso3
1308 2981 1340 3038 ln
1354 2977 1424 3038 edit.
1440 2975 1578 3050 Carnum,
1593 2993 1623 3053 p.
1641 2975 1724 3054 tat.)

586 3155 635 3228 Dc
652 3155 812 3226 moden
828 3153 996 3248 imper-iuli
1023 3155 1110 3243 [coto
1124 3174 1187 3246 per
1205 3153 1402 3244 mopstrum
1417 3151 1617 3222 Riccordum
1637 3149 1768 3243 compsit
1784 3147 1947 3222 lohannes

537 3257 668 3352 ldrdnti
682 3280 718 3350 in
731 3278 818 3350 tnnc
833 3277 966 3350 modum
981 3300 994 3346 :

587 3401 811 3491 Fredcricne,
834 3411 899 3472 etc.
927 3398 1094 3472 llicoerdo
1113 3399 1158 3472 da
1178 3399 1427 3472 llontefnscolo
1441 3399 1627 3492 justitiario
1650 3397 1856 3494 Capitinato,
1877 3405 1945 3472 stc.

539 3527 629 3614 Quia
648 3535 797 3598 casuum
817 3524 932 3598 Sancti
950 3522 1076 3596 Iuliani
1099 3521 1196 3616 quod
1215 3522 1302 3594 sicut
1329 3522 1562 3595 intelleximus
1579 3519 1626 3594 ad
1648 3535 1797 3594 nostram
1817 3521 1946 3594 curium

539 3659 688 3746 spectat,
704 3649 876 3722 detinetur
895 3648 930 3720 in
947 3656 1101 3720 nostrum
1119 3645 1349 3742 prejudicium
1369 3655 1593 3742 occupatum,
1615 3644 1768 3718 fidelitati
1790 3655 1848 3718 tue
1866 3665 1948 3740 pre·

539 3771 702 3867 cipiendo
724 3769 929 3843 mandamus
946 3779 1118 3864 qnatenus
1143 3777 1292 3841 castrum
1315 3769 1429 3863 ipsum
1449 3768 1598 3863 recipias
1616 3777 1652 3840 et
1675 3767 1720 3840 ad
1745 3787 1833 3872 opus
1854 3767 1949 3840 curia

540 3907 654 3968 nostre
680 3895 785 3970 lacios
810 3892 998 3988 procurari.
1678 3939 1681 3946 .

589 4021 712 4090 Datum
731 4017 827 4111 apud
844 4015 1024 4090 Civitatem
1042 4011 1202 4104 Castelle,
1222 4014 1330 4088 XXVI
1344 4015 1511 4108 januarii,
1530 4015 1606 4086 lllll
1625 4012 1834 4087 indictionis.

590 4142 665 4228 Que
682 4141 799 4212 lictore
815 4139 988 4234 assignate
1003 4149 1083 4210 snut
1100 4135 1267 4232 portanda
1282 4146 1317 4210 st
1332 4136 1559 4234 prucuraude.

1626 4395 1734 4409 *-

462 4701 492 4764 ·.
593 4583 773 4730 Mandata
808 4641 914 4726 varia
939 4642 988 4724 de
1018 4641 1196 4724 domibus
1225 4640 1406 4750 principis
1436 4667 1526 4722 cum
1554 4639 1751 4750 diligentia
1777 4663 1945 4748 praepe-

539 4777 696 4882 rendis,
720 4775 769 4857 dc
787 4783 935 4856 estraoo
960 4771 1133 4856 laniendo
1150 4797 1220 4880 pro
1237 4781 1362 4856 castro
1389 4771 1549 4856 Sanctae
1574 4773 1714 4858 Marias
1733 4774 1782 4856 de
1799 4772 1944 4876 llonte,
2030 4887 2032 4892 Ι
