4384 6004
541 679 620 741 titt
1040 677 1253 742 intonaret
1278 674 1448 740 sucurtut
1761 679 1843 759 [Ass.
1861 679 1951 741 1241.

538 835 656 888 sorum
673 814 897 907 violaverint,
922 815 987 888 rite
1010 815 1230 912 protulerint,
1259 825 1353 888 ratus
1379 815 1550 888 babemus
1575 824 1610 888 et
1634 823 1768 910 matus,
1789 817 1953 912 ipsasque

538 939 639 1011 nobis
652 939 723 1012 Deo
737 939 891 1036 propicio
907 960 986 1012 cum
1004 938 1050 1012 ad
1063 937 1129 1012 boc
1145 939 1312 1016 fuerimus
1325 940 1481 1036 requisiti
1497 941 1611 1036 penali
1626 939 1760 1034 judicio
1770 941 1954 1014 efficaciter

539 1083 797 1160 persequemur.

749 1341 1015 1354 --u-——u-u——n-u
1023 1345 1481 1358 —·---·--.--·-=..-..-.--·=-—.··-.n
1487 1345 1623 1356 ...ι-..ιιι
1658 1347 1670 1354 -
1676 1345 1746 1358 -..-

385 1604 427 1698 fu
452 1669 472 1698 0,
592 1595 824 1704 indemens,
848 1599 1108 1682 Romanorum
1135 1597 1361 1708 imperator,
1389 1597 1543 1681 cuidam
1565 1595 1726 1708 principi
1745 1621 1836 1704 suo,
1856 1621 1957 1678 mo-·

538 1753 634 1810 neus
652 1755 741 1812 eum
757 1729 863 1838 quod
882 1731 931 1813 sit
951 1727 1088 1814 firmus
1105 1729 1145 1814 iu
1163 1729 1260 1838 fide,
1280 1731 1521 1841 procurando
1539 1730 1755 1814 disturbare
1776 1739 1950 1838 suspecta

537 1860 729 1971 colloquia
745 1861 974 1973 principum.

618 2069 743 2155 (laedit.
754 2092 792 2136 ex
801 2075 926 2139 mdielb.
934 2075 1009 2136 utut.
1019 2075 1118 2137 Cesar.
1131 2072 1336 2154 Puris.,suudo
1345 2068 1722 2153 Sciat-Gemuinllorlm
1731 2081 1803 2152 455,
1813 2089 1882 2151 pure
1890 2073 1946 2148 ΠΙ,

656 2189 691 2240 n⁰
705 2189 756 2259 lt,
769 2186 800 2241 et
814 2195 878 2240 unc.
894 2178 988 2261 suada
1001 2177 1088 2262 lutire,
1105 2189 1195 2252 totu,
1209 2181 1262 2243 lul.
1281 2189 1338 2243 tto
1358 2189 1556 2243 recto-veruo.
1577 2181 1670 2243 tuat
1689 2197 1811 2259 quoque
1829 2183 1863 2240 iu
1880 2180 1945 2240 eod.

657 2285 733 2346 lllbi.
744 2287 936 2350 Mediomont.
946 2287 1114 2366 Phidippo,
1124 2297 1158 2348 u⁰
1168 2297 1256 2362 uteo,
1264 2305 1334 2350 cum
1347 2289 1403 2350 bac
1413 2289 1551 2350 rubum:
1562 2285 1728 2350 ibidus-im
1736 2285 1807 2348 duci
1818 2286 1947 2348 amau

654 2389 732 2474 quod
738 2405 874 2474 pmtuct
891 2391 1026 2456 bamam
1041 2411 1143 2466 mour,
1160 2400 1211 2456 etc.
1233 2395 1395 2472 Epistulam
1412 2411 1482 2456 vero
1505 2397 1605 2473 potius
1620 2395 1663 2474 ud
1681 2394 1787 2456 ducam
1806 2394 1948 2456 Beuum

654 2501 793 2578 scriptam
808 2499 899 2562 luisse
915 2499 1063 2562 crcdlmm
1076 2501 1123 2561 vel
1137 2501 1175 2562 ad
1186 2500 1386 2580 lantgravium
1400 2503 1597 2581 Thuringum
1618 2503 1759 2574 comitem
1776 2497 1945 2568 Palatinum

653 2605 810 2680 wentae,
824 2609 877 2684 qul
888 2614 961 2668 tuuc
973 2609 1167 2685 procuratoris
1179 2606 1278 2668 cilicio
1291 2610 1323 2668 ln
1335 2605 1516 2669 Alemannis
1530 2605 1737 2687 iuugobmur.)

583 2792 790 2883 Fridericus‚
807 2803 873 2866 eto.
889 2793 974 2865 Cum
992 2793 1082 2866 inter
1097 2802 1229 2866 eeteros
1242 2793 1415 2889 principes
1436 2801 1572 2866 nostros
1585 2801 1680 2866 tanto
1697 2792 1799 2866 uobis
1815 2790 1948 2862 firmius

534 2927 656 2990 nature
669 2917 847 2990 uinculum
859 2925 894 2990 te
907 2917 1075 3010 astringat
1087 2925 1218 3012 quanto
1234 2915 1334 2990 nobis
1348 2917 1519 3014 particeps
1532 2918 1712 3012 sanguinis
1721 2915 1947 3010 conjunctiori

533 3025 568 3114 et
586 3041 769 3115 individua
787 3041 886 3115 uobis
899 3041 1061 3115 coherere
1076 3042 1203 3115 teneris
1219 3042 1347 3116 amoris
1360 3041 1519 3138 precipui
1540 3042 1685 3131 unitate,
1703 3041 1796 3114 illam
1811 3039 1857 3112 de
1871 3041 1946 3112 siu·

533 3167 672 3239 caritate
691 3175 750 3237 tue
768 3163 849 3238 lidei
867 3165 1063 3237 obtinemus
1084 3163 1327 3238 confidentiam
1353 3163 1449 3261 quod
1468 3163 1579 3239 bonor
1600 3175 1716 3238 noster
1742 3163 1788 3238 ad
1815 3163 1945 3260 potiora

531 3309 668 3383 semper
683 3295 743 3360 tuo
756 3287 873 3366 studio
891 3285 1101 3383 provebatur
1116 3297 1151 3360 et
1163 3289 1328 3361 exaltatio
1343 3297 1462 3362 nostra
1478 3311 1549 3382 que
1565 3299 1728 3384 tanquam
1745 3288 1851 3360 uostd
1868 3307 1944 3383 per·

531 3411 729 3508 ticiputione
750 3411 930 3504 sauguinis
947 3412 1140 3508 specialiter
1156 3422 1190 3484 te
1208 3412 1387 3508 contingit,
1407 3433 1470 3508 per
1488 3424 1522 3485 tc
1545 3413 1688 3486 sollicite
1707 3423 1742 3485 et
1763 3411 1945 3484 efficaciter

532 3543 744 3629 procuretur.
764 3535 972 3610 iudustriam
989 3535 1094 3630 igitur
1112 3546 1206 3608 tuam
1220 3557 1400 3610 monemus
1420 3547 1593 3632 quatenus
1612 3537 1800 3633 prudenter
1818 3533 1943 3608 adver·

530 3670 606 3732 tens
619 3658 707 3755 quid
721 3661 812 3732 lame
828 3669 887 3732 tue
897 3681 945 3734 ex
959 3681 1001 3733 co
1015 3657 1171 3752 adjicias,
1185 3659 1270 3755 quid
1285 3659 1437 3750 bonoria,
1451 3659 1540 3756 quid
1556 3657 1771 3750 incrementi,
1783 3657 1813 3730 ei
1827 3667 1943 3732 nostro

531 3781 613 3856 iidei
634 3759 744 3856 cultor
759 3782 921 3857 assiduus
938 3783 1113 3878 principes
1131 3782 1217 3856 alios
1238 3784 1399 3878 exemplo
1422 3793 1482 3857 tuo
1504 3783 1551 3857 ad
1567 3783 1730 3856 contiuua
1747 3779 1943 3854 devotionis

530 3927 633 4002 opera
650 3907 782 3981 excitas
795 3917 831 3980 et
846 3905 1034 3998 accendas,
1055 3927 1196 3978 causam
1214 3917 1414 3980 nostramet
1432 3907 1567 4003 imperii
1587 3928 1657 4002 que
1678 3905 1873 4001 principum
1892 3915 1943 3977 est

530 4031 737 4120 eommunis,
757 4029 820 4102 tibi
838 4028 925 4102 velie
940 4049 1115 4101 assumere
1126 4026 1221 4124 apud
1238 4028 1332 4124 ipsos
1348 4027 1533 4102 efficaciter
1545 4025 1833 4125 promovendam,
1847 4027 1943 4124 ipsos

529 4151 577 4250 ud
586 4151 817 4226 assistendum
832 4153 932 4226 nobis
944 4152 980 4223 iu
992 4151 1103 4226 arduo
1113 4152 1252 4246 negotio
1265 4151 1400 4247 imperii
1410 4150 1507 4248 quod
1518 4151 1585 4224 sub
1597 4173 1659 4248 epe
1670 4172 1790 4226 eorum
1804 4159 1943 4223 suenus

528 4297 650 4350 sumus
670 4276 843 4372 aggressi,
863 4275 1063 4371 diligentius
1086 4275 1316 4350 exhortando.
1339 4275 1495 4349 Preterea
1510 4275 1611 4350 nobis
1633 4285 1793 4371 suspecta
1815 4273 1942 4370 priuci-

529 4423 613 4498 pum
626 4400 796 4496 colloquia
813 4383 956 4473 studeas
970 4397 1151 4496 impedire,
1169 4407 1203 4471 et
1218 4421 1260 4473 ea
1275 4421 1347 4496 que
1362 4399 1397 4471 iu
1408 4399 1589 4472 alamania
1601 4409 1720 4473 contm
1736 4419 1799 4471 nos
1817 4394 1942 4468 iulide·

527 4525 612 4596 lium
626 4523 744 4598 studio
767 4523 995 4618 cognovimus
1013 4523 1207 4620 attemptari
1227 4522 1306 4596 lotis
1327 4545 1489 4620 procures
1505 4523 1639 4597 viribus
1660 4523 1873 4612 disturbare;
1892 4519 1942 4592 sic

527 4649 617 4722 lame
632 4659 692 4722 tue
704 4651 740 4720 in
756 4647 896 4722 honoris
912 4646 1019 4720 nostri
1035 4647 1253 4744 procurando
1270 4658 1456 4739 augmento
1470 4649 1613 4722 sollicite
1630 4648 1833 4745 provisurus
1848 4656 1889 4718 ut
1909 4655 1942 4718 te

527 4771 642 4868 dignis
661 4771 825 4846 extollere
836 4769 1000 4844 laudibus
1015 4779 1050 4842 et
1065 4771 1312 4867 multiplicibus
1324 4773 1512 4864 panarum
1525 4773 1718 4846 sedenibus
1734 4769 1938 4845 debeamus.
