4374 6010
219 687 320 750 brier.
341 683 422 763 1a1·
674 679 875 744 HISTORIA
900 675 1196 742 btrtotttttclt.
1584 680 1645 744 843

221 829 358 894 nostros
372 819 421 892 ad
434 815 553 892 sedem
570 817 796 912 apostolicam
809 815 978 890 duximus
988 811 1284 902 transmittendos,
1304 833 1364 908 per
1379 835 1468 908 quos
1479 815 1582 888 etiam
1600 817 1646 891 de

220 941 432 1036 quibusdam
452 940 530 1014 aliis
550 939 682 1012 frivolis
707 961 777 1034 que
795 939 832 1010 in
858 959 967 1032 reguo
989 945 1108 1010 nostro
1130 935 1246 1009 Sicilie
1267 945 1386 1010 contra
1405 938 1466 1030 jus
1488 950 1522 1011 et
1539 940 1645 1014 liber·

220 1075 326 1138 tatem
335 1063 493 1136 Ecclesia
510 1071 675 1136 attentata
693 1060 845 1152 dicebat,
859 1061 1127 1134 satisfactionem
1143 1059 1344 1150 obtulimus,
1361 1069 1397 1133 et
1413 1060 1644 1136 desideratam

220 1187 311 1260 inter
331 1208 397 1259 nos
414 1193 449 1258 et
465 1185 654 1258 Ecclesiam
674 1183 840 1258 unionem
864 1184 997 1256 nuntiis
1022 1191 1057 1254 et
1082 1183 1211 1252 mutuis
1232 1182 1453 1254 cautionibus
1471 1185 1644 1258 roboran-

221 1310 325 1398 dam,
351 1308 525 1382 multoties
550 1306 685 1381 dudum
714 1307 859 1380 anobis
882 1329 944 1402 per
967 1304 1238 1378 innumerabiles
1266 1305 1406 1378 nuntios
1431 1310 1639 1402 expetitam,
1692 1293 1695 1300 ’

206 1432 343 1507 denuo
360 1432 586 1528 repetivimus
604 1453 667 1526 per
683 1430 838 1504 cosdem.
855 1431 966 1516 Quam
985 1451 1065 1502 com
1081 1429 1228 1502 libenter
1250 1429 1411 1504 affectare
1435 1453 1474 1503 se
1493 1431 1638 1525 diceret,

221 1556 368 1630 modum
385 1555 554 1628 cautionis
571 1563 607 1628 et
623 1555 766 1627 formam
779 1553 912 1646 judicio
929 1560 1047 1625 nostro
1063 1551 1299 1641 committens,
1318 1553 1450 1626 nuntiis
1469 1558 1641 1632 nostriset

222 1679 298 1751 suis
315 1701 396 1750 cum
415 1677 554 1752 unionis
573 1687 608 1750 ct
625 1677 723 1773 pacis
743 1697 905 1750 concesse
928 1674 1058 1747 fiducia
1082 1673 1309 1747 redeuntibus
1331 1674 1378 1749 ad
1400 1698 1463 1750 nos
1485 1680 1642 1754 alacriter

221 1803 365 1876 omnino
387 1801 523 1892 relatis,
548 1799 713 1894 Gregorio
737 1799 784 1873 de
808 1798 1028 1890 llontelongo
1050 1818 1155 1892 quem
1177 1796 1310 1892 pridem
1336 1799 1373 1870 in
1398 1800 1640 1878 Lombardiam

221 1934 424 2019 suspectum
446 1923 548 1996 uobis
562 1933 598 1996 et
623 1922 748 1996 nostris
772 1921 964 2017 simplicem
988 1921 1150 1992 nuntium
1173 1921 1388 1994 habebamus
1407 1933 1442 1996 et
1465 1947 1571 2020 quem
1596 1927 1642 2002 de

221 2048 364 2141 regium
378 2047 454 2142 ipsa
466 2047 670 2142 promiserat
678 2066 856 2136 revocare,
871 2055 990 2118 contra
1004 2065 1068 2117 nos
1083 2054 1118 2118 et
1130 2054 1264 2118 nostros
1277 2046 1313 2118 in
1326 2046 1449 2120 eadem
1461 2051 1640 2143 provincia

221 2169 407 2262 legationis
425 2168 577 2242 officium
602 2169 702 2264 plene
724 2167 908 2242 commisit.
933 2165 992 2239 Ad
1014 2167 1154 2260 majoris
1178 2189 1320 2262 quoque
1342 2173 1639 2265 coaggerationem

221 2291 394 2386 nequitie,
413 2291 499 2364 dnm
516 2311 581 2364 nos
596 2299 736 2386 propter
752 2291 891 2364 unionis
906 2290 1072 2385 promisse
1086 2289 1250 2364 fiduciam
1268 2301 1444 2387 reputaret
1459 2293 1635 2388 incautos,

220 2436 284 2509 per
295 2413 470 2510 quosdam
484 2414 658 2510 principes
676 2425 711 2488 et
731 2413 852 2488 fideles
873 2423 1010 2488 nostros
1028 2413 1206 2488 admoneri
1227 2415 1409 2488 mandavit
1431 2439 1536 2512 super
1552 2422 1640 2515 qui-

220 2537 372 2610 busdum
390 2538 653 2633 gravaminibus
664 2559 735 2632 que
749 2538 784 2610 in
803 2559 913 2630 regno
932 2547 1048 2610 nostro
1061 2537 1177 2610 Sicilie
1192 2547 1226 2610 et
1243 2539 1329 2610 urbe
1346 2541 1500 2615 Romana
1519 2555 1640 2617 contra

220 2683 259 2734 ss
276 2671 311 2734 et
329 2661 523 2734 Ecclesiam
546 2683 609 2756 per
630 2671 765 2734 nostros
790 2661 955 2734 officiales
979 2670 1014 2734 et
1037 2661 1178 2732 nuntios
1202 2661 1296 2734 illata
1321 2661 1469 2736 dicebat.
1494 2663 1551 2740 Ad
1572 2689 1642 2762 que

220 2789 339 2858 omnia
365 2807 446 2858 curn
473 2783 519 2858 de
544 2784 698 2878 ipsomm
721 2783 975 2856 admoniturum
1002 2805 1067 2856 nec
1088 2785 1204 2856 minus
1221 2785 1366 2857 aliorum
1384 2789 1640 2884 quamplurium

219 2908 460 3002 religiosorum
476 2905 611 3000 judicic
630 2907 795 2980 serenitas
815 2917 932 2981 nostra
953 2907 1154 3002 plenissime
1177 2909 1425 3004 respondisset,
1446 2915 1641 3005 responsio·

220 3032 327 3104 nibus
342 3030 492 3124 singulis
510 3029 557 3104 ad
581 3029 720 3121 singula
742 3030 892 3126 capitula
916 3051 986 3104 non
1011 3031 1181 3122 contenti,
1205 3033 1353 3104 verbum
1376 3037 1536 3127 generale
1559 3037 1642 3112 sub·

215 3157 402 3247 junximus
411 3152 508 3249 quod
518 3153 732 3226 volontatem
745 3163 779 3226 et
789 3154 1050 3250 responsionem
1062 3165 1213 3226 noscam
1226 3156 1262 3226 in
1274 3155 1422 3250 singulis
1434 3179 1500 3230 suo
1507 3157 1642 3250 judicio

220 3280 521 3352 committebamus
542 3279 579 3350 in
597 3288 727 3368 totum,
747 3289 851 3374 prout
867 3279 931 3352 bec
949 3279 1208 3374 quamplurium
1230 3281 1441 3376 prelatorum
1462 3285 1558 3356 omni
1574 3282 1643 3360 lide

221 3401 409 3496 dignorum
434 3401 541 3474 literis
565 3410 601 3474 et
629 3402 823 3476 testimonio
847 3404 1030 3476 manifeste
1054 3404 1334 3498 comprobantur.
1363 3407 1511 3480 Etcum
1537 3431 1644 3506 super

220 3525 276 3598 bis
295 3526 461 3598 omnibus
485 3526 625 3598 nuutios
647 3535 783 3599 nostros
806 3549 913 3622 super
936 3527 1218 3620 responsionibus
1244 3529 1330 3622 ipsis
1352 3539 1387 3601 et
1411 3531 1644 3608 satisfactione

221 3651 375 3746 plenaria
398 3648 555 3722 iacienda
575 3649 678 3744 plena
701 3649 806 3722 nostri
828 3651 988 3722 culminis
1008 3651 1211 3723 auctoritate
1233 3651 1387 3724 munitos
1409 3651 1455 3724 ad
1472 3654 1547 3746 ejus
1563 3679 1643 3751 pre-

220 3775 368 3848 sentiam
386 3775 611 3864 mitteremus,
625 3773 690 3846 isto
705 3783 817 3846 rector
829 3773 1036 3846 universalis
1051 3774 1204 3846 Ecclesia
1218 3795 1288 3846 non
1306 3779 1496 3869 expectatis
1510 3779 1642 3852 eisdem

222 3918 283 3992 per
312 3919 462 3991 quorum
491 3896 682 3969 adventum
710 3895 922 3991 presciverat
957 3896 1173 3990 iniquitatem
1201 3917 1384 3992 processus
1414 3901 1469 3971 sui
1496 3902 1643 3976 iaciente

218 4020 353 4112 justitia
378 4018 646 4114 precidendam,
671 4028 788 4092 contra
805 4040 869 4091 uos
892 4018 949 4092 die
966 4019 1161 4092 Palmarum
1184 4021 1246 4113 qui
1271 4023 1492 4116 processibus
1515 4027 1642 4100 talibus

222 4155 275 4216 est
292 4165 433 4239 prorsus
450 4143 626 4228 insolitus,
646 4156 766 4216 contra
790 4163 921 4216 morem
942 4143 1094 4216 Ecclesia
1117 4165 1298 4240 perperam
1320 4155 1354 4218 et
1373 4147 1538 4240 injuriose
1559 4172 1640 4244 pro·

223 4268 336 4339 cessit.
352 4267 423 4339 Nos
437 4276 553 4339 autem
567 4265 629 4360 qui
643 4287 842 4362 processum
864 4265 1067 4356 hujusmodi
1090 4267 1278 4340 temeritate
1294 4268 1435 4362 plenum
1454 4280 1489 4344 et
1508 4271 1642 4363 justitia

222 4409 375 4463 uacuum
387 4388 614 4475 habebamus,
635 4388 682 4461 ad
700 4390 819 4462 iratres
837 4409 919 4461 suos
932 4387 1047 4460 literas
1065 4399 1100 4462 et
1118 4390 1249 4483 legatos
1265 4393 1518 4466 transmisimus
1534 4415 1642 4488 gene-

223 4515 293 4587 rale
311 4522 466 4609 petentes
482 4513 667 4586 concilium
689 4513 892 4602 convocari,
910 4513 946 4584 in
965 4533 1036 4606 quo
1056 4513 1186 4605 judicis
1208 4519 1361 4610 corrupti
1387 4518 1576 4612 nequitiam
1599 4541 1641 4592 ac

224 4636 358 4732 imperii
378 4637 485 4710 nostri
500 4635 669 4728 justitiam
689 4646 724 4708 et
744 4635 974 4712 innocentiam
993 4646 1144 4710 nostram
1163 4640 1375 4729 argumentis
1396 4663 1541 4734 arguere
1563 4643 1641 4716 luce

223 4760 427 4833 clarioribus
443 4759 714 4856 spondebamus.
740 4761 850 4855 Super
871 4780 942 4855 quo
961 4759 1092 4834 nedum
1117 4761 1211 4857 quod
1233 4763 1366 4855 justitie
1388 4773 1504 4838 nostre
1528 4765 1640 4840 delata
