4564 6038
906 721 1223 784 Abolusltltlttlt.
1689 727 1766 790 1229

355 859 437 932 ldeo
452 879 518 950 ego
533 857 707 930 blarsilius
722 855 902 949 Georgius,
923 855 1061 947 bajulus
1076 857 1283 928 Venetorum
1302 853 1337 924 in
1356 855 1455 950 Syria
1472 857 1508 927 in
1529 859 1692 952 scriptum
1708 885 1766 934 re-

357 982 428 1074 digi
447 983 511 1053 ieci
525 1002 595 1075 que
611 979 753 1050 interius
770 978 949 1072 patebunt.

403 1106 490 1178 Nam
505 1126 585 1176 cum
601 1125 622 1175 a
638 1101 826 1197 primordio
839 1102 966 1174 intravi
983 1101 1129 1196 Syriam,
1147 1101 1264 1174 inveni
1278 1103 1375 1196 quod
1392 1105 1529 1197 pessimi
1550 1106 1766 1199 Lougobardi

356 1229 418 1322 qui
432 1228 702 1302 dominationem
719 1227 801 1321 Tyri
814 1247 876 1319 per
887 1224 1067 1298 dominum
1087 1225 1325 1319 imperatorem
1341 1227 1557 1300 Fredericum
1572 1230 1764 1324 habebant,

355 1371 474 1425 omnes
489 1350 644 1423 redditus
657 1371 748 1444 quos
762 1369 948 1422 commune
965 1349 1108 1422 Venetis
1127 1349 1305 1442 percipere
1322 1347 1471 1422 debebat
1487 1359 1557 1422 tam
1576 1351 1611 1422 in
1630 1352 1769 1424 civitate

356 1474 436 1569 Tyri
450 1495 555 1567 quam
575 1482 673 1547 extra
689 1483 855 1566 tauquam
869 1472 936 1545 sibi
955 1471 1164 1566 pertinentes
1176 1473 1396 1562 auferebant,
1414 1495 1476 1545 nos
1491 1473 1536 1546 de
1548 1475 1615 1546 biis
1631 1475 1769 1569 penitus

356 1598 550 1692 spoliando.

404 1723 478 1814 Ego
492 1731 607 1794 autem
621 1721 743 1793 voleus
758 1720 932 1814 inquirere
948 1743 1056 1815 quare
1066 1722 1206 1814 bajulus
1224 1721 1285 1814 qui
1302 1721 1460 1792 illiceret
1476 1743 1539 1816 pro
1554 1721 1647 1794 dicto
1665 1722 1771 1816 impe-

356 1857 468 1918 ratore
485 1845 538 1941 (l)
560 1845 627 1916 hoc
648 1847 776 1916 laceret
793 1853 828 1916 et
853 1854 893 1916 ut
909 1845 1010 1918 nobis
1035 1846 1248 1932 restitueret,
1267 1845 1345 1914 misi
1370 1845 1531 1935 nuncios;
1550 1867 1638 1938 quos
1661 1848 1770 1920 noluit

357 1969 479 2042 audire
494 1990 559 2041 nec
582 1968 685 2039 etiam
702 1965 843 2058 videre,
862 1967 958 2062 quod
976 1970 1088 2061 majus
1110 1976 1173 2040 est.
1195 1968 1303 2038 Immo
1320 1989 1381 2061 per
1401 1968 1590 2040 submissas
1607 1991 1771 2065 personas

358 2094 439 2165 iecit
454 2092 538 2164 mihi
557 2092 674 2163 referri
691 2089 787 2183 quod
802 2113 857 2164 me
871 2091 1063 2185 specialiter
1076 2100 1112 2164 et
1122 2112 1242 2163 omnes
1259 2091 1343 2163 alios
1359 2091 1507 2164 Venetos
1523 2092 1559 2162 in
1577 2114 1724 2186 persona
1737 2103 1772 2164 et

358 2216 462 2288 rebus
479 2214 670 2301 diffidebat,
689 2214 756 2286 hoo
772 2214 922 2287 dicendo
941 2224 980 2286 ut
993 2215 1022 2286 si
1041 2225 1159 2308 postea
1177 2213 1366 2287 offenderet
1380 2236 1435 2286 mo
1453 2215 1508 2288 vel
1524 2215 1610 2288 alios
1625 2218 1773 2290 Venetos

357 2361 421 2434 pro
436 2338 610 2433 proditore
627 2359 696 2409 non
714 2337 912 2411 haberetur.
930 2338 1030 2410 Unde
1054 2359 1120 2430 ogo
1138 2337 1263 2412 ridens
1284 2337 1378 2430 quod
1400 2337 1515 2411 dictus
1533 2339 1672 2432 bajulus
1689 2360 1773 2435 ope·

358 2485 432 2535 ram
453 2462 598 2535 dederat
613 2482 674 2556 pro
692 2460 853 2533 habenda
873 2461 1012 2534 civitate
1028 2460 1144 2534 Aocon
1159 2481 1264 2532 causa
1279 2460 1517 2534 exheredandi
1531 2483 1595 2534 nos
1610 2484 1689 2534 oum
1703 2484 1774 2536 om·

360 2585 464 2656 nibus
482 2585 543 2679 qui
563 2607 642 2657 cum
658 2584 812 2656 Ecclesia
830 2586 982 2658 llomana
997 2581 1047 2680 (a)
1063 2593 1310 2678 sequerentur,
1333 2585 1408 2677 cepi
1425 2585 1593 2678 sagaciter
1609 2585 1774 2658 inducere
1887 2673 1890 2680 Ι

360 2707 539 2782 dominum
555 2708 750 2802 Philippum
764 2713 809 2780 de
824 2709 1007 2780 Montforte
1022 2708 1081 2801 qui
1100 2707 1262 2780 dominns
1278 2716 1351 2779 erat
1366 2708 1507 2780 Turonis
1525 2717 1559 2781 et
1582 2708 1667 2780 alios
1684 2729 1774 2802 quos

360 2831 545 2908 credebam
564 2839 658 2903 tante
676 2831 726 2903 rei
742 2829 924 2925 expedire,
945 2839 984 2902 ut
1002 2831 1119 2902 Accon
1134 2831 1282 2902 retinere
1300 2851 1481 2924 possemus
1493 2841 1528 2902 et
1541 2831 1658 2903 Tirum
1673 2852 1773 2903 rocu-

358 2975 493 3049 perare.
507 2953 574 3048 lpsi
587 2974 671 3025 vero
683 2975 788 3048 super
802 2953 871 3024 biis
885 2975 955 3047 que
971 2955 1021 3026 eis
1039 2953 1198 3026 dixeram
1215 2953 1405 3046 cogitantes
1419 2961 1453 3025 et
1470 2954 1506 3024 in
1522 2975 1641 3027 eorum
1657 2955 1774 3026 animo

359 3077 576 3149 revolventes
592 3076 678 3170 quid
697 3077 748 3148 eis
764 3075 920 3148 accidere
937 3085 1072 3171 posset,
1091 3076 1159 3148 biis
1180 3097 1250 3170 quo
1264 3077 1315 3150 eis
1334 3075 1492 3150 dixeram
1511 3088 1770 3152 consenserunt.

359 3200 447 3272 Dicti
464 3201 610 3272 barones
625 3199 784 3272 videntes
801 3199 991 3292 periculum
1009 3200 1106 3293 quod
1121 3201 1172 3273 eis
1188 3199 1346 3273 accidere
1362 3201 1471 3295 possit
1487 3200 1603 3274 Acoon
1621 3224 1642 3274 a
1657 3202 1775 3294 bajulo

360 3323 594 3416 imperatoris,
613 3331 647 3394 et
665 3321 878 3394 confidentes
897 3322 942 3394 de
959 3344 1001 3395 eo
1019 3323 1116 3416 quod
1135 3322 1346 3394 inducebant
1363 3322 1412 3418 (b)
1430 3345 1508 3394 curn
1523 3324 1771 3415 Jauuensibus,

360 3445 610 3518 ordinaverunt
625 3455 660 3518 et
676 3445 807 3540 operati
823 3455 905 3516 sunt
923 3444 1018 3540 quod
1037 3446 1157 3540 regina
1175 3446 1266 3541 Cipri
1290 3446 1429 3518 nomine
1452 3447 1546 3518 Helie
1569 3456 1702 3542 peteret
1718 3469 1774 3520 ro·

359 3591 466 3661 gnum
474 3569 786 3641 lerosolimitanum
794 3569 839 3641 ab
848 3569 1107 3664 archiepiscopo
1116 3569 1257 3664 Tyrensi
1269 3570 1328 3663 qui
1342 3580 1417 3642 erat
1427 3569 1577 3641 vicarius
1584 3568 1775 3662 patriarche

359 3703 393 3764 et
408 3693 453 3764 ab
469 3693 630 3765 omnibus
645 3693 721 3764 aliis
748 3693 887 3786 prelatis
912 3693 996 3766 dicti
1021 3692 1138 3786 regni,
1164 3701 1200 3764 et
1215 3691 1377 3766 domibus
1395 3714 1466 3786 que
1487 3692 1555 3764 sub
1576 3694 1698 3786 regula
1712 3691 1775 3766 ha·

359 3815 502 3906 bentur,
521 3824 555 3888 et
571 3836 755 3888 commuue
773 3815 923 3888 civitatis
946 3814 1062 3888 Accon
1084 3825 1119 3887 et
1134 3837 1317 3888 commune
1335 3817 1543 3890 Venetorum
1565 3825 1601 3887 et
1622 3817 1774 3889 Jauuen-

360 3939 450 4010 sium
468 3949 503 4011 et
517 3939 563 4012 ab
581 3940 744 4012 omnibus
763 3939 842 4011 aliis
860 3940 923 4033 qui
939 3938 1085 4012 tacendo
1102 3947 1351 4012 consenserunt
1368 3949 1408 4010 ut
1426 3937 1476 4034 (a)
1494 3938 1647 4032 legitima
1663 3941 1774 4030 magis

358 4061 522 4134 omnibus
539 4063 695 4157 personis
709 4062 785 4134 aliis
799 4062 835 4134 in
847 4083 954 4154 regno
968 4069 1154 4157 apparente
1170 4060 1363 4134 secundum
1380 4059 1523 4132 modum
1539 4061 1650 4152 regni,
1668 4067 1774 4152 quam

359 4185 427 4258 aliu
443 4207 513 4280 que
531 4196 614 4258 tuno
636 4185 801 4280 temporis
826 4195 917 4259 esset
934 4185 970 4256 in
991 4205 1111 4279 regno.
1140 4185 1261 4258 Prelati
1280 4181 1404 4283 [ergo],
1430 4184 1576 4258 barones
1599 4193 1634 4257 et
1654 4203 1773 4256 omnes

401 4353 443 4432 (a)
466 4355 637 4434 legendnm
651 4373 722 4418 vero
736 4373 853 4418 matram
870 4354 997 4419 Ecclesia
1009 4357 1145 4418 lloowne.

401 4457 442 4538 (b)
463 4459 500 4520 Id
512 4467 557 4522 est
569 4459 702 4523 inducias
710 4461 877 4542 sariebant.

402 4566 439 4646 (c)
466 4569 585 4632 Solltoet
599 4577 750 4651 unquam.

397 4827 435 4901 (t)
453 4827 557 4886 Scilicet
570 4830 715 4890 Riccardus
727 4832 904 4905 Filangon'us,
917 4832 993 4906 regni
1005 4831 1110 4890 Siciliae
1122 4829 1310 4890 marescalcus.
1323 4828 1364 4888 Cl.
1379 4829 1571 4902 lotruduotion,
1585 4847 1613 4903 p.
1632 4846 1735 4890 uocem.

438 4926 477 4989 V.
499 4943 587 4992 Parsa.
1557 4939 1613 4990 165
