<?xml version="1.0" encoding="UTF-8"?>
<!DOCTYPE html PUBLIC "-//W3C//DTD XHTML 1.0 Transitional//EN"
    "http://www.w3.org/TR/xhtml1/DTD/xhtml1-transitional.dtd">
<html xmlns="http://www.w3.org/1999/xhtml" xml:lang="en" lang="en">
 <head>
  <title>
</title>
<meta http-equiv="Content-Type" content="text/html;charset=utf-8" />
  <meta name='ocr-system' content='tesseract 3.04.00' />
  <meta name='ocr-capabilities' content='ocr_page ocr_carea ocr_par ocr_line ocrx_word'/>
</head>
<body>
  <div class='ocr_page' id='page_1' title='image "./historiadiploma01fredgoog_0103.png"; bbox 0 0 4468 6010; ppageno 0'>
   <div class='ocr_carea' id='block_1_1' title="bbox 275 682 1691 762">
    <p class='ocr_par' dir='ltr' id='par_1_1' title="bbox 275 682 1691 762">
     <span class='ocr_line' id='line_1_1' title="bbox 275 682 1691 762; baseline -0.001 -17"><span class='ocrx_word' id='word_1_1' title='bbox 275 684 371 745; x_wconf 76' lang='lat' dir='ltr'><strong>Inter.</strong></span> <span class='ocrx_word' id='word_1_2' title='bbox 389 683 452 762; x_wconf 60' lang='lat' dir='ltr'><strong>ld]</strong></span> <span class='ocrx_word' id='word_1_3' title='bbox 713 685 913 748; x_wconf 77' lang='lat' dir='ltr'><strong>atstottta</strong></span> <span class='ocrx_word' id='word_1_4' title='bbox 938 685 1238 750; x_wconf 76' lang='lat' dir='ltr'><strong>otttotlartca</strong></span> <span class='ocrx_word' id='word_1_5' title='bbox 1631 682 1691 744; x_wconf 82' lang='lat' dir='ltr'><strong>tar</strong></span> 
     </span>
    </p>
   </div>
   <div class='ocr_carea' id='block_1_2' title="bbox 276 818 1692 1414">
    <p class='ocr_par' dir='ltr' id='par_1_2' title="bbox 276 818 1692 1164">
     <span class='ocr_line' id='line_1_2' title="bbox 276 818 1692 919; baseline 0 -27"><span class='ocrx_word' id='word_1_6' title='bbox 276 825 392 892; x_wconf 87' lang='lat' dir='ltr'><strong>nostro</strong></span> <span class='ocrx_word' id='word_1_7' title='bbox 407 839 450 892; x_wconf 87' lang='lat' dir='ltr'><strong>ac</strong></span> <span class='ocrx_word' id='word_1_8' title='bbox 458 818 593 910; x_wconf 84' lang='lat' dir='ltr'><strong>justitie</strong></span> <span class='ocrx_word' id='word_1_9' title='bbox 605 819 734 894; x_wconf 83' lang='lat' dir='ltr'><strong>rideris</strong></span> <span class='ocrx_word' id='word_1_10' title='bbox 744 823 927 919; x_wconf 86' lang='lat' dir='ltr'><strong>expedire;</strong></span> <span class='ocrx_word' id='word_1_11' title='bbox 948 823 1089 898; x_wconf 91' lang='lat' dir='ltr'><strong>demum</strong></span> <span class='ocrx_word' id='word_1_12' title='bbox 1103 841 1302 916; x_wconf 74' lang='lat' dir='ltr'>processum</span> <span class='ocrx_word' id='word_1_13' title='bbox 1316 827 1415 890; x_wconf 93' lang='lat' dir='ltr'><strong>tuum</strong></span> <span class='ocrx_word' id='word_1_14' title='bbox 1428 839 1533 914; x_wconf 90' lang='lat' dir='ltr'><strong>super</strong></span> <span class='ocrx_word' id='word_1_15' title='bbox 1547 819 1692 914; x_wconf 75' lang='lat' dir='ltr'><strong>singulis</strong></span> 
     </span>
     <span class='ocr_line' id='line_1_3' title="bbox 276 941 1691 1042; baseline 0 -26"><span class='ocrx_word' id='word_1_16' title='bbox 276 951 311 1016; x_wconf 92' lang='lat' dir='ltr'><strong>et</strong></span> <span class='ocrx_word' id='word_1_17' title='bbox 329 941 564 1038; x_wconf 72' lang='lat' dir='ltr'><strong>inquisitionis</strong></span> <span class='ocrx_word' id='word_1_18' title='bbox 583 951 735 1018; x_wconf 86' lang='lat' dir='ltr'><strong>tenorem</strong></span> <span class='ocrx_word' id='word_1_19' title='bbox 752 967 794 1018; x_wconf 91' lang='lat' dir='ltr'><strong>ac</strong></span> <span class='ocrx_word' id='word_1_20' title='bbox 814 947 918 1019; x_wconf 89' lang='lat' dir='ltr'><strong>totius</strong></span> <span class='ocrx_word' id='word_1_21' title='bbox 933 968 1039 1042; x_wconf 92' lang='lat' dir='ltr'><strong>quam</strong></span> <span class='ocrx_word' id='word_1_22' title='bbox 1063 944 1280 1038; x_wconf 74' lang='lat' dir='ltr'><strong>recollegeris</strong></span> <span class='ocrx_word' id='word_1_23' title='bbox 1300 941 1447 1038; x_wconf 75' lang='lat' dir='ltr'><strong>pecunie</strong></span> <span class='ocrx_word' id='word_1_24' title='bbox 1465 942 1691 1037; x_wconf 72' lang='lat' dir='ltr'><strong>quantitatem</strong></span> 
     </span>
     <span class='ocr_line' id='line_1_4' title="bbox 277 1065 1327 1164; baseline 0 -26"><span class='ocrx_word' id='word_1_25' title='bbox 277 1065 341 1138; x_wconf 89' lang='lat' dir='ltr'><strong>suh</strong></span> <span class='ocrx_word' id='word_1_26' title='bbox 356 1065 472 1160; x_wconf 78' lang='lat' dir='ltr'><strong>sigillo</strong></span> <span class='ocrx_word' id='word_1_27' title='bbox 491 1075 554 1139; x_wconf 93' lang='lat' dir='ltr'><strong>tuo</strong></span> <span class='ocrx_word' id='word_1_28' title='bbox 574 1065 735 1140; x_wconf 90' lang='lat' dir='ltr'><strong>distinete</strong></span> <span class='ocrx_word' id='word_1_29' title='bbox 752 1069 852 1142; x_wconf 89' lang='lat' dir='ltr'><strong>nohis</strong></span> <span class='ocrx_word' id='word_1_30' title='bbox 869 1091 912 1142; x_wconf 90' lang='lat' dir='ltr'><strong>ae</strong></span> <span class='ocrx_word' id='word_1_31' title='bbox 926 1069 1073 1142; x_wconf 85' lang='lat' dir='ltr'><strong>fideliter</strong></span> <span class='ocrx_word' id='word_1_32' title='bbox 1087 1068 1327 1164; x_wconf 81' lang='lat' dir='ltr'><strong>rescripturus.</strong></span> 
     </span>
    </p>

    <p class='ocr_par' dir='ltr' id='par_1_3' title="bbox 322 1189 1245 1284">
     <span class='ocr_line' id='line_1_5' title="bbox 322 1189 1245 1284; baseline 0 -22"><span class='ocrx_word' id='word_1_33' title='bbox 322 1191 449 1263; x_wconf 85' lang='lat' dir='ltr'><strong>Datum</strong></span> <span class='ocrx_word' id='word_1_34' title='bbox 464 1189 636 1284; x_wconf 77' lang='lat' dir='ltr'><strong>Fulginei‚</strong></span> <span class='ocrx_word' id='word_1_35' title='bbox 656 1191 731 1266; x_wconf 84' lang='lat' dir='ltr'>VIII</span> <span class='ocrx_word' id='word_1_36' title='bbox 748 1192 925 1282; x_wconf 82' lang='lat' dir='ltr'><strong>febroarii,</strong></span> <span class='ocrx_word' id='word_1_37' title='bbox 942 1193 1020 1266; x_wconf 88' lang='lat' dir='ltr'>XIII</span> <span class='ocrx_word' id='word_1_38' title='bbox 1034 1191 1245 1266; x_wconf 85' lang='lat' dir='ltr'><strong>indictionis.</strong></span> 
     </span>
    </p>

    <p class='ocr_par' dir='ltr' id='par_1_4' title="bbox 322 1313 1132 1414">
     <span class='ocr_line' id='line_1_6' title="bbox 322 1313 1132 1414; baseline -0.001 -26"><span class='ocrx_word' id='word_1_39' title='bbox 322 1313 424 1388; x_wconf 80' lang='lat' dir='ltr'><strong>lator</strong></span> <span class='ocrx_word' id='word_1_40' title='bbox 439 1313 612 1409; x_wconf 81' lang='lat' dir='ltr'><strong>hogerius</strong></span> <span class='ocrx_word' id='word_1_41' title='bbox 628 1313 903 1414; x_wconf 74' lang='lat' dir='ltr'><strong>archipresbyter</strong></span> <span class='ocrx_word' id='word_1_42' title='bbox 925 1315 1132 1390; x_wconf 88' lang='lat' dir='ltr'><strong>Bucclanioi.</strong></span> 
     </span>
    </p>
   </div>
   <div class='ocr_carea' id='block_1_3' title="bbox 278 1859 1875 2368">
    <p class='ocr_par' dir='ltr' id='par_1_5' title="bbox 278 1859 1875 2368">
     <span class='ocr_line' id='line_1_7' title="bbox 330 1859 1875 1992; baseline -0.004 -44"><span class='ocrx_word' id='word_1_43' title='bbox 330 1863 556 1948; x_wconf 86' lang='lat' dir='ltr'><strong>Mandatum</strong></span> <span class='ocrx_word' id='word_1_44' title='bbox 573 1862 623 1944; x_wconf 89' lang='lat' dir='ltr'><strong>ed</strong></span> <span class='ocrx_word' id='word_1_45' title='bbox 639 1859 889 1970; x_wconf 71' lang='lat' dir='ltr'><strong>justitiarium</strong></span> <span class='ocrx_word' id='word_1_46' title='bbox 915 1859 1065 1969; x_wconf 84' lang='lat' dir='ltr'><strong>Aprutii</strong></span> <span class='ocrx_word' id='word_1_47' title='bbox 1083 1861 1188 1970; x_wconf 91' lang='lat' dir='ltr'><strong>quod</strong></span> <span class='ocrx_word' id='word_1_48' title='bbox 1205 1859 1385 1969; x_wconf 79' lang='lat' dir='ltr'><strong>procedat</strong></span> <span class='ocrx_word' id='word_1_49' title='bbox 1400 1867 1533 1944; x_wconf 87' lang='lat' dir='ltr'><strong>contra</strong></span> <span class='ocrx_word' id='word_1_50' title='bbox 1550 1860 1695 1970; x_wconf 91' lang='lat' dir='ltr'><strong>domp-</strong></span> <span class='ocrx_word' id='word_1_51' title='bbox 1738 1892 1875 1992; x_wconf 51' lang='lat' dir='ltr'><strong>pm</strong></span> 
     </span>
     <span class='ocr_line' id='line_1_8' title="bbox 278 1991 1693 2104; baseline -0.001 -27"><span class='ocrx_word' id='word_1_52' title='bbox 278 2019 371 2078; x_wconf 90' lang='lat' dir='ltr'><strong>num</strong></span> <span class='ocrx_word' id='word_1_53' title='bbox 399 1993 636 2078; x_wconf 84' lang='lat' dir='ltr'><strong>Adenullum</strong></span> <span class='ocrx_word' id='word_1_54' title='bbox 665 1992 794 2076; x_wconf 82' lang='lat' dir='ltr'><strong>Sancti</strong></span> <span class='ocrx_word' id='word_1_55' title='bbox 823 1991 1013 2101; x_wconf 83' lang='lat' dir='ltr'><strong>Pamphili</strong></span> <span class='ocrx_word' id='word_1_56' title='bbox 1044 1993 1093 2076; x_wconf 91' lang='lat' dir='ltr'><strong>de</strong></span> <span class='ocrx_word' id='word_1_57' title='bbox 1120 1991 1306 2076; x_wconf 86' lang='lat' dir='ltr'><strong>Sulmone</strong></span> <span class='ocrx_word' id='word_1_58' title='bbox 1339 1993 1591 2101; x_wconf 87' lang='lat' dir='ltr'><strong>canonicum,</strong></span> <span class='ocrx_word' id='word_1_59' title='bbox 1624 1994 1693 2104; x_wconf 91' lang='lat' dir='ltr'><strong>qui</strong></span> 
     </span>
     <span class='ocr_line' id='line_1_9' title="bbox 279 2121 1693 2238; baseline -0.002 -27"><span class='ocrx_word' id='word_1_60' title='bbox 279 2126 473 2238; x_wconf 91' lang='lat' dir='ltr'><strong>quondam</strong></span> <span class='ocrx_word' id='word_1_61' title='bbox 508 2125 699 2210; x_wconf 73' lang='lat' dir='ltr'><strong>civitaten</strong></span> <span class='ocrx_word' id='word_1_62' title='bbox 739 2123 1032 2208; x_wconf 86' lang='lat' dir='ltr'><strong>Sulmonensem</strong></span> <span class='ocrx_word' id='word_1_63' title='bbox 1067 2123 1193 2234; x_wconf 86' lang='lat' dir='ltr'><strong>Papae</strong></span> <span class='ocrx_word' id='word_1_64' title='bbox 1228 2123 1317 2208; x_wconf 85' lang='lat' dir='ltr'><strong>lecit</strong></span> <span class='ocrx_word' id='word_1_65' title='bbox 1347 2121 1479 2233; x_wconf 87' lang='lat' dir='ltr'><strong>jurare</strong></span> <span class='ocrx_word' id='word_1_66' title='bbox 1516 2133 1555 2208; x_wconf 91' lang='lat' dir='ltr'><strong>et</strong></span> <span class='ocrx_word' id='word_1_67' title='bbox 1589 2150 1693 2208; x_wconf 91' lang='lat' dir='ltr'><strong>nunc</strong></span> 
     </span>
     <span class='ocr_line' id='line_1_10' title="bbox 279 2254 1042 2368; baseline -0.007 -26"><span class='ocrx_word' id='word_1_68' title='bbox 279 2259 481 2342; x_wconf 88' lang='lat' dir='ltr'><strong>enormiter</strong></span> <span class='ocrx_word' id='word_1_69' title='bbox 498 2260 547 2342; x_wconf 90' lang='lat' dir='ltr'><strong>de</strong></span> <span class='ocrx_word' id='word_1_70' title='bbox 563 2257 734 2368; x_wconf 90' lang='lat' dir='ltr'><strong>principe</strong></span> <span class='ocrx_word' id='word_1_71' title='bbox 752 2265 810 2340; x_wconf 88' lang='lat' dir='ltr'><strong>est</strong></span> <span class='ocrx_word' id='word_1_72' title='bbox 826 2254 1042 2340; x_wconf 87' lang='lat' dir='ltr'><strong>oblocutus.</strong></span> 
     </span>
    </p>
   </div>
   <div class='ocr_carea' id='block_1_4' title="bbox 354 2454 1463 2542">
    <p class='ocr_par' dir='ltr' id='par_1_6' title="bbox 354 2454 1463 2542">
     <span class='ocr_line' id='line_1_11' title="bbox 354 2454 1463 2542; baseline -0.004 -20"><span class='ocrx_word' id='word_1_73' title='bbox 354 2459 485 2542; x_wconf 69' lang='lat' dir='ltr'><strong>(tepet.</strong></span> <span class='ocrx_word' id='word_1_74' title='bbox 497 2461 602 2541; x_wconf 64' lang='lat' dir='ltr'><strong>tepor.</strong></span> <span class='ocrx_word' id='word_1_75' title='bbox 616 2457 735 2522; x_wconf 67' lang='lat' dir='ltr'><strong>stada.</strong></span> <span class='ocrx_word' id='word_1_76' title='bbox 750 2459 790 2534; x_wconf 91' lang='lat'><strong>11,</strong></span> <span class='ocrx_word' id='word_1_77' title='bbox 805 2459 858 2520; x_wconf 88' lang='lat' dir='ltr'><strong>lol.</strong></span> <span class='ocrx_word' id='word_1_78' title='bbox 876 2467 915 2520; x_wconf 88' lang='lat' dir='ltr'><strong>oe</strong></span> <span class='ocrx_word' id='word_1_79' title='bbox 930 2473 1034 2531; x_wconf 76' lang='lat' dir='ltr'><strong>vereo3</strong></span> <span class='ocrx_word' id='word_1_80' title='bbox 1048 2458 1081 2518; x_wconf 90' lang='lat' dir='ltr'><strong>ln</strong></span> <span class='ocrx_word' id='word_1_81' title='bbox 1094 2454 1165 2517; x_wconf 88' lang='lat' dir='ltr'><strong>edlt.</strong></span> <span class='ocrx_word' id='word_1_82' title='bbox 1180 2456 1318 2532; x_wconf 67' lang='lat' dir='ltr'><strong>Gmcan„</strong></span> <span class='ocrx_word' id='word_1_83' title='bbox 1332 2473 1364 2536; x_wconf 90' lang='lat' dir='ltr'><strong>p.</strong></span> <span class='ocrx_word' id='word_1_84' title='bbox 1382 2457 1463 2536; x_wconf 72' lang='lat' dir='ltr'><strong>tta.)</strong></span> 
     </span>
    </p>
   </div>
   <div class='ocr_carea' id='block_1_5' title="bbox 274 2627 1691 4700">
    <p class='ocr_par' dir='ltr' id='par_1_7' title="bbox 323 2627 1276 2727">
     <span class='ocr_line' id='line_1_12' title="bbox 323 2627 1276 2727; baseline -0.007 -21"><span class='ocrx_word' id='word_1_85' title='bbox 323 2637 370 2705; x_wconf 86' lang='lat' dir='ltr'><strong>De</strong></span> <span class='ocrx_word' id='word_1_86' title='bbox 382 2635 548 2727; x_wconf 58' lang='lat' dir='ltr'><strong>mutim-i</strong></span> <span class='ocrx_word' id='word_1_87' title='bbox 565 2633 725 2704; x_wconf 83' lang='lat' dir='ltr'><strong>mandato</strong></span> <span class='ocrx_word' id='word_1_88' title='bbox 740 2633 877 2726; x_wconf 72' lang='lat' dir='ltr'><strong>scalpsit</strong></span> <span class='ocrx_word' id='word_1_89' title='bbox 894 2629 980 2702; x_wconf 85' lang='lat' dir='ltr'><strong>idem</strong></span> <span class='ocrx_word' id='word_1_90' title='bbox 995 2631 1036 2702; x_wconf 85' lang='lat' dir='ltr'><strong>tt.</strong></span> <span class='ocrx_word' id='word_1_91' title='bbox 1054 2629 1095 2700; x_wconf 84' lang='lat' dir='ltr'><strong>de</strong></span> <span class='ocrx_word' id='word_1_92' title='bbox 1111 2627 1248 2700; x_wconf 78' lang='lat' dir='ltr'><strong>Solerao</strong></span> <span class='ocrx_word' id='word_1_93' title='bbox 1264 2656 1276 2700; x_wconf 94' lang='grc'><strong>.·</strong></span> 
     </span>
    </p>

    <p class='ocr_par' dir='ltr' id='par_1_8' title="bbox 274 2749 1691 4578">
     <span class='ocr_line' id='line_1_13' title="bbox 325 2749 1690 2851; baseline 0.001 -22"><span class='ocrx_word' id='word_1_94' title='bbox 325 2755 539 2846; x_wconf 76' lang='lat' dir='ltr'><strong>FredericuS,</strong></span> <span class='ocrx_word' id='word_1_95' title='bbox 556 2765 622 2828; x_wconf 91' lang='lat' dir='ltr'><strong>etc.</strong></span> <span class='ocrx_word' id='word_1_96' title='bbox 644 2751 697 2851; x_wconf 91' lang='lat' dir='ltr'><strong>[B.</strong></span> <span class='ocrx_word' id='word_1_97' title='bbox 711 2749 929 2850; x_wconf 86' lang='lat' dir='ltr'><strong>Pissono(a)]</strong></span> <span class='ocrx_word' id='word_1_98' title='bbox 936 2753 1121 2844; x_wconf 82' lang='lat' dir='ltr'><strong>justitiario</strong></span> <span class='ocrx_word' id='word_1_99' title='bbox 1134 2753 1284 2848; x_wconf 75' lang='lat' dir='ltr'><strong>Aprnhi,</strong></span> <span class='ocrx_word' id='word_1_100' title='bbox 1302 2761 1367 2826; x_wconf 91' lang='lat' dir='ltr'><strong>etc.</strong></span> <span class='ocrx_word' id='word_1_101' title='bbox 1386 2754 1538 2827; x_wconf 90' lang='lat' dir='ltr'><strong>lnnotuit</strong></span> <span class='ocrx_word' id='word_1_102' title='bbox 1550 2755 1690 2830; x_wconf 87' lang='lat' dir='ltr'><strong>celsitu·</strong></span> 
     </span>
     <span class='ocr_line' id='line_1_14' title="bbox 277 2875 1691 2974; baseline -0.001 -21"><span class='ocrx_word' id='word_1_103' title='bbox 277 2880 347 2954; x_wconf 93' lang='lat' dir='ltr'><strong>dini</strong></span> <span class='ocrx_word' id='word_1_104' title='bbox 359 2889 475 2953; x_wconf 87' lang='lat' dir='ltr'><strong>nostre</strong></span> <span class='ocrx_word' id='word_1_105' title='bbox 485 2879 581 2974; x_wconf 92' lang='lat' dir='ltr'><strong>quod</strong></span> <span class='ocrx_word' id='word_1_106' title='bbox 598 2877 777 2973; x_wconf 89' lang='lat' dir='ltr'><strong>quondam</strong></span> <span class='ocrx_word' id='word_1_107' title='bbox 791 2877 967 2973; x_wconf 88' lang='lat' dir='ltr'><strong>dompnus</strong></span> <span class='ocrx_word' id='word_1_108' title='bbox 977 2875 1174 2950; x_wconf 83' lang='lat' dir='ltr'><strong>Adenullus</strong></span> <span class='ocrx_word' id='word_1_109' title='bbox 1188 2878 1375 2950; x_wconf 85' lang='lat' dir='ltr'><strong>canonieus</strong></span> <span class='ocrx_word' id='word_1_110' title='bbox 1383 2878 1499 2950; x_wconf 86' lang='lat' dir='ltr'><strong>Sancti</strong></span> <span class='ocrx_word' id='word_1_111' title='bbox 1507 2877 1628 2953; x_wconf 88' lang='lat' dir='ltr'><strong>Panfili</strong></span> <span class='ocrx_word' id='word_1_112' title='bbox 1644 2878 1691 2953; x_wconf 90' lang='lat' dir='ltr'><strong>de</strong></span> 
     </span>
     <span class='ocr_line' id='line_1_15' title="bbox 276 2999 1689 3099; baseline -0.001 -22"><span class='ocrx_word' id='word_1_113' title='bbox 276 3005 437 3078; x_wconf 86' lang='lat' dir='ltr'><strong>Sulmone</strong></span> <span class='ocrx_word' id='word_1_114' title='bbox 457 3013 611 3099; x_wconf 90' lang='lat' dir='ltr'><strong>tempore</strong></span> <span class='ocrx_word' id='word_1_115' title='bbox 626 3003 738 3098; x_wconf 90' lang='lat' dir='ltr'><strong>prime</strong></span> <span class='ocrx_word' id='word_1_116' title='bbox 755 3011 830 3074; x_wconf 87' lang='lat' dir='ltr'><strong>orte</strong></span> <span class='ocrx_word' id='word_1_117' title='bbox 847 2999 1024 3076; x_wconf 89' lang='lat' dir='ltr'><strong>discordie</strong></span> <span class='ocrx_word' id='word_1_118' title='bbox 1043 3001 1132 3074; x_wconf 89' lang='lat' dir='ltr'><strong>inter</strong></span> <span class='ocrx_word' id='word_1_119' title='bbox 1150 3020 1213 3073; x_wconf 92' lang='lat' dir='ltr'><strong>noe</strong></span> <span class='ocrx_word' id='word_1_120' title='bbox 1226 3008 1261 3072; x_wconf 87' lang='lat' dir='ltr'><strong>et</strong></span> <span class='ocrx_word' id='word_1_121' title='bbox 1281 3001 1490 3092; x_wconf 87' lang='lat' dir='ltr'><strong>Ecclesiam,</strong></span> <span class='ocrx_word' id='word_1_122' title='bbox 1507 3023 1587 3075; x_wconf 88' lang='lat' dir='ltr'><strong>cum</strong></span> <span class='ocrx_word' id='word_1_123' title='bbox 1604 3003 1689 3098; x_wconf 92' lang='lat' dir='ltr'><strong>qui-</strong></span> 
     </span>
     <span class='ocr_line' id='line_1_16' title="bbox 275 3125 1689 3222; baseline 0 -23"><span class='ocrx_word' id='word_1_124' title='bbox 275 3127 424 3200; x_wconf 88' lang='lat' dir='ltr'><strong>busdam</strong></span> <span class='ocrx_word' id='word_1_125' title='bbox 449 3126 715 3220; x_wconf 78' lang='lat' dir='ltr'><strong>consanguineis</strong></span> <span class='ocrx_word' id='word_1_126' title='bbox 738 3133 773 3198; x_wconf 91' lang='lat' dir='ltr'><strong>et</strong></span> <span class='ocrx_word' id='word_1_127' title='bbox 798 3127 1026 3221; x_wconf 89' lang='lat' dir='ltr'><strong>complicibus</strong></span> <span class='ocrx_word' id='word_1_128' title='bbox 1045 3126 1118 3198; x_wconf 87' lang='lat' dir='ltr'><strong>suis</strong></span> <span class='ocrx_word' id='word_1_129' title='bbox 1137 3125 1336 3222; x_wconf 88' lang='lat' dir='ltr'><strong>procuravit</strong></span> <span class='ocrx_word' id='word_1_130' title='bbox 1356 3125 1453 3220; x_wconf 93' lang='lat' dir='ltr'><strong>quod</strong></span> <span class='ocrx_word' id='word_1_131' title='bbox 1473 3126 1595 3200; x_wconf 83' lang='lat' dir='ltr'><strong>ciritae</strong></span> <span class='ocrx_word' id='word_1_132' title='bbox 1611 3129 1689 3202; x_wconf 89' lang='lat' dir='ltr'><strong>Sul·</strong></span> 
     </span>
     <span class='ocr_line' id='line_1_17' title="bbox 275 3249 1689 3345; baseline 0.001 -21"><span class='ocrx_word' id='word_1_133' title='bbox 275 3251 450 3324; x_wconf 86' lang='lat' dir='ltr'><strong>nonensis</strong></span> <span class='ocrx_word' id='word_1_134' title='bbox 469 3251 600 3342; x_wconf 86' lang='lat' dir='ltr'><strong>juraret</strong></span> <span class='ocrx_word' id='word_1_135' title='bbox 622 3259 705 3322; x_wconf 89' lang='lat' dir='ltr'><strong>tunc</strong></span> <span class='ocrx_word' id='word_1_136' title='bbox 725 3269 830 3344; x_wconf 86' lang='lat' dir='ltr'><strong>pape.</strong></span> <span class='ocrx_word' id='word_1_137' title='bbox 857 3249 958 3322; x_wconf 88' lang='lat' dir='ltr'><strong>Nunc</strong></span> <span class='ocrx_word' id='word_1_138' title='bbox 987 3259 1106 3322; x_wconf 92' lang='lat' dir='ltr'><strong>antem</strong></span> <span class='ocrx_word' id='word_1_139' title='bbox 1129 3258 1207 3345; x_wconf 88' lang='lat' dir='ltr'><strong>post</strong></span> <span class='ocrx_word' id='word_1_140' title='bbox 1230 3259 1422 3345; x_wconf 88' lang='lat' dir='ltr'><strong>presentem</strong></span> <span class='ocrx_word' id='word_1_141' title='bbox 1450 3249 1539 3322; x_wconf 88' lang='lat' dir='ltr'><strong>inter</strong></span> <span class='ocrx_word' id='word_1_142' title='bbox 1562 3271 1628 3324; x_wconf 88' lang='lat' dir='ltr'><strong>nos</strong></span> <span class='ocrx_word' id='word_1_143' title='bbox 1653 3261 1689 3325; x_wconf 93' lang='lat' dir='ltr'><strong>et</strong></span> 
     </span>
     <span class='ocr_line' id='line_1_18' title="bbox 275 3369 1688 3467; baseline 0.001 -21"><span class='ocrx_word' id='word_1_144' title='bbox 275 3373 405 3446; x_wconf 87' lang='lat' dir='ltr'><strong>dietum</strong></span> <span class='ocrx_word' id='word_1_145' title='bbox 426 3373 555 3467; x_wconf 87' lang='lat' dir='ltr'><strong>Papam</strong></span> <span class='ocrx_word' id='word_1_146' title='bbox 575 3379 685 3443; x_wconf 90' lang='lat' dir='ltr'><strong>ortam</strong></span> <span class='ocrx_word' id='word_1_147' title='bbox 704 3369 912 3444; x_wconf 89' lang='lat' dir='ltr'><strong>discordiam</strong></span> <span class='ocrx_word' id='word_1_148' title='bbox 928 3372 964 3443; x_wconf 93' lang='lat' dir='ltr'><strong>in</strong></span> <span class='ocrx_word' id='word_1_149' title='bbox 983 3372 1172 3445; x_wconf 90' lang='lat' dir='ltr'><strong>multorum</strong></span> <span class='ocrx_word' id='word_1_150' title='bbox 1195 3369 1349 3446; x_wconf 91' lang='lat' dir='ltr'><strong>lidelium</strong></span> <span class='ocrx_word' id='word_1_151' title='bbox 1367 3383 1561 3446; x_wconf 89' lang='lat' dir='ltr'><strong>nostrorum</strong></span> <span class='ocrx_word' id='word_1_152' title='bbox 1582 3395 1688 3447; x_wconf 91' lang='lat' dir='ltr'><strong>scan-</strong></span> 
     </span>
     <span class='ocr_line' id='line_1_19' title="bbox 275 3492 1688 3588; baseline 0 -19"><span class='ocrx_word' id='word_1_153' title='bbox 275 3495 412 3586; x_wconf 88' lang='lat' dir='ltr'><strong>dalum,</strong></span> <span class='ocrx_word' id='word_1_154' title='bbox 429 3495 584 3568; x_wconf 89' lang='lat' dir='ltr'><strong>enormia</strong></span> <span class='ocrx_word' id='word_1_155' title='bbox 606 3494 714 3567; x_wconf 87' lang='lat' dir='ltr'><strong>verbs</strong></span> <span class='ocrx_word' id='word_1_156' title='bbox 735 3493 823 3566; x_wconf 92' lang='lat' dir='ltr'><strong>sicut</strong></span> <span class='ocrx_word' id='word_1_157' title='bbox 837 3492 1041 3566; x_wconf 88' lang='lat' dir='ltr'><strong>andivimus</strong></span> <span class='ocrx_word' id='word_1_158' title='bbox 1057 3494 1255 3588; x_wconf 88' lang='lat' dir='ltr'><strong>obloquitur</strong></span> <span class='ocrx_word' id='word_1_159' title='bbox 1269 3496 1306 3566; x_wconf 95' lang='lat' dir='ltr'><strong>in</strong></span> <span class='ocrx_word' id='word_1_160' title='bbox 1318 3494 1562 3570; x_wconf 88' lang='lat' dir='ltr'><strong>detrimentum</strong></span> <span class='ocrx_word' id='word_1_161' title='bbox 1578 3498 1688 3571; x_wconf 91' lang='lat' dir='ltr'><strong>nostri</strong></span> 
     </span>
     <span class='ocr_line' id='line_1_20' title="bbox 274 3616 1684 3713; baseline 0.004 -23"><span class='ocrx_word' id='word_1_162' title='bbox 274 3621 425 3692; x_wconf 88' lang='lat' dir='ltr'><strong>nominis</strong></span> <span class='ocrx_word' id='word_1_163' title='bbox 446 3629 481 3690; x_wconf 88' lang='lat' dir='ltr'><strong>et</strong></span> <span class='ocrx_word' id='word_1_164' title='bbox 501 3619 653 3692; x_wconf 88' lang='lat' dir='ltr'><strong>honoris.</strong></span> <span class='ocrx_word' id='word_1_165' title='bbox 671 3616 774 3703; x_wconf 89' lang='lat' dir='ltr'><strong>Quod</strong></span> <span class='ocrx_word' id='word_1_166' title='bbox 789 3639 869 3690; x_wconf 90' lang='lat' dir='ltr'><strong>com</strong></span> <span class='ocrx_word' id='word_1_167' title='bbox 887 3628 1040 3692; x_wconf 86' lang='lat' dir='ltr'><strong>nostram</strong></span> <span class='ocrx_word' id='word_1_168' title='bbox 1056 3619 1201 3692; x_wconf 89' lang='lat' dir='ltr'><strong>tolerare</strong></span> <span class='ocrx_word' id='word_1_169' title='bbox 1217 3641 1287 3693; x_wconf 94' lang='lat' dir='ltr'><strong>non</strong></span> <span class='ocrx_word' id='word_1_170' title='bbox 1313 3619 1436 3694; x_wconf 88' lang='lat' dir='ltr'><strong>deceat</strong></span> <span class='ocrx_word' id='word_1_171' title='bbox 1452 3621 1684 3713; x_wconf 85' lang='lat' dir='ltr'><strong>majestatem,</strong></span> 
     </span>
     <span class='ocr_line' id='line_1_21' title="bbox 274 3739 1688 3840; baseline 0.003 -27"><span class='ocrx_word' id='word_1_172' title='bbox 274 3739 432 3814; x_wconf 84' lang='lat' dir='ltr'><strong>fidelitati</strong></span> <span class='ocrx_word' id='word_1_173' title='bbox 460 3751 520 3815; x_wconf 90' lang='lat' dir='ltr'><strong>tue</strong></span> <span class='ocrx_word' id='word_1_174' title='bbox 546 3739 769 3837; x_wconf 86' lang='lat' dir='ltr'><strong>precipiendo</strong></span> <span class='ocrx_word' id='word_1_175' title='bbox 793 3741 999 3814; x_wconf 89' lang='lat' dir='ltr'><strong>mandamus</strong></span> <span class='ocrx_word' id='word_1_176' title='bbox 1019 3751 1190 3836; x_wconf 89' lang='lat' dir='ltr'><strong>qnatenus</strong></span> <span class='ocrx_word' id='word_1_177' title='bbox 1211 3741 1367 3837; x_wconf 90' lang='lat' dir='ltr'><strong>inquiras</strong></span> <span class='ocrx_word' id='word_1_178' title='bbox 1388 3764 1494 3839; x_wconf 88' lang='lat' dir='ltr'><strong>super</strong></span> <span class='ocrx_word' id='word_1_179' title='bbox 1510 3743 1688 3840; x_wconf 80' lang='lat' dir='ltr'><strong>premissis</strong></span> 
     </span>
     <span class='ocr_line' id='line_1_22' title="bbox 275 3863 1687 3963; baseline 0.003 -25"><span class='ocrx_word' id='word_1_180' title='bbox 275 3864 478 3956; x_wconf 79' lang='lat' dir='ltr'><strong>diligentius</strong></span> <span class='ocrx_word' id='word_1_181' title='bbox 497 3866 690 3954; x_wconf 73' lang='lat' dir='ltr'><strong>romaum,</strong></span> <span class='ocrx_word' id='word_1_182' title='bbox 714 3873 749 3936; x_wconf 88' lang='lat' dir='ltr'><strong>et</strong></span> <span class='ocrx_word' id='word_1_183' title='bbox 766 3863 795 3936; x_wconf 86' lang='lat' dir='ltr'><strong>si</strong></span> <span class='ocrx_word' id='word_1_184' title='bbox 814 3864 988 3938; x_wconf 88' lang='lat' dir='ltr'><strong>inveneris</strong></span> <span class='ocrx_word' id='word_1_185' title='bbox 1006 3865 1102 3960; x_wconf 93' lang='lat' dir='ltr'><strong>quod</strong></span> <span class='ocrx_word' id='word_1_186' title='bbox 1121 3864 1215 3938; x_wconf 88' lang='lat' dir='ltr'><strong>dieto</strong></span> <span class='ocrx_word' id='word_1_187' title='bbox 1231 3864 1383 3963; x_wconf 92' lang='lat' dir='ltr'><strong>dompno</strong></span> <span class='ocrx_word' id='word_1_188' title='bbox 1403 3864 1577 3942; x_wconf 85' lang='lat' dir='ltr'><strong>Adenullo</strong></span> <span class='ocrx_word' id='word_1_189' title='bbox 1597 3878 1687 3942; x_wconf 89' lang='lat' dir='ltr'><strong>trac·</strong></span> 
     </span>
     <span class='ocr_line' id='line_1_23' title="bbox 274 3987 1687 4087; baseline 0.001 -26"><span class='ocrx_word' id='word_1_190' title='bbox 274 3997 367 4061; x_wconf 83' lang='lat' dir='ltr'><strong>tante</strong></span> <span class='ocrx_word' id='word_1_191' title='bbox 391 4008 433 4060; x_wconf 86' lang='lat' dir='ltr'><strong>ao</strong></span> <span class='ocrx_word' id='word_1_192' title='bbox 451 3997 675 4082; x_wconf 87' lang='lat' dir='ltr'><strong>procurante,</strong></span> <span class='ocrx_word' id='word_1_193' title='bbox 690 3987 814 4062; x_wconf 87' lang='lat' dir='ltr'><strong>civitas</strong></span> <span class='ocrx_word' id='word_1_194' title='bbox 830 3988 1065 4060; x_wconf 89' lang='lat' dir='ltr'><strong>Sulmoneoeis</strong></span> <span class='ocrx_word' id='word_1_195' title='bbox 1087 3997 1170 4060; x_wconf 91' lang='lat' dir='ltr'><strong>tunc</strong></span> <span class='ocrx_word' id='word_1_196' title='bbox 1188 3989 1353 4084; x_wconf 91' lang='lat' dir='ltr'><strong>temporis</strong></span> <span class='ocrx_word' id='word_1_197' title='bbox 1367 3990 1535 4080; x_wconf 85' lang='lat' dir='ltr'><strong>juraverit</strong></span> <span class='ocrx_word' id='word_1_198' title='bbox 1550 4012 1639 4087; x_wconf 89' lang='lat' dir='ltr'><strong>pape</strong></span> <span class='ocrx_word' id='word_1_199' title='bbox 1652 4003 1687 4065; x_wconf 90' lang='lat' dir='ltr'><strong>et</strong></span> 
     </span>
     <span class='ocr_line' id='line_1_24' title="bbox 274 4109 1687 4207; baseline 0.004 -24"><span class='ocrx_word' id='word_1_200' title='bbox 274 4109 368 4206; x_wconf 91' lang='lat' dir='ltr'><strong>qood</strong></span> <span class='ocrx_word' id='word_1_201' title='bbox 382 4119 462 4207; x_wconf 86' lang='lat' dir='ltr'><strong>post</strong></span> <span class='ocrx_word' id='word_1_202' title='bbox 479 4120 673 4206; x_wconf 78' lang='lat' dir='ltr'><strong>presentem</strong></span> <span class='ocrx_word' id='word_1_203' title='bbox 689 4111 897 4184; x_wconf 87' lang='lat' dir='ltr'><strong>discordiam</strong></span> <span class='ocrx_word' id='word_1_204' title='bbox 913 4111 1017 4184; x_wconf 83' lang='lat' dir='ltr'><strong>luerit</strong></span> <span class='ocrx_word' id='word_1_205' title='bbox 1030 4112 1211 4184; x_wconf 90' lang='lat' dir='ltr'><strong>oblocutus</strong></span> <span class='ocrx_word' id='word_1_206' title='bbox 1229 4109 1274 4183; x_wconf 91' lang='lat' dir='ltr'><strong>de</strong></span> <span class='ocrx_word' id='word_1_207' title='bbox 1287 4111 1400 4204; x_wconf 85' lang='lat' dir='ltr'><strong>nohis,</strong></span> <span class='ocrx_word' id='word_1_208' title='bbox 1420 4112 1533 4207; x_wconf 88' lang='lat' dir='ltr'><strong>ipsum</strong></span> <span class='ocrx_word' id='word_1_209' title='bbox 1551 4121 1621 4186; x_wconf 87' lang='lat' dir='ltr'><strong>tam</strong></span> <span class='ocrx_word' id='word_1_210' title='bbox 1642 4114 1687 4188; x_wconf 91' lang='lat' dir='ltr'><strong>de</strong></span> 
     </span>
     <span class='ocr_line' id='line_1_25' title="bbox 275 4233 1686 4332; baseline 0 -24"><span class='ocrx_word' id='word_1_211' title='bbox 275 4235 412 4308; x_wconf 87' lang='lat' dir='ltr'><strong>civitate</strong></span> <span class='ocrx_word' id='word_1_212' title='bbox 429 4237 506 4330; x_wconf 88' lang='lat' dir='ltr'><strong>ipsa</strong></span> <span class='ocrx_word' id='word_1_213' title='bbox 521 4255 625 4328; x_wconf 89' lang='lat' dir='ltr'><strong>quam</strong></span> <span class='ocrx_word' id='word_1_214' title='bbox 645 4234 691 4308; x_wconf 95' lang='lat' dir='ltr'><strong>de</strong></span> <span class='ocrx_word' id='word_1_215' title='bbox 711 4243 783 4307; x_wconf 89' lang='lat' dir='ltr'><strong>toto</strong></span> <span class='ocrx_word' id='word_1_216' title='bbox 799 4255 907 4329; x_wconf 77' lang='lat' dir='ltr'><strong>regno</strong></span> <span class='ocrx_word' id='word_1_217' title='bbox 931 4235 1103 4330; x_wconf 85' lang='lat' dir='ltr'><strong>expellas,</strong></span> <span class='ocrx_word' id='word_1_218' title='bbox 1124 4233 1228 4307; x_wconf 92' lang='lat' dir='ltr'><strong>bonis</strong></span> <span class='ocrx_word' id='word_1_219' title='bbox 1250 4235 1323 4306; x_wconf 90' lang='lat' dir='ltr'><strong>suis</strong></span> <span class='ocrx_word' id='word_1_220' title='bbox 1345 4234 1507 4307; x_wconf 91' lang='lat' dir='ltr'><strong>omnibns</strong></span> <span class='ocrx_word' id='word_1_221' title='bbox 1528 4236 1575 4310; x_wconf 87' lang='lat' dir='ltr'><strong>ad</strong></span> <span class='ocrx_word' id='word_1_222' title='bbox 1598 4257 1686 4332; x_wconf 89' lang='lat' dir='ltr'><strong>opus</strong></span> 
     </span>
     <span class='ocr_line' id='line_1_26' title="bbox 274 4355 1686 4451; baseline 0.004 -23"><span class='ocrx_word' id='word_1_223' title='bbox 274 4369 388 4430; x_wconf 84' lang='lat' dir='ltr'><strong>nostre</strong></span> <span class='ocrx_word' id='word_1_224' title='bbox 407 4357 504 4429; x_wconf 85' lang='lat' dir='ltr'><strong>curie</strong></span> <span class='ocrx_word' id='word_1_225' title='bbox 530 4355 716 4448; x_wconf 80' lang='lat' dir='ltr'><strong>inlisoatIs3</strong></span> <span class='ocrx_word' id='word_1_226' title='bbox 740 4357 983 4431; x_wconf 86' lang='lat' dir='ltr'><strong>nichilominus</strong></span> <span class='ocrx_word' id='word_1_227' title='bbox 1007 4359 1042 4429; x_wconf 95' lang='lat' dir='ltr'><strong>in</strong></span> <span class='ocrx_word' id='word_1_228' title='bbox 1069 4357 1343 4451; x_wconf 81' lang='lat' dir='ltr'><strong>consanguineos</strong></span> <span class='ocrx_word' id='word_1_229' title='bbox 1369 4365 1404 4429; x_wconf 89' lang='lat' dir='ltr'><strong>et</strong></span> <span class='ocrx_word' id='word_1_230' title='bbox 1430 4359 1579 4432; x_wconf 84' lang='lat' dir='ltr'><strong>lautores</strong></span> <span class='ocrx_word' id='word_1_231' title='bbox 1604 4381 1686 4433; x_wconf 83' lang='lat' dir='ltr'><strong>suos</strong></span> 
     </span>
     <span class='ocr_line' id='line_1_27' title="bbox 275 4465 1561 4578; baseline 0.002 -25"><span class='ocrx_word' id='word_1_232' title='bbox 275 4503 498 4574; x_wconf 85' lang='lat' dir='ltr'><strong>processurus</strong></span> <span class='ocrx_word' id='word_1_233' title='bbox 512 4493 615 4576; x_wconf 91' lang='lat' dir='ltr'><strong>prout</strong></span> <span class='ocrx_word' id='word_1_234' title='bbox 628 4483 761 4576; x_wconf 78' lang='lat' dir='ltr'><strong>Justitia</strong></span> <span class='ocrx_word' id='word_1_235' title='bbox 779 4483 889 4577; x_wconf 78' lang='lat' dir='ltr'><strong>erigit</strong></span> <span class='ocrx_word' id='word_1_236' title='bbox 912 4491 947 4554; x_wconf 87' lang='lat' dir='ltr'><strong>et</strong></span> <span class='ocrx_word' id='word_1_237' title='bbox 962 4481 1083 4555; x_wconf 89' lang='lat' dir='ltr'><strong>honori</strong></span> <span class='ocrx_word' id='word_1_238' title='bbox 1104 4491 1220 4554; x_wconf 86' lang='lat' dir='ltr'><strong>nostro</strong></span> <span class='ocrx_word' id='word_1_239' title='bbox 1238 4481 1369 4554; x_wconf 85' lang='lat' dir='ltr'><strong>viderie</strong></span> <span class='ocrx_word' id='word_1_240' title='bbox 1382 4465 1561 4578; x_wconf 83' lang='lat' dir='ltr'><strong>expedire.</strong></span> 
     </span>
    </p>

    <p class='ocr_par' dir='ltr' id='par_1_9' title="bbox 321 4602 1253 4700">
     <span class='ocr_line' id='line_1_28' title="bbox 321 4602 1253 4700; baseline -0.002 -21"><span class='ocrx_word' id='word_1_241' title='bbox 321 4607 445 4679; x_wconf 87' lang='lat' dir='ltr'><strong>Datum</strong></span> <span class='ocrx_word' id='word_1_242' title='bbox 460 4606 633 4700; x_wconf 79' lang='lat' dir='ltr'><strong>Fulginei,</strong></span> <span class='ocrx_word' id='word_1_243' title='bbox 652 4607 728 4679; x_wconf 86' lang='lat' dir='ltr'><strong>Vlll</strong></span> <span class='ocrx_word' id='word_1_244' title='bbox 746 4605 927 4698; x_wconf 77' lang='lat' dir='ltr'><strong>februarii,</strong></span> <span class='ocrx_word' id='word_1_245' title='bbox 947 4605 1025 4677; x_wconf 88' lang='lat' dir='ltr'><strong>Xlll</strong></span> <span class='ocrx_word' id='word_1_246' title='bbox 1041 4602 1253 4678; x_wconf 86' lang='lat' dir='ltr'><strong>indictionIs.</strong></span> 
     </span>
    </p>
   </div>
   <div class='ocr_carea' id='block_1_6' title="bbox 314 4766 862 4850">
    <p class='ocr_par' dir='ltr' id='par_1_10' title="bbox 314 4766 862 4850">
     <span class='ocr_line' id='line_1_29' title="bbox 314 4766 862 4850; baseline 0.004 -18"><span class='ocrx_word' id='word_1_247' title='bbox 314 4766 357 4850; x_wconf 78' lang='lat' dir='ltr'><strong>(a)</strong></span> <span class='ocrx_word' id='word_1_248' title='bbox 377 4769 495 4834; x_wconf 81' lang='lat' dir='ltr'><strong>Nomen</strong></span> <span class='ocrx_word' id='word_1_249' title='bbox 507 4771 659 4850; x_wconf 83' lang='lat' dir='ltr'><strong>suppletor</strong></span> <span class='ocrx_word' id='word_1_250' title='bbox 670 4788 709 4834; x_wconf 81' lang='lat' dir='ltr'><strong>en</strong></span> <span class='ocrx_word' id='word_1_251' title='bbox 722 4771 862 4850; x_wconf 64' lang='lat' dir='ltr'><strong>nerana</strong></span> 
     </span>
    </p>
   </div>
   <div class='ocr_carea' id='block_1_7' title="bbox 0 0 2238 6006">
    <p class='ocr_par' dir='ltr' id='par_1_11' title="bbox 0 0 2238 6006">
     <span class='ocr_line' id='line_1_30' title="bbox 0 0 2238 6006; baseline 0 0"><span class='ocrx_word' id='word_1_252' title='bbox 0 0 2238 6006; x_wconf 95' lang='lat' dir='ltr'><strong> </strong></span> 
     </span>
    </p>
   </div>
  </div>
 </body>
</html>
