4374 6010
538 709 601 772 eno
1035 715 1249 777 rnrnnnrcr
1274 717 1449 779 suerunt
1763 720 1843 804 [666.
1863 722 1951 788 raso.

540 846 756 920 ammiratum
771 845 907 920 fidelem
921 859 1074 922 nostrum
1084 873 1188 946 super
1201 854 1308 947 galeis
1322 854 1447 926 nostris
1460 853 1555 948 apud
1565 853 1757 951 Neapolim,
1769 880 1834 953 pro
1847 861 1951 953 galeis

540 970 624 1066 ipsis
639 969 684 1044 de
702 971 777 1066 6166
793 971 890 1044 66616
905 975 1059 1047 6661661.
1075 975 1226 1048 66616616
1242 977 1371 1050 debeas
1384 978 1572 1072 assignare.

588 1095 714 1167 Datum
728 1095 850 1190 Fogie,
868 1097 962 1170 XXV
975 1099 1117 1194 aprelis,
1134 1100 1212 1172 lllll
1229 1100 1439 1175 indictionis.

390 1652 403 1682 ⁰
455 1650 486 1735 ’χ
593 1633 816 1718 Mandatum
841 1637 892 1719 nd
918 1637 1145 1720 lliceordum
1171 1639 1220 1721 de
1243 1638 1408 1722 Pulcnro
1434 1639 1484 1721 de
1507 1637 1689 1721 iaciendis
1715 1639 1819 1746 apud
1844 1637 1952 1722 Nes-

540 1765 660 1874 polim
677 1766 829 1850 duebus
847 1768 959 1878 logiis
981 1780 1019 1852 et
1038 1769 1207 1852 trahente
1231 1797 1309 1853 666
1331 1771 1381 1852 61
1411 1771 1605 1854 servitium
1633 1769 1895 1879 maresmllae,
1916 1779 1954 1854 et

541 1898 590 1981 de
606 1899 808 1982 duodecim
827 1900 930 1982 sellis
948 1902 998 1983 nd
1015 1901 1141 1986 mulos
1160 1903 1353 1986 mittendis
1371 1904 1422 1986 ad
1439 1903 1599 1986 curiam.

623 2099 749 2178 (1166661.
764 2100 867 2180 imper.
882 2099 1000 2163 1116166.
1015 2101 1059 2179 11,
1073 2101 1125 2163 161.
1146 2112 1201 2164 102
1218 2119 1318 2178 verso3
1334 2103 1450 2166 166111.
1466 2103 1603 2177 timeon..
1618 2121 1649 2182 p.
1667 2103 1751 2182 161.)

590 2277 731 2369 Scripsit
748 2275 834 2348 idem
847 2277 997 2348 66166166
1015 2276 1055 2348 de
1067 2276 1224 2350 66661616
1241 2277 1327 2368 [octo
1339 2300 1403 2371 per
1413 2279 1610 2372 6666166666
1625 2275 1794 2351 1111661666
1804 2287 1836 2348 61
1847 2277 1954 2352 donti-

542 2404 678 2472 666611.
701 2400 741 2471 de
757 2401 973 2474 Trentccoria
989 2428 1000 2472 :

590 2524 812 2618 Fredericus,
838 2533 921 2616 616,
941 2524 1106 2598 lticcardo
1126 2523 1172 2598 de
1192 2525 1355 2614 Poleam,
1375 2535 1441 2598 616.
1461 2525 1631 2598 Fidelituti
1655 2534 1715 2598 tue
1729 2523 1955 2620 precipiendo

541 2647 746 2720 mandamus
770 2656 941 2742 quatenns
964 2646 1038 2720 lieri
1065 2647 1172 2722 166166
1195 2647 1293 2744 6661
1318 2648 1496 2744 Neapolim
1520 2649 1609 2722 duas
1635 2649 1745 2742 logias
1769 2669 1831 2743 pro
1853 2647 1955 2742 equis

541 2773 741 2846 marescallo
763 2779 878 2845 nostre
904 2781 939 2844 et
960 2793 1067 2844 unam
1090 2773 1278 2844 trabeetam
1307 2793 1369 2866 pro
1392 2793 1527 2844 6666666
1553 2771 1710 2864 ejusdem
1732 2771 1953 2862 marescallo,

541 2895 633 2968 sicut
662 2896 748 2968 lator
775 2896 986 2990 presentium
1017 2893 1215 2968 Armanuus
1247 2896 1447 2968 marescallo
1474 2903 1590 2968 nostre
1620 2896 1810 2986 vallectns,
1841 2892 1957 2967 fidelis

541 3027 674 3112 noster,
692 3040 798 3114 quem
822 3019 870 3094 ud
893 3019 960 3092 hoe
981 3019 1174 3116 specialiter
1195 3019 1388 3108 mictimos,
1415 3018 1461 3092 de
1485 3019 1726 3112 magnitudine
1750 3028 1785 3092 et
1808 3019 1957 3091 factione

542 3165 663 3217 earum
679 3143 742 3216 tibi
756 3143 897 3216 duxerit
913 3143 1181 3238 designandum,
1200 3152 1384 3216 curaturus
1398 3151 1534 3216 6616616
1550 3151 1589 3214 61
1605 3143 1745 3216 asscito
1761 3139 1835 3214 lieri
1846 3141 1955 3214 iacias

544 3288 625 3340 eum
649 3267 718 3340 sint
743 3268 838 3340 curie
861 3277 976 3340 nostre
1006 3267 1182 3363 purimum
1202 3279 1390 3362 oportune.
1418 3265 1626 3340 Mandemus
1653 3265 1715 3338 tibi
1736 3271 1892 3360 preterea
1915 3273 1956 3336 ut

544 3389 618 3462 fieri
636 3391 740 3462 166166
755 3390 849 3483 6661
875 3391 1049 3484 Neapolim
1066 3393 1127 3462 llll
1143 3392 1246 3466 sellas
1264 3391 1310 3464 61
1329 3392 1442 3492 mulos
1459 3412 1539 3462 cnm
1555 3390 1650 3462 bazis
1671 3399 1761 3462 retro
1780 3409 1842 3494 prp
1859 3387 1956 3461 deie-

544 3513 661 3586 rendis
679 3513 817 3600 trusels,
837 3514 1020 3586 incoriatus
1038 3514 1085 3587 ud
1104 3515 1176 3586 duo
1195 3515 1305 3602 coria,
1325 3515 1399 3586 sine
1418 3513 1579 3609 picturis,
1603 3513 1693 3586 bene
1714 3512 1892 3606 guarnitas
1909 3510 1956 3583 de

544 3637 637 3709 bono
662 3636 835 3708 curamine
857 3637 1029 3710 cordoane
1056 3647 1091 3710 61
1110 3637 1155 3710 de
1178 3638 1325 3710 fortibus
1341 3636 1626 3729 contracingulis,
1651 3646 1752 3730 prout
1777 3634 1954 3730 predictus

545 3758 1500 3856 6166666661ὼί1666611166166661666(66666611616
1512 3771 1695 3856 postquam
1709 3759 1798 3832 iactu
1811 3759 1951 3850 1666161,

546 3883 594 3957 61
610 3883 742 3957 curiam
761 3895 910 3957 nostrum
929 3885 1063 3956 miotas.

594 4007 718 4080 Datum
735 4007 858 4102 Fugio,
879 4008 972 4079 XXV
986 4007 1126 4101 aprelis,
1147 4006 1223 4078 lllll
1240 4007 1448 4080 indictionis.
1516 4021 1527 4044 .

366 4541 492 4650 ,pm
599 4521 834 4631 Fridericus,
871 4521 1129 4607 Romanorum
1179 4523 1400 4634 imperator,
1433 4524 1514 4635 regi
1543 4523 1705 4634 Angliae
1742 4520 1874 4605 scribit
1908 4521 1955 4604 de

546 4657 655 4739 clade
680 4669 812 4766 'nuper
846 4657 886 4738 iu
918 4655 1091 4765 partibus
1121 4656 1386 4738 transmarinis
1422 4682 1446 4739 6
1477 4655 1748 4767 crucesignatis
1779 4661 1952 4762 6666616,

547 4815 764 4875 memorans
790 4815 908 4900 quam
934 4788 1045 4900 pauci
1077 4813 1168 4873 6666
1196 4789 1300 4900 6661
1328 4813 1393 4875 eos
1420 4791 1616 4876 suasiones
1641 4789 1693 4874 ob
1721 4783 1954 4874 eontrarium
