4564 6038
522 708 600 770 1158
1021 711 1234 775 Fblblllllcl
1260 713 1435 774 secubet
1745 712 1824 790 [ilar.
1844 713 1933 776 last.

568 843 704 915 Scimus
724 851 759 914 et
776 845 911 936 experti
927 867 1049 918 sumus
1070 848 1166 940 quod
1183 849 1330 922 barbara
1348 857 1438 921 terre
1457 868 1522 920 vos
1538 855 1649 940 tenet,
1670 869 1778 942 quum
1802 848 1934 921 nedum

519 967 644 1056 ardua,
660 966 723 1039 sed
734 973 769 1038 et
784 966 967 1062 desperate
983 972 1126 1064 negocia
1144 973 1244 1046 vobis
1258 973 1477 1044 incumbunt.
1498 970 1569 1045 Sed
1585 971 1752 1045 nobilium
1771 971 1881 1044 virtus
1897 972 1934 1043 in

519 1113 640 1187 aspera
656 1092 860 1164 necessitate
876 1091 1074 1188 perficitur,
1094 1106 1129 1170 ct
1147 1097 1311 1170 tortitudo
1327 1096 1428 1168 navis
1447 1097 1482 1167 in
1498 1095 1612 1192 pelagi
1625 1095 1787 1168 lluctibus
1807 1117 1932 1190 appro-

519 1217 633 1290 batur.
652 1217 766 1288 Unum
782 1217 916 1289 veroin
935 1217 1036 1292 vobis
1051 1221 1233 1307 convenit,
1249 1242 1315 1292 nec
1333 1219 1476 1292 emolliri
1493 1219 1640 1307 delitiis,
1659 1241 1725 1292 nec
1745 1199 1935 1292 eventuum

519 1340 721 1414 necessitate
747 1339 892 1414 turbari.
916 1340 990 1414 Cito
1014 1343 1107 1416 euim
1129 1344 1245 1416 omnia
1270 1364 1340 1438 que
1365 1343 1410 1416 de
1433 1343 1533 1416 nobis
1558 1343 1686 1437 scripta
1707 1353 1807 1430 sunt,
1830 1341 1934 1416 linem

518 1463 716 1553 habebunt3
732 1465 800 1537 cito
812 1465 939 1537 summi
951 1465 1124 1562 principes
1139 1467 1260 1554 nostri,
1277 1467 1339 1561 qui
1353 1467 1535 1540 missilium
1550 1467 1744 1560 jaculorum
1764 1466 1934 1540 hactenus

518 1598 649 1662 remota
661 1588 879 1682 sagittulioue
895 1589 1110 1685 pugnabant,
1127 1612 1168 1663 uc
1184 1591 1311 1664 vinclis
1326 1590 1545 1664 luctabantur
1562 1589 1723 1682 brachiis,
1742 1590 1779 1662 in
1790 1591 1934 1684 conglu-

518 1713 635 1786 tinatis
657 1713 752 1808 pacis
775 1712 877 1786 labiis
901 1713 1078 1786 unientur.
1098 1715 1270 1787 Dissoluto
1294 1734 1446 1810 namque
1472 1723 1645 1788 conventu
1664 1716 1788 1804 Reate,
1815 1714 1935 1810 Tybur

517 1835 672 1911 tenditur
694 1844 733 1908 ut
750 1835 857 1908 Roma
878 1837 1029 1910 vicinius
1044 1838 1204 1912 videatur
1222 1838 1287 1934 (l).
1306 1839 1381 1912 lam
1401 1839 1511 1912 verba
1532 1839 1628 1934 pacis
1650 1860 1720 1911 non
1740 1839 1830 1910 sicut
1850 1837 1935 1910 bao-

517 1971 619 2035 tenus
637 1959 768 2033 infestis
790 1960 934 2033 auribus
953 1961 1169 2035 audiuntur:
1189 1962 1374 2036 concordie
1392 1963 1504 2054 viam,
1521 1985 1626 2057 quam
1646 1962 1718 2035 huc
1734 1982 1847 2056 usque
1865 1982 1934 2034 vo·

518 2087 634 2160 luntas
648 2085 799 2158 obscena
821 2085 1047 2178 praeluserat,
1064 2087 1219 2160 omnium
1242 2087 1558 2182 supervenientium
1579 2086 1731 2158 bostium
1747 2087 1935 2160 necessitas

513 2210 586 2302 jum
602 2209 758 2303 requirit.
773 2209 811 2280 lu
827 2217 971 2281 tractatu
986 2231 1069 2282 vero
1083 2211 1191 2306 pacis,
1209 2209 1310 2283 vobis
1324 2209 1482 2283 absentia
1494 2217 1610 2282 vestra
1621 2229 1691 2281 non
1705 2208 1816 2282 oberit
1825 2230 1933 2302 quam

516 2341 710 2407 vestrorum
731 2333 903 2427 presentia
923 2333 1024 2426 plene
1040 2334 1228 2431 supplebit.

724 2635 1374 2648 *unu—numm
1380 2634 1727 2644 --u———u——u-——u-

131 2867 134 2874 ⁵
193 2885 198 2892 ’
309 2912 490 2960 euertere·
571 2894 618 2976 Et
636 2905 721 3002 post
739 2894 885 3004 aliquot
901 2895 983 2978 dies
1001 2921 1101 3004 quos
1120 2896 1159 2976 in
1188 2895 1333 2978 solatiis
1352 2851 1439 3004 post
1461 2893 1614 2976 labores
1639 2893 1929 2996 continuarunt,

517 3027 621 3109 misit
637 3028 817 3112 dominus
835 3028 1041 3138 imperator
1057 3028 1186 3138 ipsum
1204 3028 1382 3109 comitem
1400 3026 1631 3111 Richardum
1650 3027 1726 3133 (Ξ),
1746 3026 1794 3107 de
1812 3025 1934 3134 ipsius

516 3159 683 3244 confisus
700 3161 902 3269 prudentia
920 3170 958 3244 et
976 3160 1174 3267 fidelitate,
1191 3161 1240 3242 ad
1259 3186 1461 3242 romanam
1480 3159 1646 3266 curiam,
1666 3159 1763 3241 siout
1784 3158 1824 3238 in
1842 3159 1933 3266 epi-

517 3293 615 3378 stola
634 3319 704 3375 sua
726 3319 844 3402 quam
863 3319 990 3378 comes
1013 3294 1054 3375 in
1073 3291 1253 3403 Angliam
1272 3292 1377 3375 misit
1398 3291 1560 3376 breviter
1577 3291 1763 3403 tangitur,
1788 3301 1832 3373 ut
1851 3317 1932 3399 pa—

516 3451 599 3508 oem
629 3426 727 3508 inter
755 3427 955 3510 dominum
986 3451 1126 3536 papam
1163 3436 1201 3508 ct
1230 3426 1356 3532 ipsum
1387 3425 1656 3534 imperatorem
1689 3424 1927 3508 reformaret.

518 3557 588 3641 Cui
606 3559 721 3640 etiam
743 3559 824 3667 ipse
849 3559 1056 3668 imperator
1080 3557 1131 3642 ad
1149 3557 1349 3642 cumulum
1367 3557 1560 3642 bonorum
1584 3583 1682 3668 quos
1709 3558 1782 3667 ipsi
1799 3557 1931 3642 comiti

516 3691 720 3802 impendit,
740 3691 913 3775 chartam
931 3691 1092 3776 coniecit
1115 3691 1302 3800 imperiali
1325 3691 1432 3774 bulla
1454 3691 1731 3776 communitam
1753 3701 1797 3774 ut
1817 3689 1929 3772 arbi-

516 3824 590 3908 tu'o
612 3851 682 3908 suo
706 3833 823 3908 staret
848 3825 888 3907 in
918 3825 1022 3934 pacis
1043 3851 1111 3934 per
1139 3825 1266 3934 ipsum
1294 3823 1417 3906 factae
1439 3823 1713 3934 qualicumque
1733 3823 1928 3906 reforma-

516 3958 632 4042 tione.
653 3957 702 4042 Et
723 3984 813 4042 cum
830 3958 994 4043 uenisset
1009 3956 1189 4064 Romam,
1209 3955 1371 4040 Romani
1396 3983 1484 4040 eum
1508 3967 1727 4066 spernentes
1751 3955 1930 4039 conuiciis

517 4090 734 4175 effecerunt.
760 4093 983 4200 invenitque
1009 4115 1150 4199 papam
1184 4091 1279 4173 adeo
1308 4088 1580 4173 inexorabilem
1611 4099 1649 4172 et
1674 4088 1856 4172 rebellem
1887 4097 1930 4171 ut

483 4409 489 4422 ,
519 4381 522 4388 ·
552 4357 591 4429 (l)
611 4375 624 4411 r
641 4355 734 4414 blense
749 4355 806 4430 julii
825 4355 972 4428 imperator
990 4354 1067 4412 veuit
1084 4355 1216 4413 Narniam
1235 4370 1318 4429 quam
1340 4354 1392 4411 sibi
1411 4353 1573 4412 renitentem
1594 4352 1708 4410 invenit.
1727 4353 1840 4428 Propter
1857 4353 1929 4427 quod

516 4454 589 4513 lucta
603 4455 633 4511 in
643 4451 820 4512 exterioribus
831 4452 968 4524 restitute,
982 4451 1046 4510 iude
1061 4451 1179 4510 decemit
1190 4459 1218 4510 et
1232 4467 1327 4511 rursus
1340 4453 1425 4510 Reate
1437 4451 1542 4508 conato
1554 4449 1631 4507 rudit
1642 4463 1725 4522 quum
1741 4449 1793 4506 sibi
1807 4449 1930 4508 similiter

515 4552 684 4611 resistentem
697 4549 800 4609 invenit
814 4567 821 4607 :
838 4555 866 4608 et
879 4557 945 4606 tunc
963 4555 1073 4608 vocatus
1087 4549 1233 4624 imperator
1246 4549 1306 4624 ipse
1320 4564 1337 4607 a
1350 4549 1452 4607 louuus
1465 4549 1499 4606 ds
1513 4547 1641 4606 columna
1657 4545 1807 4619 cardinale,
1822 4545 1929 4606 festinat

516 4650 550 4710 ud
563 4650 674 4709 Urbem.
694 4668 708 4703 s
723 4651 795 4707 illoc.
807 4647 838 4706 ὼ
851 4649 883 4707 S.
898 4649 1032 4708 Germano
1044 4649 1185 4720 Chaonio,
1199 4665 1246 4724 ap.
1263 4649 1421 4720 blumrou„
1434 4645 1551 4722 script,
1566 4654 1586 4705 t.
1601 4647 1659 4719 Vll,
1672 4663 1701 4720 p.
1714 4649 1794 4704 tota.

553 4748 590 4821 (ἱ)
608 4747 770 4818 bichardus,
785 4745 936 4805 Comubiue
950 4761 1057 4816 mmet,
1074 4761 1091 4802 e
1108 4747 1191 4804 Terra
1207 4745 1307 4804 Sancte
1324 4745 1431 4818 nauigio
1447 4749 1557 4810 vectus.
1571 4743 1645 4802 circa
1659 4742 1765 4816 junium
1786 4747 1929 4801 meantem

515 4847 670 4920 Trspsnurn
683 4845 837 4918 advenerat,
849 4844 922 4902 uodo
934 4844 970 4903 ad
981 4842 1084 4902 curium
1098 4843 1268 4918 imperatoris
1280 4859 1343 4902 cum
1358 4857 1464 4900 mmmo
1475 4841 1578 4900 bonore
1589 4841 1720 4900 deductus
1732 4845 1784 4899 est.
