4384 6004
560 651 638 714 toea
993 699 998 710 ·
1056 659 1270 720 salcetum
1295 657 1469 720 sttcuttnt
1777 657 1860 736 [dn.
1878 657 1964 721 lato.

556 787 684 879 civilis,
695 799 755 862 aut
767 791 1006 886 appellationis
1021 797 1079 869 vel
1095 793 1302 890 provisionis
1314 793 1459 885 alicujus
1475 790 1630 866 remedio
1643 800 1722 887 post
1733 801 1883 864 mortem
1896 793 1967 866 vita

556 910 675 984 redeat
696 913 769 1004 jam
795 916 941 989 amissa?
965 918 1000 990 Si
1025 941 1110 991 vero
1134 919 1237 1013 legati
1265 917 1436 990 subtilitas
1460 915 1508 988 ad
1535 915 1807 1012 acceptationem
1835 915 1968 988 itineris

556 1033 702 1108 diversis
722 1038 942 1113 suasionibus
965 1064 1031 1116 vos
1052 1043 1213 1132 inducat,
1239 1042 1386 1136 cogitate
1403 1039 1499 1135 quod
1519 1039 1653 1136 sugitur
1670 1059 1739 1112 nou
1761 1037 1895 1129 rediro;
1917 1050 1969 1112 est

554 1159 647 1230 cuim
661 1181 725 1233 sua
740 1162 872 1235 mansio
889 1174 924 1236 et
940 1185 1009 1238 uon
1026 1175 1154 1239 vestra.
1173 1165 1238 1238 Via
1254 1164 1320 1237 sibi
1336 1171 1430 1261 putet
1444 1164 1566 1254 unica,
1587 1162 1688 1236 vobis
1703 1161 1838 1256 duplex
1854 1162 1969 1234 immi-

555 1293 631 1368 net,
653 1285 720 1356 sibi
737 1293 870 1358 tantum
891 1288 1046 1383 pericula
1066 1289 1245 1378 transitus,
1268 1287 1370 1361 vobis
1392 1297 1509 1361 autem
1532 1286 1694 1360 transitus
1718 1295 1754 1358 et
1774 1307 1965 1380 regnemus.

554 1405 698 1501 insuper
719 1408 905 1482 attendatis
927 1411 957 1482 si
981 1411 1164 1484 mandator
1186 1411 1223 1482 in
1247 1410 1412 1484 mandato
1433 1419 1503 1482 tum
1529 1429 1651 1506 aspero
1673 1409 1765 1482 circa
1782 1429 1849 1481 vce
1872 1419 1967 1481 motu

554 1530 748 1602 rationabili
768 1543 963 1626 moveatur,
978 1543 1093 1606 utrum
1117 1534 1385 1608 mansuetudine
1404 1534 1577 1629 repleatur
1594 1541 1629 1606 et
1643 1532 1794 1606 caritatis
1813 1532 1966 1626 igniculo

552 1653 774 1747 accendatur,
798 1657 860 1750 qui
884 1679 964 1730 cum
988 1659 1134 1731 insidias
1159 1657 1324 1754 principis
1346 1679 1416 1730 non
1439 1657 1558 1730 timeat
1578 1655 1815 1746 adversantis,
1842 1655 1909 1730 sed
1931 1655 1967 1728 in

553 1785 627 1848 tuto
644 1789 778 1850 maneat
795 1789 830 1852 et
850 1779 990 1874 quicto,
1007 1803 1071 1854 vos
1093 1783 1250 1876 voragini
1268 1791 1336 1854 tam
1352 1779 1527 1856 communi
1540 1779 1774 1876 periculorum
1791 1799 1967 1874 exponere

553 1921 622 1974 non
638 1901 817 1994 lormidat;
833 1913 923 1976 esset
936 1903 1080 1998 quidem
1094 1905 1306 1978 tolerabilius
1319 1903 1560 1978 sustinendum
1579 1904 1608 1976 si
1620 1903 1802 1976 vobiscum
1816 1923 1967 1976 commu·

553 2024 674 2096 nicatis
687 2025 850 2120 periculis
872 2027 908 2098 in
925 2028 1002 2100 loco
1019 2049 1172 2123 congruo
1189 2027 1402 2102 conveniret.
1427 2027 1502 2100 Osi
1524 2026 1668 2099 rationis
1686 2025 1822 2120 jndicio
1840 2027 1967 2120 tunge-

552 2159 645 2221 retnr
665 2157 915 2245 contentusque
934 2147 1062 2224 finibus
1085 2152 1245 2246 equitatis
1262 2159 1375 2224 motus
1395 2149 1614 2246 providentie
1637 2170 1706 2222 non
1725 2151 1856 2240 exiret,
1875 2171 1966 2220 nun·

551 2293 656 2366 qnam
669 2272 757 2346 inter
769 2271 869 2346 flores
881 2273 1270 2348 Ecclesierosaselectas
1283 2283 1473 2371 exponeret
1482 2273 1584 2346 tantis
1597 2273 1758 2368 periculis
1771 2269 1961 2368 periturasl

551 2395 588 2470 Si
604 2417 689 2470 vero
708 2418 771 2492 pro
785 2397 955 2491 generalis
970 2397 1124 2470 Ecclesie
1135 2407 1225 2470 statu
1241 2419 1345 2492 quem
1360 2397 1406 2470 ab
1422 2397 1625 2494 appellantis
1640 2396 1747 2469 hostis
1758 2397 1968 2491 impulsibus

552 2520 707 2594 contrahi
728 2522 963 2615 conqueritur,
981 2541 1046 2594 vos
1064 2521 1261 2613 vocaverit,
1278 2543 1325 2595 ex
1342 2521 1402 2594 tali
1419 2521 1600 2594 vocatione
1619 2518 1756 2593 videtur
1773 2518 1872 2613 quod
1890 2540 1967 2592 eam

552 2643 597 2717 de
607 2665 689 2716 casu
703 2644 786 2717 velit
797 2644 832 2715 in
845 2665 963 2716 casum
975 2641 1100 2716 cadere
1112 2644 1320 2738 graviorem,
1335 2665 1445 2740 quum
1459 2643 1491 2715 si
1506 2642 1682 2736 contingat
1695 2651 1732 2714 ut
1743 2651 1836 2736 patet
1848 2653 1967 2736 operte

551 2768 686 2863 sponsis
710 2767 957 2840 excellentibus
973 2767 1158 2840 Ecclesiam
1178 2766 1333 2858 viduari,
1354 2767 1434 2863 quis
1454 2769 1571 2860 lapsus
1593 2766 1758 2860 asperior,
1780 2787 1853 2858 qne
1884 2787 1965 2838 con·

551 2891 641 2965 lusio
654 2893 807 2986 gravior,
823 2913 893 2984 que
915 2890 1081 2964 desolatio
1102 2891 1221 2965 durior
1236 2913 1341 2988 qoam
1362 2911 1525 2985 sponsam
1549 2890 1710 2984 inclytam
1727 2889 1855 2960 summi
1875 2889 1966 2982 regie

551 3025 619 3088 tam
650 3037 772 3111 aspera
797 3013 1013 3088 incommoda
1036 3015 1226 3088 sustinere?
1247 3015 1334 3102 Quis
1359 3015 1451 3086 enim
1478 3014 1564 3086 tanti
1595 3015 1713 3107 lapsus
1738 3013 1966 3106 gravedinem

550 3139 744 3235 reparabit?
764 3139 849 3224 Quis
865 3147 958 3210 tante
973 3137 1194 3212 desolationis
1215 3137 1367 3212 remedia
1387 3136 1605 3233 procurabit?
1622 3137 1707 3221 Quis
1727 3146 1823 3210 mute
1843 3137 1965 3210 contu·

551 3264 658 3336 sionis
673 3262 827 3334 remedia
843 3261 1072 3334 ministrabit?
1087 3263 1203 3334 Preter
1218 3261 1283 3334 hec
1303 3261 1405 3334 etiam
1423 3259 1620 3333 attendatur
1637 3281 1744 3332 causa
1757 3258 1912 3333 mandati
1931 3267 1967 3332 et

551 3395 689 3458 notetur
706 3385 791 3478 quid
808 3405 854 3456 ex
870 3385 1033 3458 mandato
1053 3383 1254 3476 hujusmodi
1273 3383 1382 3480 possit
1400 3384 1513 3478 sequi.
1535 3382 1693 3456 Continet
1706 3382 1850 3476 quidem
1868 3391 1966 3458 tenor

550 3509 674 3605 prioris
692 3507 847 3602 rescripti
863 3507 958 3602 quod
977 3508 1127 3600 grandes
1144 3507 1331 3603 apostolice
1348 3505 1441 3581 sedis
1457 3515 1603 3580 eventus
1619 3515 1654 3578 et
1667 3527 1768 3578 casus
1786 3525 1851 3578 vos
1863 3504 1965 3598 ignc-

551 3653 626 3705 rare
642 3653 711 3704 non
730 3633 892 3704 convenit
915 3641 955 3702 nt
974 3631 1100 3704 babeat
1125 3639 1322 3726 separatum
1345 3631 1382 3702 in
1399 3638 1516 3702 vestra
1538 3629 1732 3702 visitatione
1751 3628 1912 3702 solatium
1929 3637 1965 3702 ot

550 3765 686 3848 gratnm
710 3753 847 3850 providi
862 3755 995 3827 consilii
1012 3755 1270 3847 fulcimentum,
1285 3776 1365 3826 cnm
1381 3761 1458 3848 post
1470 3754 1701 3848 receptionem
1716 3752 1795 3824 talis
1809 3751 1963 3846 rescripti

548 3878 733 3950 crudelitas
757 3877 973 3950 adversantis
998 3881 1169 3974 tyrampui
1194 3887 1325 3951 tanturn
1352 3877 1538 3950 honestatis
1567 3876 1688 3949 habult
1709 3874 1804 3968 quod
1828 3895 1891 3949 vos
1914 3873 1960 3948 de

549 4001 741 4096 preparatis
754 3999 892 4074 insidiis
906 4002 1135 4096 premunivit3
1152 4001 1214 4074 sed
1225 4001 1378 4096 rescripti
1389 3999 1546 4072 conditor
1559 4000 1854 4072 circumstantium
1871 3999 1960 4093 peri·

548 4124 704 4197 culorum
724 4124 867 4219 llagltia,
881 4125 976 4196 salva
989 4125 1177 4198 sanctitatis
1195 4124 1403 4215 reverentia,
1426 4144 1494 4196 non
1508 4121 1690 4196 attendens
1707 4132 1743 4195 et
1757 4124 1793 4194 in
1812 4121 1962 4196 subver-

546 4246 646 4320 sione
669 4257 784 4320 vestre
806 4247 1065 4320 subversionem
1088 4258 1196 4320 status
1217 4249 1387 4342 generalis
1408 4247 1560 4320 Ecclesia
1585 4267 1655 4320 non
1671 4246 1877 4336 advertens,
1896 4244 1961 4318 snb

546 4369 744 4444 obedientie
765 4370 887 4443 virtute
912 4371 1090 4444 mandavit
1112 4371 1207 4465 quod
1233 4381 1304 4443 tam
1329 4381 1486 4442 sanctum
1515 4370 1745 4464 propositum,
1780 4367 1959 4441 utilitatem

549 4493 975 4590 respiciens-singulorum,
995 4494 1157 4568 humanis
1171 4514 1242 4566 non
1256 4493 1382 4568 debeat
1395 4492 1557 4566 versutiis
1569 4491 1755 4580 retardari,
1772 4491 1881 4566 Deum
1897 4489 1960 4564 ho-

548 4619 634 4690 mini
657 4629 692 4692 et
709 4619 868 4692 meritum
886 4618 1082 4693 obedientie
1100 4619 1252 4715 explosis
1271 4617 1530 4691 difficultatibus
1546 4615 1707 4689 omnibus
1723 4615 1957 4712 preponendo.

549 4739 593 4813 Ut
610 4752 724 4816 autem
745 4742 974 4838 rescriptionis
997 4741 1197 4834 hujusmodi
1221 4741 1373 4816 seriatim
1395 4741 1502 4814 series
1522 4739 1726 4831 disseratur,
1748 4759 1836 4834 quas
1856 4737 1960 4812 habet
