4468 6010
497 699 565 763 768,
716 743 718 748 ,
995 703 1209 765 FlllllElllCl
1234 703 1406 764 sllctttlltl
1716 705 1795 784 [llum
1815 704 1899 766 teto.

579 859 707 942 (lquat.
721 861 824 940 imper.
837 857 956 922 meda.
969 861 1010 939 11,
1025 861 1078 922 iol.
1094 871 1130 922 ts
1144 869 1237 936 rectem
1253 865 1285 922 ln
1297 863 1368 924 cdlt.
1387 863 1523 936 ouran,
1538 879 1568 938 p.
1586 863 1668 942 tel.)

544 1021 592 1088 Be
609 1018 766 1090 mundato
783 1019 951 1112 imperiali
965 1022 1054 1110 secto
1067 1041 1130 1112 per
1145 1020 1289 1111 judicem
1309 1021 1342 1090 Τ.
1364 1019 1403 1088 dc
1420 1019 1543 1090 Suessa
1559 1021 1693 1114 scripsit
1707 1021 1846 1091 luscius
1864 1021 1903 1090 de

496 1145 648 1213 Moira:

543 1263 762 1352 Frederious,
786 1273 869 1348 etc,
889 1264 931 1335 G.
956 1262 1000 1336 de
1019 1265 1143 1336 Sancto
1167 1262 1405 1359 Fraymuudo,
1434 1273 1501 1336 etc.
1531 1263 1686 1358 Benigne
1711 1265 1903 1358 recepimus

495 1386 630 1459 listerus
658 1395 736 1458 tuus
756 1395 791 1458 et
809 1406 929 1458 aarum
949 1395 1104 1459 tenorem
1130 1387 1363 1459 intelleximus
1390 1385 1585 1480 diligenter.
1604 1388 1715 1482 Super
1742 1408 1785 1460 eo
1806 1387 1902 1481 quod

494 1509 697 1604 significasti
718 1509 818 1582 uobis
842 1517 876 1580 te
896 1509 1024 1580 habere
1045 1511 1234 1602 quamdam
1256 1510 1483 1603 quantitatem
1507 1511 1656 1604 pecunie
1682 1510 1728 1584 de
1756 1511 1902 1604 pecunia

495 1633 589 1706 curie
610 1641 775 1705 nostrast
794 1633 884 1704 velle
902 1632 1013 1726 ipsam
1034 1631 1211 1726 assignare
1231 1633 1289 1705 cui
1310 1633 1458 1727 planesel
1480 1632 1581 1705 nobis
1604 1641 1638 1706 et
1662 1633 1903 1706 mandaremus

495 1755 621 1828 nostris
648 1755 775 1827 licleris
805 1753 1065 1848 assignandam,
1098 1756 1261 1828 volumus
1289 1765 1324 1828 et
1352 1755 1558 1828 mandamns
1590 1754 1745 1828 fidelitati
1773 1765 1833 1827 tue
1864 1767 1902 1828 ut

495 1886 599 1950 totam
626 1877 849 1970 quantitatem
873 1877 1020 1972 pecunie
1049 1879 1144 1949 curie
1174 1889 1288 1950 nosue
1317 1880 1354 1951 S.
1383 1877 1429 1950 de
1457 1879 1662 1968 Romoaldo,
1695 1879 1900 1950 recollectori

495 1999 641 2095 pecunie
658 2009 772 2098 nostre
786 2001 937 2095 ipsarum
949 2001 1112 2094 partium,
1127 2001 1255 2073 debeas
1270 2002 1459 2093 assignare,
1474 2001 1642 2095 recipiens
1656 2000 1702 2071 ab
1716 2021 1758 2072 eo
1772 1999 1901 2074 exinde

379 2115 381 2126 ,
495 2123 692 2218 nm...

541 2249 666 2319 Datum
682 2247 837 2332 Viterbii,
858 2247 952 2318 XXll
971 2246 1147 2335 februarii,
1166 2247 1243 2318 Xlll
1261 2247 1472 2320 indictionis.

543 2371 713 2465 Scriptum
731 2381 784 2442 est
798 2391 859 2465 per
877 2370 1038 2442 eumdem
1058 2373 1255 2466 supradicto
1276 2371 1449 2466 Stephano
1465 2370 1510 2442 de
1525 2369 1713 2442 llomouldo
1732 2368 1900 2441 recollec-

494 2494 559 2566 tori
575 2493 672 2587 quod
688 2495 919 2590 supradictam
937 2495 1160 2589 quantitatem
1174 2495 1317 2589 recipiat
1329 2493 1375 2567 ab
1391 2492 1514 2568 eodem
1533 2493 1579 2566 ad
1593 2515 1681 2589 opus
1694 2493 1800 2564 curie.

705 2783 1687 2800 Q———ss——n-nn-u———n—-ffl-

545 3045 766 3131 Mandatum
785 3043 835 3125 ad
856 3043 1082 3124 diccendum
1106 3043 1154 3125 de
1174 3043 1334 3126 Pulcaro
1356 3069 1427 3152 pro
1448 3043 1584 3126 dandis
1605 3041 1778 3151 expensis
1799 3040 1898 3124 llio-

492 3177 610 3287 puldo
628 3177 677 3258 de
693 3174 916 3258 Fronburch
933 3174 1091 3258 vallecto
1109 3175 1305 3283 principis.

574 3375 701 3456 (depost.
716 3373 819 3452 imper.
833 3371 949 3434 mata.
964 3372 1005 3446 11,
1019 3373 1072 3434 iol.
1090 3383 1126 3433 ts
1141 3379 1237 3447 recto;
1252 3375 1284 3434 ln
1301 3373 1372 3434 edlt.
1388 3372 1523 3448 Cascam,
1535 3389 1567 3450 p.
1584 3369 1665 3450 tot.)

540 3549 589 3620 Dc
607 3545 774 3640 imperiali
799 3545 957 3616 mandute
977 3549 1064 3637 [octo
1077 3567 1140 3640 per
1157 3545 1353 3638 urufftrum
1370 3547 1570 3638 chpcrt'um
1589 3543 1630 3615 dc
1647 3542 1898 3614 Petrcsturmila

491 3672 621 3766 sempsit
641 3667 870 3740 marentius:

539 3791 756 3878 Frederieus‚
782 3789 1053 3879 ete.,1liccardo
1080 3789 1125 3862 de
1148 3791 1303 3882 Polcaro,
1326 3799 1392 3862 eto.
1421 3790 1605 3863 Mandasse
1634 3787 1769 3890 dudum
1800 3808 1896 3860 reco-

491 3918 596 3990 limus
614 3914 746 4006 Angelo
765 3911 810 3984 de
822 3911 934 3984 Murra
950 3921 989 3983 ut
1002 3911 1176 4008 Diupuldo
1191 3913 1235 3986 do
1251 3913 1453 3986 Fronbnrch
1466 3913 1659 3992 valleotoet
1675 3909 1767 3983 fideli
1783 3921 1898 3982 nostro

491 4037 645 4114 venienti
659 4035 706 4110 ud
722 4035 848 4108 balnea
864 4035 1050 4107 Puteolana
1065 4057 1127 4128 pro
1145 4037 1321 4109 curatione
1335 4035 1544 4109 infirmitatis
1557 4056 1628 4128 qua
1640 4043 1722 4106 tunc
1737 4033 1899 4127 temporis

491 4163 712 4258 gravabatur,
733 4158 845 4232 donee
866 4156 998 4230 ibidem
1022 4168 1056 4230 et
1075 4159 1179 4230 etiam
1196 4159 1291 4254 apud
1307 4159 1487 4231 Salernum
1511 4167 1702 4230 moraretur
1720 4157 1898 4229 occasione

490 4287 644 4384 predicta
662 4291 698 4356 et
714 4283 751 4354 in
771 4279 951 4354 redeundo
966 4279 1011 4353 ad
1029 4282 1235 4376 presentiam
1253 4291 1423 4366 nostram,
1447 4281 1544 4354 daret
1559 4299 1731 4374 expensas
1753 4300 1816 4372 pro
1839 4299 1894 4367 sc,

490 4409 628 4484 dnobus
645 4405 798 4479 scuteriis
818 4413 852 4476 et
871 4403 982 4476 tribus
1004 4403 1115 4498 equis.
1134 4405 1252 4498 Nuper
1273 4415 1388 4477 antem
1411 4404 1551 4496 exejus
1569 4400 1801 4474 insinuatione
1819 4421 1895 4496 per·

490 4533 644 4628 cepimus
662 4527 757 4623 quod
776 4548 822 4600 ax
843 4549 913 4621 quo
928 4525 1084 4622 Angelus
1100 4529 1146 4602 do
1161 4529 1272 4622 Murra
1288 4528 1462 4623 predictus
1477 4527 1522 4599 ab
1538 4525 1652 4599 officio
1669 4534 1721 4598 est
1738 4533 1892 4614 amotus,

489 4675 660 4752 expensas
674 4661 777 4748 prout
792 4651 1035 4725 mandavimus
1051 4674 1120 4726 non
1139 4654 1280 4747 recepit,
1298 4662 1332 4726 et
1349 4675 1428 4726 cum
1448 4651 1494 4725 ad
1516 4650 1722 4746 presentiam
1744 4656 1894 4720 nostram

491 4779 609 4854 venire
627 4775 797 4862 intendat,
821 4795 992 4870 expensas
1015 4775 1258 4848 nichilominus
1281 4775 1408 4848 habere
1430 4795 1498 4848 non
1515 4783 1625 4869 potest
1648 4793 1695 4848 ex
1718 4771 1895 4846 newsum
