4374 6010
382 2701 509 2812 sifidius.

422 4738 455 4792 ⁰8¹

403 4739 422 4782 F
458 4749 497 4791 ae,

384 4792 412 4835 tt
425 4792 510 4846 aprilis.

567 661 629 726 914
1065 660 1280 726 rarnnnrct
1304 661 1478 724 suctum
1788 657 1867 743 [Aru.
1885 659 1966 724 1240.

566 795 741 868 Jonannes
759 792 804 868 de
822 793 942 868 chda
966 815 1029 890 pro
1050 795 1181 870 cabella
1202 806 1276 870 sete
1298 795 1453 870 Calabrie
1471 794 1554 868 anni
1577 793 1726 888 preteriti
1749 813 1841 866 none
1857 793 1968 868 indic-

567 917 682 1008 tionis,
701 938 807 1011 quam
825 915 918 990 idem
931 915 974 988 A.
993 915 1107 990 eidem
1121 919 1286 1012 magistro
1300 921 1331 992 J.
1346 917 1518 1006 vendidit,
1536 925 1691 990 teneatur
1707 917 1842 990 solvere
1858 914 1968 992 eidem

565 1039 608 1114 Α.
626 1061 689 1134 pro
707 1049 803 1136 parta
828 1040 924 1114 curie
947 1049 1062 1114 nostre
1081 1043 1202 1116 uncias
1223 1043 1300 1117 anri
1321 1043 1437 1118 CLXX
1451 1041 1499 1116 ad
1519 1041 1678 1136 generale
1693 1039 1832 1136 pondus
1854 1040 1965 1134 regni,

565 1163 686 1258 positis
701 1162 767 1235 sibi
786 1159 1062 1255 fidejussoribus,
1088 1163 1179 1236 sicut
1195 1163 1233 1234 in
1254 1163 1480 1238 instrumento
1503 1151 1644 1260 publico
1659 1161 1742 1236 inde
1763 1161 1918 1236 coniecto
1935 1171 1969 1235 ct

566 1284 692 1357 lictoris
717 1283 889 1356 Senatoris
914 1282 961 1357 de
987 1283 1109 1356 Archis
1133 1294 1216 1357 tunc
1237 1285 1413 1378 justitiarii
1440 1285 1562 1359 asserit
1584 1283 1771 1375 contineri,
1795 1282 1968 1378 predictus

565 1406 727 1500 magister
741 1405 914 1480 Iohannes
931 1415 966 1479 et
983 1405 1201 1500 fideiussores
1215 1409 1271 1482 sui
1287 1407 1462 1504 denegant
1475 1408 1541 1482 sibi
1564 1405 1693 1480 exinde
1709 1405 1918 1502 respondero
1932 1407 1967 1478 in

566 1539 681 1602 nostre
705 1530 802 1602 curie
825 1529 1002 1619 lesionem.
1025 1531 1156 1623 Quare,
1177 1541 1261 1626 etc,
1280 1541 1452 1626 quatenns
1474 1533 1503 1605 si
1524 1531 1588 1602 tibi
1609 1529 1796 1602 constiterit
1812 1529 1861 1602 ita
1875 1550 1965 1618 esse,

568 1665 636 1724 tam
655 1653 769 1748 ipsum
794 1653 995 1745 magistrum
1013 1653 1044 1726 J.
1064 1677 1170 1749 quam
1189 1653 1408 1748 fidejussores
1426 1657 1519 1750 ipsos
1536 1651 1583 1726 ad
1600 1651 1805 1726 solutionem
1821 1651 1969 1745 predicte

566 1776 731 1870 pecunie,
759 1773 888 1848 scilicet
910 1775 1025 1848 CLXX
1049 1778 1247 1865 unciarum,
1268 1781 1399 1874 prefato
1415 1777 1458 1852 A.
1480 1779 1537 1852 vel
1551 1776 1675 1849 nuntio
1695 1795 1760 1849 suo
1778 1773 1968 1850 faciendam

567 1908 668 1998 prout
683 1900 821 1994 dejure
836 1906 996 1974 tenentur
1015 1909 1050 1974 et
1069 1900 1198 1976 debent
1218 1903 1331 1975 taliter
1351 1901 1473 1999 previa
1491 1900 1622 1976 ratione
1638 1897 1824 1994 compellas
1842 1905 1882 1969 ut
1892 1899 1969 1992 jus-

564 2025 655 2115 titia,
673 2035 738 2099 eto.

611 2153 734 2223 Datum
748 2148 870 2244 Fugio,
889 2147 983 2222 XXII
1000 2147 1146 2245 aprelis,
1164 2148 1243 2222 XIII
1260 2145 1472 2222 indictionis.

612 2689 836 2776 Mandatum
854 2687 904 2771 ad
922 2686 1203 2793 Alexandrum,
1222 2683 1345 2766 filium
1372 2683 1543 2792 Henrici,
1569 2707 1641 2792 pro
1663 2681 1868 2766 moderatis
1894 2705 1967 2766 ex-

560 2823 689 2932 pensis
706 2819 928 2906 custodibus
945 2827 1205 2903 armentorum
1223 2817 1350 2901 curiae
1371 2815 1609 2900 exhibendis.

642 3022 770 3104 (Repert.
785 3021 888 3103 imper.
903 3018 1021 3081 ibtdcr.
1037 3021 1080 3096 ΙΙ,
1095 3019 1148 3082 iol.
1167 3028 1219 3080 tot
1236 3035 1336 3094 verum
1351 3021 1385 3080 in
1397 3017 1469 3080 edit.
1484 3017 1623 3098 Curcum,
1636 3033 1668 3096 p.
1684 3015 1768 3096 too.)

611 3196 660 3268 De
671 3194 828 3267 mandato
842 3193 1012 3287 imperiali
1026 3196 1116 3284 scoto
1128 3214 1188 3288 per
1204 3191 1400 3284 mcptrtrom
1411 3190 1608 3267 Ricourdum
1622 3189 1663 3262 de
1680 3189 1827 3282 dicjcctc
1838 3189 1969 3280 scripsit

562 3321 727 3392 totannes
746 3317 899 3390 idronti:

610 3440 825 3532 Fredericus,
840 3448 925 3530 etc,
941 3436 1142 3512 Alexandro
1153 3435 1224 3511 filio
1239 3437 1390 3530 Henrici,
1407 3445 1473 3510 etc.
1490 3433 1661 3510 Fidelitati
1673 3443 1734 3508 tue
1746 3431 1969 3530 precipiendo

562 3566 767 3641 mandamus
782 3571 954 3659 quatenus
972 3569 1040 3634 tam
1058 3581 1121 3656 pro
1143 3559 1273 3654 campis
1292 3581 1398 3653 quam
1417 3578 1480 3654 pro
1489 3557 1672 3652 jumentis,
1692 3558 1827 3650 vaccis,
1845 3557 1970 3630 ovibus

562 3699 597 3764 et
614 3689 728 3784 porcis
743 3687 837 3760 curie
860 3695 994 3773 nostre,
1015 3683 1062 3758 ad
1080 3681 1336 3778 requisitionem
1358 3681 1494 3754 illorum
1509 3681 1570 3776 qui
1594 3679 1742 3756 ordinati
1760 3688 1843 3754 sunt
1867 3701 1970 3774 super

563 3834 645 3887 cura
663 3812 814 3908 ipsorum
826 3861 837 3900 ,
863 3827 1035 3904 expensas
1055 3796 1271 3880 necessarias
1286 3815 1321 3880 et
1345 3805 1447 3878 utiles
1471 3825 1512 3878 ac
1534 3803 1728 3878 moderatae
1752 3802 1799 3878 de
1822 3804 1969 3916 pecunia

563 3935 659 4009 curie
675 3943 875 4028 nostreque
892 3941 944 4005 est
955 3953 1016 4027 per
1034 3951 1158 4003 manus
1174 3937 1271 4020 tuas,
1289 3928 1393 4002 iacias
1409 3927 1580 4031 exhiberi,
1600 3927 1826 4024 recipiensab
1839 3926 1970 4003 eisdem

564 4059 608 4134 dc
621 4081 662 4132 eo
679 4056 776 4153 quod
794 4055 933 4130 dederis
946 4053 1147 4150 apodixem.

612 4185 737 4257 Datum
750 4178 1005 4275 Fogie,·XX1V
1020 4178 1159 4274 aprelis,
1177 4175 1256 4251 XIII
1272 4175 1481 4249 indictionis.

616 4717 792 4806 Mandata
809 4719 858 4802 ad
882 4715 1106 4829 justitiarios
1134 4713 1282 4824 Aprutii
1300 4721 1337 4798 et
1357 4713 1494 4800 Terrae
1515 4710 1671 4796 Laboris
1698 4719 1742 4794 ut
1762 4708 1873 4819 juxta
1898 4707 1973 4792 de-
