4358 5996
540 655 619 720 1002
1034 657 1247 720 aaronitas
1272 657 1444 720 saeuum
1758 661 1842 741 [an.
1859 663 1959 726 isto

536 785 782 894 protrahens,
807 812 828 869 e
849 787 1008 898 uestigio
1032 813 1105 898 per
1127 788 1322 898 Aquinum
1346 787 1548 872 transitum
1569 787 1734 898 iaciens,
1758 793 1861 901 apud
1885 794 1960 876 in-

538 915 663 1000 sulam
680 917 807 1026 pontis
825 917 985 1003 Solerati
999 921 1130 1029 posuit
1147 930 1272 1004 castra
1290 945 1375 1029 sua,
1393 921 1641 1030 Campaniam
1655 923 1800 1008 intrare
1812 925 1959 1035 dispo-

537 1074 646 1132 nens.
670 1050 891 1147 Quamnon
913 1051 1068 1136 intrant
1089 1079 1183 1137 usus
1202 1052 1544 1161 consiliamini,
1564 1053 1632 1137 sed
1657 1079 1727 1164 per
1752 1056 1891 1140 Soram
1916 1068 1961 1142 et

536 1182 715 1270 Msrsiam
743 1181 880 1266 direxit
906 1183 946 1264 in
982 1184 1163 1269 Anconae
1189 1183 1401 1268 marchiam
1432 1211 1586 1296 gressus
1623 1211 1726 1271 suos.
1765 1187 1862 1273 tiae.
1905 1193 1958 1272 dc

537 1322 576 1398 S.
600 1319 719 1434 oerm‘.
742 1311 913 1398 chronic.
935 1315 985 1400 ad
1001 1341 1094 1398 ann.
1256 1429 1260 1440 .

749 1633 1731 1646 —mffl—

421 1984 461 2025 g·
589 1908 815 2018 Fridericus,
836 1913 1097 2000 Romanorum
1112 1916 1332 2025 imperator,
1350 1915 1552 2026 Papienses
1573 1915 1705 2000 fideles
1727 1941 1818 2000 suos
1835 1941 1954 2000 com-

535 2045 690 2127 mendat
711 2047 817 2154 quod
838 2047 878 2127 in
905 2048 984 2130 suis
1007 2047 1167 2132 seruitiis
1195 2049 1374 2132 indefessi
1398 2049 1449 2130 ed
1465 2049 1759 2132 destructionem
1777 2049 1948 2132 Alexan·
2024 2057 2034 2074 '

535 2176 640 2260 dnae
671 2203 749 2259 une
783 2203 872 2261 cnm
901 2179 1100 2264 Manfredo
1131 2180 1351 2264 marchione
1376 2179 1516 2265 Lancia
1550 2191 1727 2308 prompte
1751 2181 1951 2266 uoluntate

534 2309 796 2416 processerint.

615 2547 738 2628 (nens
753 2565 792 2610 ex
809 2549 877 2610 aaa.
892 2548 969 2610 sor.
984 2549 1158 2630 snagan„
1177 2557 1211 2609 n·
1230 2557 1300 2624 nr,
1314 2548 1439 2625 saer„
1454 2547 1507 2610 aar
1520 2548 1590 2612 erre
1608 2549 1740 2612 nmen
1756 2565 1818 2610 aaa
1836 2549 1949 2611 mns-

652 2651 809 2733 nunti

583 2865 776 2940 Fridericus
791 2865 854 2938 Dei
878 2866 1010 2957 gratia,
1026 2874 1092 2939 eto.
1113 2865 1326 2959 Elegantiam
1349 2861 1430 2940 fidei
1447 2887 1553 2961 quam
1570 2865 1674 2961 Papia
1689 2865 1813 2938 civitas
1828 2863 1881 2961 (a)
1898 2865 1947 2942 ad

534 2987 635 3093 divos
653 2996 818 3083 augustos
830 2988 1068 3084 progenitores
1083 2997 1216 3062 nostros
1235 2987 1627 3082 indelessamssigaavit,
1648 2995 1822 3080 gestorum
1839 2987 1948 3064 series

533 3121 689 3186 veterum
714 3111 835 3184 recitat
855 3121 891 3184 et
913 3111 1089 3185 inordina
1112 3129 1229 3184 rernm
1254 3111 1428 3184 efficacem
1451 3111 1579 3184 nostis
1602 3111 1797 3206 aspectibus
1818 3133 1945 3208 repro·

535 3243 657 3309 sentat.
675 3235 746 3306 lieo
763 3242 816 3306 est
830 3233 1016 3329 columpna
1028 3231 1110 3308 lidei
1123 3253 1194 3328 que
1211 3253 1250 3306 se
1267 3233 1516 3307 inalterabilem
1529 3233 1788 3306 alterationibus
1800 3235 1948 3308 circum·

534 3364 651 3454 specta
665 3356 817 3447 retinuit,
832 3356 936 3448 cujus
950 3355 1196 3429 rectitudinem
1209 3356 1355 3430 solidam
1369 3355 1617 3430 adversitatum
1628 3356 1948 3454 mmmnohnme)

535 3481 573 3552 in
588 3479 793 3554 arundinem
805 3499 875 3552 non
894 3479 1075 3554 convertit.
1090 3479 1162 3552 Hac
1179 3479 1216 3552 in
1234 3479 1456 3554 obsemantia
1474 3477 1557 3552 lidei
1577 3477 1778 3554 discrimina
1793 3481 1948 3576 suscepit

534 3602 728 3699 intrepida:
747 3603 813 3676 bec
834 3603 907 3674 suis
928 3601 1057 3675 meritis
1076 3601 1299 3696 exigentibus
1315 3601 1455 3698 speciali
1476 3601 1695 3697 prerogativa
1718 3603 1855 3676 letatur.
1874 3603 1947 3676 Vos

535 3725 618 3800 estis
635 3727 696 3820 qui
716 3725 787 3799 diei
799 3725 974 3798 sustinetis
986 3725 1126 3820 pondus
1138 3735 1174 3798 et
1186 3734 1281 3798 estus
1295 3733 1330 3798 et
1348 3725 1504 3800 omnium
1521 3723 1701 3798 rebellium
1716 3725 1851 3820 imperii
1866 3727 1946 3820 qul·

534 3849 603 3924 bas
623 3848 884 3946 superabundat
898 3845 1055 3944 perfidia,
1075 3849 1295 3922 snsdnetis...
1316 3846 1364 3946 (b)
1378 3849 1496 3922 multis
1512 3846 1767 3924 infirmitatibus
1782 3848 1891 3924 validi
1908 3861 1947 3922 ct

535 3973 573 4044 in
586 3982 681 4046 tunm
699 3973 838 4046 turbine
851 3993 921 4045 non
944 3971 1085 4044 turbati.
1105 3972 1205 4043 Nunc
1226 3981 1342 4046 autem
1363 3971 1535 4046 felicitatis
1554 3981 1708 4070 tempore
1723 3982 1859 4069 tenpus
1871 3971 1945 4046 ad-

534 4105 638 4170 uocat
655 4096 701 4193 (c)
719 4117 789 4188 non
805 4105 972 4190 tanquam
990 4095 1071 4168 lessi
1087 4115 1134 4167 ex
1149 4115 1308 4188 pressura
1323 4094 1464 4168 servitia
1481 4103 1597 4169 ncstm
1611 4095 1649 4166 in
1666 4091 1944 4194 presentia[rum]

535 4221 728 4312 assumitis,
754 4219 818 4294 sed
839 4217 921 4291 fidei
942 4227 1149 4312 suggerente
1171 4219 1298 4292 virtute
1322 4218 1423 4313 quasi
1440 4219 1665 4316 juvenescitis
1687 4217 1731 4292 ad
1758 4218 1892 4293 laboras
1909 4228 1945 4292 ct

535 4344 684 4436 mnjores
702 4363 765 4416 uos
780 4339 960 4414 ostenditis
972 4360 1077 4436 opere
1094 4361 1199 4434 qaam
1214 4341 1403 4437 promissis,
1417 4363 1527 4436 mum
1544 4341 1636 4414 sicut
1652 4362 1713 4438 per
1727 4339 1944 4416 Manbedom

576 4543 619 4624 (a)
640 4545 677 4605 ln
690 4543 756 4606 cod.
771 4543 907 4605 eiciunt.

574 4647 615 4729 (b)
634 4649 680 4711 lbl
692 4649 800 4711 (imunt
812 4649 921 4727 aliqua.

574 4753 611 4835 (e)
637 4755 733 4817 Locus
745 4753 903 4834 obscum,
917 4753 979 4816 slve
991 4754 1285 4834 ammenopes.
