4358 5996
542 640 604 704 sss
1006 699 1010 710 ,
1040 643 1255 712 rnrnunrcr
1279 647 1457 714 succum
1764 653 1845 734 [aaa
1864 655 1955 722 raro.

591 777 722 850 Lictete
743 777 790 850 de
812 777 977 872 expensis
1004 777 1114 874 ipsius
1139 759 1203 878 pro
1223 782 1343 858 decem
1368 783 1526 880 personis
1547 793 1583 858 et
1605 783 1725 860 Quem
1749 789 1957 882 equitatutis

543 901 748 995 computatis
767 901 803 973 in
821 901 871 975 eis
885 901 1110 996 judiacum,
1127 906 1268 980 dnobus
1285 907 1427 982 notariis
1438 916 1474 982 et
1490 907 1695 1002 equitaturis
1712 921 1850 1005 eornm,
1866 925 1957 1008 quas

541 1023 684 1120 recipiet
705 1023 751 1098 de
767 1026 996 1121 proventibus
1017 1027 1114 1102 curie
1131 1030 1235 1122 juxta
1256 1031 1423 1124 assisam,
1446 1042 1482 1106 et
1499 1032 1597 1106 dabit
1614 1032 1723 1127 judici
1741 1038 1955 1112 nucimento

540 1163 749 1243 perannum
771 1170 834 1244 pro
851 1148 963 1222 solido
981 1159 1096 1244 preter
1113 1173 1285 1248 expensus
1304 1163 1339 1228 et
1355 1153 1495 1230 cuilibet
1516 1156 1649 1231 notario
1663 1165 1812 1252 quatuor
1831 1161 1956 1234 undas

541 1271 735 1366 adpondus
750 1271 845 1344 curie
858 1271 1013 1345 similiter
1030 1283 1143 1369 preter
1156 1295 1340 1374 expensas.
1454 1291 1457 1298 ’

588 1395 723 1468 Similes
738 1394 856 1468 lietera
877 1395 964 1469 laete
985 1405 1067 1469 sunt
1090 1419 1152 1493 por
1166 1399 1370 1496 Procopium
1389 1422 1453 1496 pro
1475 1401 1641 1476 lticcardo
1662 1401 1708 1478 de
1727 1405 1873 1480 Pulcaro
1892 1427 1956 1504 par

537 1518 778 1612 justitiariatus
793 1517 1028 1614 Principatus,
1045 1521 1147 1595 Terre
1162 1523 1304 1598 Laboris
1316 1532 1352 1598 ct
1366 1524 1548 1600 comitatus
1562 1525 1701 1600 llolisii.

588 1642 721 1716 Similes
735 1642 781 1716 de
794 1643 956 1738 expensis
972 1643 1061 1736 ejus.

588 1767 672 1840 ltem
686 1767 816 1840 similes
828 1766 945 1840 lictore
962 1767 1052 1840 lacte
1071 1783 1152 1841 sunt
1164 1791 1226 1864 per
1244 1771 1430 1846 Henricum
1448 1767 1524 1870 (sic)
1538 1769 1584 1846 do
1600 1773 1727 1848 Suessa
1739 1795 1802 1870 pru
1820 1774 1954 1851 Criscio

538 1888 745 1962 Amalfitana
759 1911 821 1985 per
835 1889 1095 1983 justitiariatum
1109 1889 1261 1987 Aprutii.

587 2016 630 2087 Et
642 2035 704 2108 por
720 2013 922 2108 magistrum
940 2013 1144 2112 Procopium
1160 2016 1250 2090 facte
1267 2026 1349 2090 sunt
1370 2035 1433 2113 pro
1453 2015 1577 2090 eodem
1598 2018 1716 2093 licteus
1736 2019 1867 2094 similes
1888 2045 1952 2118 pru

538 2159 713 2238 expensis.

454 2609 467 2676 ’,
590 2582 750 2666 Litterae
767 2581 818 2664 ad
836 2579 1029 2664 Andreum
1046 2579 1095 2662 de
1114 2577 1240 2662 Cioala
1257 2589 1296 2663 et
1313 2580 1363 2662 ad
1380 2579 1586 2692 bogerium
1604 2579 1653 2664 de
1671 2581 1815 2664 Amicis
1835 2583 1951 2692 capi-

537 2725 670 2798 taneos
698 2715 746 2798 de
771 2711 1011 2824 litigantibus
1037 2722 1174 2795 contra
1205 2712 1373 2820 curiam,
1402 2713 1451 2796 de
1477 2712 1602 2796 viduis
1633 2713 1873 2822 officialium,
1902 2717 1953 2798 de

537 2847 662 2930 causis
680 2845 874 2928 instructis
898 2844 947 2928 ad
976 2843 1187 2953 principem
1218 2843 1475 2952 destinandis,
1494 2845 1544 2928 de
1560 2843 1690 2928 litibus
1715 2871 1829 2956 super
1854 2871 1950 2928 cas-

537 2981 605 3062 tris
623 2989 661 3064 et
678 2977 802 3062 leudis
820 2975 1055 3088 quaternulis
1071 2977 1122 3060 ad
1144 3001 1327 3087 magnam
1345 2976 1492 3062 curiam
1509 2977 1761 3062 reservandis.

619 3191 746 3272 (depost.
759 3191 862 3270 imper.
877 3187 994 3251 mate.
1008 3189 1047 3264 11,
1063 3189 1114 3251 lul.
1133 3199 1150 3252 8
1165 3195 1259 3264 ructo3
1275 3193 1305 3252 ln
1319 3191 1390 3254 edit.
1406 3189 1544 3265 Cernen„
1559 3207 1590 3269 p.
1607 3188 1693 3272 aas.)

584 3377 765 3452 Mondaatc
782 3379 912 3450 tonino
925 3379 1121 3474 imperatore
1137 3401 1200 3474 per
1217 3379 1411 3472 mopistrum
1427 3379 1563 3450 Petram
1581 3375 1622 3450 de
1644 3377 1742 3450 Vinea
1744 3429 1947 3452 ......

583 3503 794 3586 Friderious,
810 3511 892 3590 eto,
913 3499 1052 3576 Andree
1073 3501 1120 3575 de
1142 3503 1256 3576 Cicala
1279 3503 1493 3598 capitaneos
1515 3511 1616 3598 porta
1634 3501 1748 3576 ltoseti
1769 3523 1881 3596 usque
1902 3500 1950 3576 ad

535 3629 697 3702 Trontnm
718 3625 765 3699 ad
784 3624 872 3700 linos
895 3627 1015 3720 regni,
1042 3625 1136 3700 fideli
1156 3647 1235 3700 suo.
1256 3625 1350 3700 licet
1369 3625 1556 3722 imperialis
1572 3625 1775 3700 expellentis
1795 3625 1949 3717 digmus

535 3751 593 3824 cui
611 3749 729 3824 datum
745 3759 798 3824 est
811 3751 905 3844 leges
919 3749 1067 3823 condere
1079 3749 1126 3822 sit
1137 3749 1276 3846 legibus
1292 3749 1463 3841 absolma
1479 3747 1625 3845 dignum
1642 3759 1758 3824 tamen
1776 3749 1849 3824 lore
1860 3771 1948 3845 pru<

534 3875 688 3948 vidimus
709 3884 750 3947 ut
770 3873 806 3945 in
829 3873 1070 3946 observatione
1087 3875 1204 3968 legum
1225 3875 1262 3945 in
1280 3874 1393 3968 rigore
1413 3873 1548 3966 justitie
1567 3893 1755 3967 mquumur
1772 3874 1831 3966 jus
1850 3894 1946 3947 com·

534 4019 640 4071 mune
654 4019 734 4071 cnm
747 3997 886 4082 ceteris¹
905 3997 1086 4092 atquibus
1102 4017 1165 4068 nos
1181 4015 1250 4070 non
1273 3995 1384 4092 potuit
1398 3995 1553 4090 obligare
1566 3995 1772 4084 necessitas,
1787 3995 1948 4068 uoluntas

534 4132 720 4218 spontanea
744 4141 808 4193 nos
823 4120 1002 4214 astringat.
1017 4119 1088 4192 Neo
1105 4127 1224 4192 contra
1238 4117 1358 4192 fideles
1377 4129 1511 4194 nosbos
1531 4129 1565 4193 at
1581 4118 1739 4192 subditos
1754 4118 1791 4189 in
1808 4139 1947 4192 conser-

534 4246 673 4320 vatione
693 4244 825 4340 justitia
848 4243 899 4316 uti
928 4245 1090 4316 volumus
1117 4243 1335 4338 prerogativa
1362 4243 1507 4316 dominii
1532 4251 1651 4316 oonba
1673 4243 1769 4336 iura,
1797 4261 1947 4336 quorum

533 4369 716 4468 dispendia
730 4369 890 4464 dampnis
906 4368 1030 4442 nostris
1045 4367 1249 4440 ascribimus
1264 4375 1301 4440 et
1315 4387 1465 4462 quorum
1476 4365 1682 4463 compendia
1700 4365 1838 4462 propria
1854 4385 1946 4440 com·

533 4496 638 4569 moda
654 4501 868 4590 reputamus.
890 4491 975 4565 Com
1001 4491 1108 4584 igitur
1127 4491 1228 4563 multi
1248 4490 1295 4564 de
1313 4489 1474 4566 fidelibus
1493 4489 1618 4565 nostris
1638 4489 1675 4562 in
1700 4509 1808 4582 regno
1828 4497 1945 4564 uostm

531 4621 646 4694 Sicilie
673 4617 848 4692 constituti
873 4627 990 4689 contra
1014 4615 1147 4688 curiam
1176 4625 1329 4688 nostram
1355 4617 1515 4712 querelas
1537 4611 1718 4688 intendant
1741 4633 1805 4686 nec
1829 4611 1944 4684 minus

526 4744 696 4841 justitiam
713 4742 841 4816 babere
866 4737 1092 4832 contendant,
1114 4735 1269 4818 fidelitati
1292 4747 1350 4812 tuc
1376 4735 1598 4834 precipiendo
1622 4734 1830 4810 mandamus
1853 4755 1941 4829 qua·
