4468 6010
227 658 321 714 rme.
341 650 401 736 ra]
540 629 547 642 '
669 654 868 730 ursronrs
893 653 1190 716 nrrnounrrcs.
1579 648 1640 712 rso

223 810 285 884 por
297 797 410 862 totum
424 809 581 862 mensem
588 791 742 882 junuarii
756 791 967 886 quibusdum
980 788 1188 878 iuloonoriis,
1201 784 1436 884 leopardoriis,
1448 782 1641 856 camelariis

226 920 261 984 ot
280 910 359 984 aliis
380 910 428 986 de
444 921 559 986 nostra
583 912 711 986 iumiiia
737 914 931 987 constitutis
951 935 1056 1010 snper
1078 911 1203 992 nostris
1221 909 1349 984 solatiis
1364 917 1400 982 et
1416 905 1582 996 servitiis,
1601 914 1641 978 nt

225 1035 407 1130 scripsisti,
425 1036 555 1130 quibos
571 1035 773 1110 'thomasius
793 1036 839 1111 de
854 1037 1051 1111 Brundusio
1063 1055 1237 1131 expensos
1257 1032 1342 1107 dam
1359 1039 1589 1106 consueverat
1605 1039 1641 1103 et

228 1158 270 1232 de
283 1158 452 1232 mandato
465 1169 582 1234 nostro
598 1158 681 1232 doro
696 1160 833 1234 sinnnc
846 1169 935 1234 essct
949 1161 985 1233 in
996 1160 1111 1234 officio
1123 1158 1305 1232 tonohutnr
1318 1177 1384 1230 nec
1395 1153 1494 1228 dedit
1504 1163 1640 1228 amotus

228 1304 286 1377 pru
302 1283 430 1358 eodem
442 1305 572 1370 mense,
584 1283 779 1356 celsitudini
795 1295 910 1358 nostre
926 1285 1038 1380 piacet
1053 1296 1088 1358 et
1102 1283 1308 1356 mandamns
1321 1280 1383 1354 tibi
1396 1278 1493 1374 qnod
1505 1277 1638 1352 eisdem

225 1407 352 1502 quibus
373 1407 491 1481 dictus
518 1407 721 1482 Thomnsins
745 1407 791 1482 ds
816 1407 982 1482 mandato
1011 1418 1129 1481 nostro
1152 1407 1260 1481 dabat
1285 1425 1456 1500 expensus
1486 1412 1521 1476 et
1543 1401 1639 1476 daret

227 1513 328 1605 hodie
344 1533 375 1604 si
391 1531 428 1604 in
443 1531 557 1606 officio
573 1531 649 1628 ipso
665 1542 769 1618 esset,
783 1534 887 1624 juxta
900 1541 1066 1606 statutum
1074 1530 1175 1630 ,curie
1188 1538 1303 1602 nostro
1315 1549 1378 1624 pro
1395 1526 1548 1622 quolibet
1562 1525 1638 1598 iac·

226 1665 316 1744 tom,
336 1653 383 1727 de
399 1664 512 1727 cetero
524 1653 653 1728 debeas
668 1654 847 1728 exhibere.
868 1655 1049 1751 Expsnsas
1061 1653 1165 1726 etiam
1187 1671 1275 1746 quus
1290 1671 1352 1744 pro
1367 1649 1497 1722 nuntiis
1513 1667 1638 1722 neccs-
1695 1745 1697 1748 ι

225 1778 316 1851 sario
329 1778 378 1852 ad
393 1779 534 1852 servitia
546 1787 663 1852 nostru
680 1777 860 1852 mictendis
871 1779 983 1852 facore
994 1789 1029 1850 to
1041 1781 1188 1872 oportat',
1203 1785 1243 1847 ut
1260 1773 1361 1865 diois,
1377 1771 1588 1846 necessarias
1602 1779 1638 1844 'ot

227 1900 440 1992 moderatus,
462 1903 499 1974 in
521 1903 589 1975 tnis
607 1902 792 1975 ratiociniis
814 1903 977 1976 volumus
999 1899 1194 1990 numerari;
1221 1897 1427 1972 mandantes
1448 1905 1487 1968 ut
1515 1917 1577 1991 pro
1603 1905 1638 1970 te

226 2036 259 2096 et
274 2034 324 2098 tot
343 2026 500 2120 personis
517 2035 630 2098 tecum
648 2026 683 2098 in
701 2035 817 2098 nostro
832 2025 972 2098 servitio
988 2023 1170 2097 moraturis
1187 2043 1358 2118 expensas
1369 2022 1471 2114 juxta
1493 2020 1636 2094 assisam

226 2151 319 2222 curie
333 2159 452 2222 nostre
467 2149 632 2246 recipias,
650 2170 713 2245 pro
731 2158 817 2244 qnot
834 2159 869 2222 st
884 2149 974 2220 sicut
989 2147 1119 2244 recepit
1131 2146 1299 2218 hactenns
1316 2145 1521 2218 Thomusins
1537 2154 1637 2218 unte—

227 2273 339 2346 dictus
355 2273 401 2346 de
425 2273 522 2345 curie
542 2281 656 2346 nostre
678 2282 818 2344 statuto.
837 2271 943 2358 Quod
967 2279 1082 2344 antem
1099 2267 1294 2362 significare
1314 2268 1441 2341 curasti
1459 2267 1555 2362 quod
1576 2289 1638 2364 por

225 2397 386 2492 Apuliam
409 2397 524 2492 plnres
546 2410 628 2470 sont
651 2397 713 2491 qui
739 2396 888 2469 clamant
906 2405 940 2468 ct
959 2403 1175 2466 murmurant
1193 2392 1289 2488 quod
1306 2401 1471 2464 statutum
1494 2414 1515 2465 a
1542 2391 1637 2465 curia

225 2531 339 2594 nostra
356 2521 504 2616 pretinm
518 2541 581 2616 pro
596 2519 668 2593 sula
686 2541 792 2614 quem
809 2519 975 2592 hactenns
990 2529 1144 2614 tompore
1157 2517 1261 2591 officii
1278 2515 1452 2589 Thomasii
1469 2513 1514 2588 de
1526 2516 1637 2588 Bron-

226 2645 327 2718 dnsio
345 2644 391 2719 ud
405 2664 495 2741 opus
510 2653 664 2719 nostrum
678 2646 841 2736 fecerant,
859 2643 985 2718 habere
998 2663 1068 2717 non
1080 2643 1226 2738 possint,
1242 2650 1278 2738 et
1292 2641 1322 2714 si
1341 2639 1471 2714 dictum
1488 2639 1636 2734 pretium
1659 2687 1664 2698 -

225 2791 292 2844 non
313 2770 518 2862 habuerint,
537 2769 583 2844 de
604 2771 677 2846 suls
700 2769 860 2845 inciondo
875 2791 914 2844 se
935 2771 972 2842 in
998 2771 1153 2842 intornm
1170 2768 1367 2840 nullatcnus
1384 2765 1634 2854 intromictsnt,

224 2893 318 2988 qnod
337 2894 456 2966 miuus
479 2893 563 2966 utile
586 2902 703 2966 nostre
725 2893 820 2966 curio
840 2901 1062 2989 potestesse,
1082 2893 1243 2966 volumus
1266 2900 1305 2963 ut
1328 2889 1358 2963 si
1382 2889 1506 2964 solutio
1529 2886 1637 2982 ipsios

225 3019 322 3113 pretii
337 3018 415 3090 sine
439 3018 536 3090 curie
559 3015 778 3092 incommodo
798 3015 928 3090 differri
945 3016 1086 3111 poterit,
1104 3015 1258 3104 differam
1277 3013 1429 3108 alioquin
1452 3011 1482 3084 si
1500 3011 1637 3084 incom-

223 3141 366 3214 modum
385 3149 570 3234 sequetur,
595 3141 703 3214 iacias
726 3141 816 3214 sicut
831 3140 955 3214 meiius
978 3139 1110 3216 videris
1134 3137 1318 3235 expedire,
1345 3137 1381 3210 in
1407 3135 1569 3212 omnibns
1587 3134 1636 3206 sic

224 3263 376 3338 intentus
390 3273 431 3336 ut
447 3263 571 3336 morito
587 3263 852 3338 commenderis.

268 3390 395 3462 Datum
417 3387 580 3477 viterbii,
600 3389 720 3464 ultimo
735 3389 918 3480 februarii,
936 3389 1015 3462 Xlll
1034 3387 1242 3462 indictionis.

275 3945 501 4030 Mandatum
532 3951 582 4032 sd
609 3951 857 4062 justitiarium
883 3955 1002 4040 Vallis
1032 3957 1157 4040 Gratis
1186 3923 1318 4039 contra
1345 3953 1554 4038 Iohannem
1586 3955 1635 4036 de

224 4074 410 4162 Fusoaldo
428 4081 495 4190 qui
513 4109 671 4169 uxorem
691 4087 772 4171 sine
790 4089 971 4174 mandato
989 4089 1169 4200 principis
1189 4089 1311 4172 duxit.

301 4301 429 4384 (depost.
444 4305 548 4386 imper.
561 4306 736 4412 fliedenu,
752 4311 804 4373 fol.
822 4320 861 4374 to
877 4311 1106 4388 verso31nsdlt.
1122 4312 1258 4385 Curcum
1273 4327 1304 4388 p.
1324 4309 1407 4388 359.)

224 4497 325 4686 GDc
350 4501 520 4593 imperiali
547 4506 705 4578 mandato
734 4511 822 4600 [octo
849 4531 913 4602 por
939 4510 1134 4602 mopiatrum
1166 4507 1336 4578 Toddctrm
1364 4506 1494 4600 scripsit
1520 4505 1559 4576 G.
1593 4505 1633 4575 dc

248 4622 406 4692 uasto:
1571 4667 1574 4674 ·

270 4741 489 4924 Frpdericns,
512 4759 596 4839 eto,
621 4751 807 4828 Tholomcu
830 4755 876 4830 de
903 4755 1104 4830 Custsliione
1124 4753 1311 4848 jnstitiario
1333 4751 1439 4824 Vallis
1468 4750 1578 4824 Gratis
1599 4762 1633 4824 et

350 4875 438 4926 Pam.
1416 4883 1472 4935 100
