4374 6010
216 745 321 806 lamen.
338 739 402 820 ta]
674 735 873 800 HISTORIA
897 732 1194 798 nlrnouhrtcn.
1571 733 1633 798 92³

217 879 373 962 iteraret,
392 871 593 968 scripsimus
608 872 660 945 eis
679 880 718 945 nt
732 893 796 968 per
812 893 958 965 regnum
979 879 1134 946 nostrum
1152 867 1199 942 ad
1215 867 1397 942 transitum
1412 880 1634 964 properarent

218 1010 252 1074 et
278 997 377 1094 qnod
399 995 511 1092 parati
536 1017 675 1069 eramus
699 995 978 1090 quibuscumque
997 1015 1178 1092 possemus
1198 993 1248 1067 eis
1269 991 1369 1065 hilari
1396 991 1633 1068 munificentia

218 1121 409 1196 subvenire
429 1139 607 1214 :qnorum
631 1117 739 1212 aliqui
765 1139 829 1213 per
854 1137 1000 1212 regnum
1027 1125 1184 1192 nostrum
1212 1115 1329 1189 Sicilie
1351 1117 1630 1209 transfretarunt,

217 1246 273 1319 alii
292 1266 358 1340 pro
374 1251 471 1341 parte
485 1242 607 1336 maJori
625 1244 807 1317 transitum
826 1242 893 1315 sibi
907 1264 969 1338 per
982 1241 1169 1315 hiarsiliam
1187 1241 1379 1336 elegerunt.
1397 1243 1498 1316 Nune
1516 1243 1634 1338 itaque

217 1369 312 1464 qood
337 1369 385 1442 de
404 1377 457 1442 tot
476 1367 631 1440 millibus
654 1367 803 1440 mihtum
825 1389 888 1463 pro
903 1367 1046 1441 servitio
1062 1368 1166 1440 Terre
1188 1369 1312 1439 Sancte
1329 1388 1454 1439 manus
1473 1389 1634 1441 commu-

188 1517 191 1524 ·
217 1493 313 1565 nium
332 1492 485 1566 hostium
499 1489 746 1586 triumphavit,
766 1490 830 1564 etsi
845 1491 882 1562 in
905 1490 1005 1564 clade
1019 1489 1173 1586 ipsorum
1187 1500 1222 1562 et
1238 1489 1438 1563 mediatoris
1452 1489 1633 1563 hominnm

217 1616 341 1690 Christi
373 1617 458 1690 Josu
485 1624 521 1690 et
547 1615 652 1688 totius
684 1613 944 1688 christianitatis
972 1613 1196 1708 ignominiam
1221 1613 1421 1706 doleamus,
1450 1635 1492 1687 eo
1517 1615 1634 1710 potius

219 1739 347 1814 damna
380 1739 493 1836 passis
522 1737 736 1812 conscientia
764 1747 851 1812 teste
879 1739 1106 1833 compatimur
1129 1747 1259 1833 quanto
1287 1737 1333 1812 de
1356 1739 1540 1813 amissione
1562 1750 1633 1812 tam

219 1873 359 1937 strenue
375 1863 497 1936 militie
519 1861 692 1936 Gallicana
712 1861 893 1957 provincia
912 1883 975 1957 pre
993 1861 1114 1936 ceteris
1137 1861 1303 1934 damnum
1325 1863 1468 1956 gravius
1486 1875 1539 1936 est
1556 1885 1634 1958 per-

219 2006 331 2080 pessa.
356 1971 614 2059 Cerere'tamen
637 1985 840 2058 excellentia
862 1993 978 2070 nostra
1006 2006 1076 2058 non
1106 1985 1231 2080 patitur
1258 1986 1386 2059 damna
1410 1987 1574 2059 remediis
1601 1997 1635 2060 et

220 2108 453 2180 consolatione
470 2106 618 2182 dolores.
642 2109 713 2182 Nos
730 2107 823 2182 enim
842 2106 879 2178 in
896 2106 1091 2180 subsidium
1113 2107 1215 2180 Terre
1235 2107 1358 2181 Sancte
1378 2109 1546 2203 quicquid
1569 2109 1635 2180 im-

218 2231 359 2326 perialis
387 2230 572 2304 eminentia
600 2231 726 2326 poterit
751 2240 788 2302 et
813 2238 986 2324 quatenns
1014 2239 1198 2325 tempestas
1223 2231 1436 2326 presentium
1462 2254 1578 2305 rerum
1600 2241 1636 2306 et

220 2363 431 2450 temporum,
453 2353 647 2427 inconsulto
668 2355 814 2427 Romani
832 2351 1004 2448 pontificis
1027 2354 1142 2426 calore
1159 2354 1318 2447 suborta,
1336 2354 1517 2450 permittit,
1533 2355 1634 2428 hilari

220 2477 455 2551 munificentia
470 2477 704 2569 conferemus3
721 2485 756 2550 et
779 2476 952 2550 credimus
968 2475 1064 2572 quod
1080 2477 1110 2548 si
1134 2478 1372 2572 superviveret
1386 2480 1550 2553 soldanus
1568 2480 1635 2552 Ba·

220 2603 375 2700 hymnis,
397 2599 574 2697 quondam
599 2611 698 2698 pater
719 2600 819 2674 istius
839 2600 975 2674 soldani
998 2601 1168 2694 viventis,
1189 2623 1236 2675 ex
1252 2603 1433 2676 affectione
1448 2625 1554 2698 qnam
1576 2626 1633 2677 os·

222 2726 386 2801 tondebat
398 2725 446 2799 ad
463 2727 650 2819 majestatis
665 2734 781 2799 nostre
795 2747 1000 2824 personam,
1018 2725 1063 2800 de
1079 2726 1254 2799 nobihbns
1268 2727 1434 2800 militibus
1452 2728 1635 2824 captivatis

223 2848 257 2920 in
282 2849 375 2922 bello
403 2848 612 2922 satisfaceret
635 2848 727 2922 votis
752 2849 892 2921 nostris.
921 2847 1150 2922 Nihilominus
1175 2857 1290 2922 tamen
1315 2849 1411 2944 apud
1434 2850 1538 2923 istnm
1562 2854 1634 2924 sol-

223 2970 352 3046 danum
372 2973 591 3069 superstitem
614 2994 676 3068 pro
699 2971 901 3046 liberatione
917 2971 1070 3068 ipsorum
1088 2973 1255 3046 nobilium
1279 2973 1493 3069 captivorum
1517 2977 1634 3070 preci-

222 3117 325 3192 puum
339 3117 440 3192 opem
456 3105 491 3170 et
510 3115 650 3192 operam
674 3116 890 3193 apponemus
909 3094 975 3192 (t).
1000 3096 1157 3170 Ceterum
1177 3096 1346 3190 quicquid
1371 3096 1562 3172 Willelmus
1587 3097 1633 3170 de

222 3219 385 3318 Compesa
402 3221 503 3294 miles
517 3229 553 3293 et
576 3219 688 3294 fidelis
707 3229 843 3312 noster,
870 3241 976 3315 qnam
995 3220 1041 3293 ad
1056 3242 1120 3293 vos
1143 3241 1208 3315 pro
1230 3219 1381 3292 servitiis
1396 3221 1521 3294 nostris
1538 3243 1634 3294 nnn-

221 3346 305 3417 tinm
322 3343 552 3438 destinamus,
572 3345 675 3420 vobis
693 3344 856 3419 omnibns
874 3365 922 3417 ox
942 3354 1041 3440 parte
1058 3353 1175 3418 nostra
1198 3353 1382 3442 proponet,
1400 3345 1635 3421 indubitanter

221 3468 378 3542 credatis.

269 3594 394 3666 Datum
406 3592 526 3685 logie,
545 3591 715 3686 vigesimo
731 3591 854 3688 quinto
866 3592 998 3690 aprilis,
1019 3593 1217 3668 indictionis
1235 3594 1369 3669 decime
1384 3595 1495 3668 tertie.

275 4147 495 4234 Mandatum
519 4149 570 4233 ad
587 4149 839 4234 cmtellenum
856 4149 1066 4236 Marlursni
1090 4161 1133 4234 ut
1150 4151 1231 4236 vioe
1248 4154 1385 4262 captivi
1403 4182 1519 4266 quem
1535 4183 1633 4241 cus-

224 4279 388 4425 todiebat
421 4280 614 4391 defuncti,
648 4281 884 4367 Abbatinum
915 4283 964 4367 de
994 4283 1211 4394 Melignano
1242 4287 1531 4372 custodiendum
1563 4318 1633 4374 re-

226 4411 348 4522 crpiet.

308 4605 428 4688 (licoat
444 4607 548 4688 supe.
563 4605 683 4671 Mer.
697 4607 737 4684 11,
749 4607 803 4672 iol.
822 4617 878 4672 102
893 4626 995 4686 verso;
1012 4612 1044 4672 ln
1057 4610 1130 4674 edtt.
1144 4609 1280 4688 Curcum,
1294 4631 1324 4692 p.
1340 4612 1422 4694 402.)

262 4827 299 4900 (t)
316 4827 355 4888 Gi.
367 4831 458 4891 llam
472 4832 579 4906 Pham,
592 4833 667 4892 Birt.
682 4834 749 4908 moi.
765 4832 887 4908 lapion,
901 4850 931 4909 p.
946 4836 1008 4894 aot.

1703 4173 1722 4217 F

1684 4229 1712 4272 at
