4564 6038
321 705 417 764 lunum.
435 700 496 777 12]
769 697 964 759 HISTORIA
990 695 1281 760 nirnounricn.

373 1250 585 1358 Conradus,
606 1253 645 1333 in
664 1251 924 1336 Romanorum
941 1279 1070 1363 regem
1088 1253 1243 1359 electus,
1265 1253 1490 1336 sententiam
1508 1251 1723 1360 principum

317 1382 536 1492 promulgat
569 1383 688 1466 latam
730 1385 771 1465 in
805 1385 974 1468 levorem
1006 1385 1144 1468 civium
1177 1385 1529 1492 Retisponensium,
1561 1409 1609 1465 ne
1636 1380 1723 1492 quis

316 1539 497 1620 personas
523 1516 582 1598 uel
610 1543 670 1599 res
697 1542 830 1600 eorum
852 1518 998 1600 ratione
1024 1517 1196 1626 pignoris
1224 1518 1407 1622 detineat,
1438 1517 1511 1598 nisi
1534 1515 1625 1599 ciris
1652 1540 1722 1622 pro

317 1645 416 1753 cive,
438 1673 460 1730 a
479 1675 557 1758 quo
576 1649 669 1732 alies
684 1649 748 1758 jus
768 1676 881 1732 suum
899 1650 986 1758 quis
1004 1651 1184 1759 consequi
1203 1675 1280 1732 non
1298 1650 1452 1732 valeret.

399 1885 493 1963 (Edit.
513 1905 552 1966 ap
570 1889 699 1950 itionum.
719 1891 809 1966 Boia,
833 1897 854 1951 t.
877 1889 977 1962 XXX,
994 1905 1063 1966 pars
1080 1891 1114 1967 1,
1133 1907 1163 1966 p.
1182 1898 1258 1966 m,
1280 1899 1313 1949 ιιο
1335 1898 1408 1968 7633
1430 1906 1467 1950 cx
1491 1889 1627 1966 originali
1644 1889 1723 1950 unda

436 1991 565 2068 sigillum
582 1993 716 2053 nonnihil
734 1995 847 2054 laesum
862 1992 1005 2070 appendet
1020 2009 1058 2053 ex
1073 1991 1131 2054 dits
1152 1996 1252 2053 sericis
1273 1994 1356 2053 rubri
1373 1993 1490 2054 colorls.
1511 2025 1551 2038 -
1565 1995 1720 2054 Memorat.

435 2103 533 2157 autem
547 2104 577 2158 et
591 2105 756 2160 extractum
768 2115 787 2160 a
800 2099 977 2174 (imnum,
992 2097 1115 2159 umbe.
1131 2097 1269 2179 Reperire.
1289 2096 1426 2179 eumad,
1442 2101 1468 2177 Ι,
1485 2098 1567 2177 ato.)

364 2309 583 2408 Conrladus),
607 2313 680 2386 divi
699 2315 839 2406 angusti
866 2315 1079 2408 imperatoris
1098 2312 1288 2408 Fr(iderici)
1309 2312 1418 2404 filius,
1443 2314 1505 2387 Dei
1524 2315 1633 2408 gratie
1653 2313 1723 2387 lio-

316 2454 494 2508 manorum
513 2437 549 2506 in
567 2437 840 2528 regemelectus,
860 2458 997 2532 semper
1020 2445 1206 2530 angustus,
1224 2449 1259 2508 et
1276 2436 1373 2508 heres
1395 2437 1493 2528 regni
1509 2437 1723 2532 ierosolymi-

316 2563 446 2648 tarum,
469 2560 639 2632 universis
661 2561 794 2655 imperii
815 2559 976 2634 fidelibus
998 2565 1172 2656 presentes
1196 2561 1323 2631 littores
1351 2559 1555 2654 inspecturis
1577 2561 1723 2654 gratiam

317 2700 415 2752 suam
437 2691 472 2754 et
490 2683 753 2757 omnebonum.
771 2683 989 2756 Universitati
1011 2693 1124 2754 vestre
1145 2691 1263 2753 notum
1283 2683 1540 2753 essevolumus
1562 2703 1623 2775 per
1643 2703 1723 2776 pre·

317 2813 446 2895 sentes,
478 2806 573 2900 quod
601 2807 646 2879 ad
676 2807 932 2900 requisitionem
962 2803 1091 2877 civium
1121 2805 1436 2898 Retisponensinm,
1468 2814 1660 2877 nostrornm
1688 2815 1723 2879 et

317 2925 451 3023 imperii
468 2927 640 3020 fidelium,
658 2929 869 3002 dictantibus
893 2951 971 3001 eam
994 2929 1224 3023 principibus,
1252 2928 1456 3014 baronibus,
1486 2928 1668 3000 comitibus
1689 2939 1723 3002 et

318 3049 392 3122 aliis
417 3051 591 3124 nobilibus
612 3054 673 3147 qui
704 3053 865 3144 aderant,
891 3053 969 3124 talis
997 3053 1032 3122 in
1058 3052 1229 3147 presentis
1257 3052 1360 3124 nostri
1382 3052 1542 3122 culminis
1567 3053 1634 3124 lata
1658 3052 1723 3126 init

317 3175 483 3246 sententia
505 3185 540 3247 et
560 3177 605 3248 ab
629 3176 790 3249 omnibus
814 3178 1019 3271 approbata,
1044 3175 1140 3268 quod
1161 3175 1245 3246 nulli
1268 3195 1407 3268 prorsus
1431 3176 1533 3248 liceat
1559 3197 1722 3271 personas

318 3299 373 3370 vel
388 3320 444 3370 res
461 3297 631 3371 dictorum
654 3301 798 3390 civium,
820 3301 1000 3373 occasione
1017 3299 1273 3393 Ratisponensis
1288 3299 1453 3393 episcopi,
1475 3298 1576 3370 ducis
1591 3301 1722 3374 nawa-

318 3421 379 3510 rie,
397 3423 453 3494 vel
476 3423 545 3494 alia
571 3424 755 3496 occasione
775 3424 909 3518 aliqua,
933 3423 1087 3496 detinere
1109 3424 1239 3494 ratione
1258 3421 1430 3515 pignoris,
1453 3421 1519 3493 nisi
1547 3423 1634 3494 civis
1660 3445 1722 3518 pro

318 3545 407 3637 cive,
426 3567 447 3616 a
463 3567 533 3639 quo
551 3546 635 3618 alias
652 3548 710 3638 jus
729 3569 830 3618 snum
850 3547 929 3640 quis
947 3547 1111 3640 consequi
1132 3567 1200 3618 non
1219 3545 1357 3617 valeret.
1385 3545 1552 3629 Quocirca
1578 3545 1722 3620 manda·

318 3689 396 3738 mus
411 3667 456 3740 de
474 3668 688 3762 plenitudine
703 3670 835 3741 consilii
855 3671 978 3760 nostri,
1004 3670 1204 3742 auctoritate
1222 3667 1355 3739 domini
1375 3677 1410 3740 et
1429 3669 1593 3762 genitoris
1615 3671 1722 3741 nostri

317 3791 548 3863 Romanorum
572 3793 787 3887 imperatoris
803 3803 837 3864 et
857 3803 992 3882 nostre,
1012 3793 1239 3887 precipientes
1256 3790 1397 3864 firmiter
1414 3801 1449 3864 et
1466 3791 1617 3866 districte
1634 3815 1723 3886 qua·

318 3924 416 3989 tenus
439 3919 556 3989 nullus
583 3919 626 3988 sit
650 3919 711 4012 qui
736 3918 908 4012 predictos
936 3919 1030 3991 cives
1055 3919 1091 3989 in
1121 3919 1276 4013 personis
1298 3917 1354 3988 vel
1377 3917 1481 3990 rebus
1505 3919 1577 3990 suis
1602 3929 1722 3991 contra

317 4039 485 4135 presentis
509 4049 661 4113 tenorem
685 4041 851 4115 sententie
874 4062 1020 4136 gravme
1047 4051 1234 4137 prasumat.
1266 4039 1367 4125 Quod
1391 4041 1452 4133 qui
1479 4039 1723 4135 presumpserit

318 4160 591 4255 indignationem
615 4173 765 4237 nostram
782 4175 817 4235 et
832 4163 965 4258 imperii
982 4185 1019 4236 se
1034 4165 1168 4236 noverit
1188 4163 1386 4234 incurrisse.

368 4287 491 4357 Datum
508 4287 603 4381 apud
621 4289 744 4381 ligram
759 4288 822 4382 (l),
838 4308 930 4358 anno
948 4287 1082 4357 Domini
1100 4285 1281 4358 millesimo
1297 4285 1533 4358 ducentesimo
1550 4285 1721 4359 tricesimo

319 4428 423 4498 nono,
444 4431 561 4481 mense
570 4411 672 4501 junii,
690 4408 894 4482 duodecime
912 4407 1120 4482 indictionis.

355 4712 389 4784 (t)
408 4713 436 4768 ln
451 4713 504 4770 bac
524 4712 629 4771 civitate
647 4719 710 4770 tunc
723 4714 851 4788 temporis
868 4729 916 4770 rex
934 4713 1073 4770 conradus
1088 4711 1248 4784 colloquium
1263 4726 1325 4768 curn
1341 4711 1507 4785 principibus
1522 4709 1627 4784 imperii
1645 4710 1722 4770 oale-

317 4807 430 4877 brabat3
445 4809 479 4866 de
493 4825 547 4881 qno
559 4825 642 4883 supra
656 4809 771 4881 videsis,
784 4827 812 4883 p.
827 4811 889 4866 344.

392 4906 431 4968 V.
454 4923 508 4966 Pura
517 4926 540 4969 ².
1507 4913 1564 4967 149
