4468 6010
253 691 349 752 luurcu
368 689 430 767 lb]
692 689 890 752 nlsroltla
917 686 1217 752 clamitantes.
1610 685 1666 748 801

304 821 559 912 «Prodericns,
584 834 667 914 etc,
693 826 876 899 laurentio
900 826 1029 900 Allerio
1047 823 1100 918 (l)
1121 821 1215 894 fideli
1243 840 1327 906 sno,
1353 828 1419 893 etc.
1443 821 1670 914 Supplicave·

256 953 371 1018 arunt
385 946 591 1020 excellentie
607 957 723 1022 nostre
743 947 969 1040 Thomasius,
990 944 1167 1020 Gollridus
1185 953 1220 1016 et
1241 940 1421 1037 Dupoldns
1443 941 1489 1016 de
1510 944 1670 1037 Dragono

256 1093 274 1136 s
291 1068 425 1154 iratres,
446 1067 507 1140 tilii
522 1070 700 1164 quondam
716 1071 875 1144 lticcardi
888 1070 1023 1143 comitis
1034 1067 1207 1161 Dragouis
1223 1065 1335 1139 fidelis
1353 1065 1473 1157 nostri,
1487 1065 1666 1150 vassallos,

257 1217 274 1259 ι
292 1191 527 1286 possessiones
539 1203 575 1266 et
592 1194 684 1266 bona
698 1194 850 1267 feudalia
863 1216 934 1290 que
949 1195 1090 1266 luerunt
1105 1190 1189 1264 dieti
1200 1189 1377 1285 quondam
1391 1189 1547 1262 Riccerdi
1565 1191 1669 1283 petris

258 1335 412 1388 »eorum
429 1315 467 1386 in
484 1317 640 1410 partibus
655 1317 780 1411 Apulis
792 1317 839 1391 ad
851 1338 911 1390 eos
924 1317 969 1391 de
984 1317 1065 1408 jure
1080 1323 1222 1410 paterno
1236 1311 1481 1385 rationabiliter
1498 1313 1668 1407 pertinere

260 1462 277 1506 a
296 1459 375 1510 cum
397 1439 561 1511 omnibus
587 1439 779 1512 rationibus
802 1449 838 1512 et
856 1439 1071 1534 pertiuentiis
1088 1458 1207 1510 eornm
1225 1435 1272 1508 ad
1295 1433 1388 1507 dicta
1406 1435 1497 1508 bona
1516 1435 1668 1508 feudalia

261 1585 278 1628 a
296 1561 344 1632 eis
361 1561 600 1655 spectantibus
611 1573 645 1634 et
657 1562 927 1658 pertinentibus3
946 1582 1015 1656 que
1033 1560 1150 1633 omnia
1167 1559 1297 1631 scilicet
1314 1579 1377 1652 pro
1393 1559 1497 1630 unius
1512 1558 1667 1630 militaris

263 1709 279 1750 ι
297 1683 426 1756 servitii
442 1705 505 1757 seu
520 1685 634 1758 adoha
653 1707 733 1758 cum
750 1686 823 1756 suis
838 1685 1036 1758 bominibus
1053 1683 1181 1756 iutuitu
1203 1681 1420 1754 servitiorum
1441 1681 1524 1754 dicti
1548 1703 1665 1776 quon-

266 1806 374 1880 »dam
398 1807 534 1880 comitis
554 1809 707 1902 Dragani
730 1809 947 1904 prestitorum
973 1809 1045 1902 regi
1068 1806 1214 1901 Rogerio
1236 1803 1470 1900 predecessori
1494 1815 1610 1879 nostro
1632 1817 1667 1880 et

268 1930 412 2018 anobis,
433 1931 625 2025 predictum
644 1932 834 2005 Goffridum
852 1942 887 2005 et
905 1931 1102 2026 Dupoldum
1124 1929 1314 2004 concedere
1339 1929 1574 2022 dignaremur.
1598 1931 1666 2003 Nos

121 2095 130 2118 .
270 2053 400 2146 rigitur
422 2063 667 2147 cognoscentes
691 2057 742 2128 eis
761 2055 1009 2128 rationabiliter
1025 2056 1104 2147 jure
1128 2061 1269 2148 paterno
1289 2054 1459 2148 pertinere
1478 2054 1570 2126 bona
1590 2075 1666 2148 pre·

273 2176 402 2262 idiota,
418 2175 575 2250 fidelitati
588 2187 646 2252 tue
658 2179 883 2275 precipiendo
898 2179 1106 2252 mandamus
1118 2186 1290 2272 quatenus
1303 2187 1459 2251 constent
1472 2177 1565 2252 dicta
1574 2178 1665 2252 bona

274 2299 385 2372 »dont
411 2300 645 2374 intelleximus
674 2303 711 2374 in
737 2303 937 2376 bominibus
963 2313 998 2374 et
1026 2301 1299 2398 possessionibus
1330 2323 1399 2394 que
1428 2300 1542 2374 dictus
1569 2313 1665 2398 pater

276 2442 412 2495 reorum
427 2425 599 2499 tenebata
614 2427 711 2500 curia
724 2437 854 2516 nostra,
873 2449 979 2522 super
997 2427 1064 2522 bys
1079 2425 1263 2518 diligenter
1277 2435 1311 2498 et
1327 2425 1473 2498 fideliter
1489 2426 1534 2498 de
1551 2429 1663 2500 omni·

276 2545 360 2620 rbus
376 2547 552 2642 inquirere
565 2549 708 2622 studeas
721 2561 755 2622 et
769 2551 837 2622 sub
852 2551 965 2644 sigillo
979 2559 1039 2622 tuo
1055 2550 1090 2621 iu
1104 2551 1235 2622 curiam
1252 2559 1404 2624 nostram
1417 2549 1535 2623 mictas
1552 2548 1565 2642 (
1585 2549 1611 2646 ).

313 2695 328 2738 n
343 2673 465 2742 Datum
483 2673 700 2762 Tuscanelle,
717 2675 746 2746 ll
761 2673 895 2764 martii,
910 2674 987 2746 xlll
1005 2673 1214 2746 indictionis.
1236 2700 1254 2742 a

312 3215 531 3302 Mandatum
558 3215 608 3296 ed
628 3213 878 3323 justitiarium
896 3213 1033 3297 Terrae
1049 3213 1207 3298 Laboris
1226 3225 1269 3298 ut
1292 3217 1374 3327 regi
1397 3219 1557 3304 ilenrico
1581 3221 1666 3305 001.
1690 3239 1869 3342 rappgasa

267 3346 370 3430 lectas
387 3372 486 3456 quas
504 3346 585 3455 ipse
601 3371 668 3428 rex
685 3345 843 3455 Neapoli
862 3345 943 3429 fieri
961 3345 1069 3453 lecit,
1089 3348 1278 3432 destinare
1295 3349 1444 3434 debeat.
1726 3347 1834 3392 ‘'⁸¹¹¹-

337 3543 771 3628 (moct.tmpar.1rcder.11,
787 3487 1006 3623 lol.·1ttvcrso;
1022 3549 1054 3609 ln
1064 3548 1136 3610 edit.
1149 3521 1285 3629 Ceresue
1297 3568 1329 3630 p.
1344 3553 1427 3632 toa.)

305 3719 354 3793 Ile
365 3721 537 3816 imperiali
549 3721 704 3795 mundule
715 3725 806 3814 [acto
820 3744 884 3816 per
900 3723 1099 3818 mopistrom
1111 3723 1248 3795 Petram
1259 3725 1300 3795 da
1315 3725 1414 3797 Vinea
1425 3730 1556 3822 scripsit
1568 3733 1610 3802 P.
1627 3732 1667 3802 de

263 3842 306 3914 Co
390 3871 402 3916 .·
1279 3875 1284 3890 ·

301 3865 517 4058 moriens,
532 3977 617 4060 etc,
632 3967 799 4040 Riccardo
818 3966 863 4040 de
877 3969 1092 4059 Montenigro
1104 3969 1289 4062 justitiario
1305 3971 1406 4044 Teme
1421 3974 1579 4068 laboris,
1597 3987 1663 4050 etc.

261 4087 426 4164 fidelitati
444 4100 502 4162 tue
516 4089 723 4164 mundamus
746 4101 919 4186 quaoenus
936 4093 1095 4164 collectas
1114 4113 1202 4186 quas
1218 4090 1293 4165 fieri
1310 4096 1392 4168 lecit
1411 4097 1552 4193 Neapoli
1568 4101 1667 4172 Hen-

300 4255 341 4336 (ο)
363 4255 429 4318 Iloc
456 4257 630 4318 mandatum
651 4259 683 4317 ln
706 4259 850 4335 inpresso
876 4261 1001 4322 luversls
1032 4259 1228 4321 commatibus
1256 4261 1428 4340 lncludltur‚
1451 4265 1532 4326 unde
1558 4267 1666 4327 lustru·

261 4369 391 4423 mentum
403 4363 598 4422 cancellatum
611 4361 659 4422 vol
675 4361 818 4423 abolltum
837 4363 962 4424 ludlcarl
975 4363 1060 4424 solet.
1076 4365 1203 4426 Faclllns
1217 4368 1296 4426 enlm
1313 4368 1555 4430 autmadverterls
1571 4386 1667 4448 nequa

260 4470 467 4528 utendarum
480 4483 577 4546 neum
586 4467 747 4528 verborum
762 4467 896 4528 ordlnsm
906 4467 955 4529 hle
969 4468 1044 4528 bene
1055 4475 1216 4532 matum.

294 4689 329 4762 lt)
347 4691 414 4761 onis
424 4697 454 4749 et
469 4691 497 4748 iu
509 4706 563 4765 uuo
577 4691 666 4750 officio
679 4691 762 4750 luerit
777 4708 832 4751 uou
843 4693 951 4752 scimrrs.
966 4692 1102 4754 branton
1114 4695 1237 4770 disarius
1249 4697 1361 4771 quidam
1371 4741 1378 4772 ,
1389 4701 1549 4760 castellanus
1564 4703 1664 4776 Bardi,

263 4785 424 4847 iuuandato
437 4789 509 4864 apud
523 4788 616 4848 Ortam
627 4791 662 4848 rt
675 4789 776 4864 aprilis.
