4468 6010
525 673 585 733 '1¹18
1027 667 1240 729 lalnaalcl
1260 667 1436 728 sacuam
1752 671 1832 750 [dus.
1853 673 1939 736 talo.

524 822 580 884 tus
598 809 781 882 Absalonis
794 807 1024 905 suspendium
1043 804 1094 903 (a)
1107 805 1154 878 od
1168 805 1275 900 patris
1295 805 1419 877 solium
1437 805 1639 900 aspirantis,
1661 827 1726 879 noc
1741 809 1941 884 mandatum

524 937 713 1010 advertens
729 935 765 1005 in
786 933 1052 1006 Deuteronomio
1072 929 1235 1004 traditum
1258 929 1355 1024 quod
1371 931 1493 1002 nolens
1508 929 1651 1003 obedire
1666 931 1857 1006 sacerdotis
1871 933 1944 1006 im-

525 1065 621 1162 perio
638 1086 684 1136 ex
701 1063 839 1136 decreto
853 1061 985 1156 judicis
1002 1059 1179 1132 morietur.
1200 1057 1295 1130 Licet
1319 1066 1435 1129 autem
1456 1058 1643 1152 apostolice
1660 1058 1760 1132 Sedis
1778 1061 1943 1136 autoritas

524 1191 710 1263 multorum
735 1189 930 1284 principum
950 1195 984 1258 et
1005 1185 1152 1258 aliorum
1172 1181 1328 1256 fidelium
1347 1181 1549 1256 detonsione
1570 1183 1706 1256 munita
1722 1184 1806 1257 satis
1822 1182 1869 1259 ad
1885 1185 1940 1258 sui

524 1315 715 1411 presidium
731 1323 766 1385 et
786 1312 957 1384 curiosius
972 1309 1122 1406 potuerit
1144 1308 1310 1382 invocare
1334 1307 1489 1400 gladium
1513 1308 1754 1401 temporalem,
1775 1309 1940 1404 eligentes

524 1453 638 1513 tamen
648 1437 820 1532 justiciam
834 1445 984 1508 nostram
1001 1434 1116 1528 potius
1129 1431 1251 1506 divino
1269 1431 1463 1504 examinari
1478 1431 1611 1522 judicio
1627 1455 1732 1526 quam
1749 1432 1843 1506 viros
1859 1433 1941 1506 viri·

524 1566 591 1636 bus
613 1563 834 1658 propulsare,
852 1558 991 1631 vivifice
1011 1557 1145 1650 lignum
1166 1556 1285 1643 Crucis
1310 1567 1345 1628 et
1367 1556 1547 1628 beatorum
1570 1556 1660 1628 Petri
1682 1565 1717 1628 et
1734 1555 1831 1629 Pauli
1852 1577 1942 1651 apo-

525 1691 689 1760 stolorum
711 1686 824 1780 capita
847 1685 883 1754 in
906 1683 964 1755 die
981 1679 1149 1754 Cathedre
1165 1680 1396 1772 apostolorum
1413 1680 1580 1775 principis
1598 1678 1668 1774 (l),
1687 1679 1733 1752 ad
1750 1681 1826 1772 ejus
1844 1679 1942 1752 basi-

524 1814 626 1884 licam
649 1811 793 1882 lecimus
818 1807 909 1880 duce
931 1806 1075 1878 Domino
1098 1826 1170 1898 quo
1191 1804 1309 1876 decuit
1328 1803 1461 1876 honore
1484 1803 1627 1890 deferri,
1642 1825 1793 1897 quoram
1812 1805 1942 1877 maritis

525 1937 705 2006 innumere
719 1931 941 2004 multitudine
955 1937 1163 2023 congregata
1178 1928 1322 2019 ibidem,
1340 1927 1549 2000 seminantes
1565 1928 1601 1999 in
1613 1927 1764 2000 lacrimis
1777 1928 1939 2001 offensam

523 2058 693 2144 Ecclesia,
714 2077 864 2127 messam
881 2065 915 2128 et
932 2054 1064 2149 spicam
1081 2027 1127 2150 (ό)
1147 2053 1354 2125 messuimus
1370 2051 1591 2142 gaudiorum.
1610 2052 1696 2124 Nam
1709 2052 1841 2144 justitie
1857 2053 1942 2126 lator

524 2195 559 2258 ct
580 2184 737 2277 cognitor
752 2183 866 2272 justus
887 2181 997 2268 Deus,
1026 2177 1088 2248 lilii
1109 2177 1278 2272 patricide
1302 2175 1493 2270 nequitiam
1515 2185 1550 2247 et
1572 2175 1691 2248 matris
1711 2176 1939 2249 innocentiam

524 2308 687 2380 examine
706 2306 800 2400 justo
826 2303 977 2393 librans,
1005 2303 1237 2374 Romanorum
1261 2299 1366 2373 corda
1393 2300 1502 2394 ipsius
1525 2298 1783 2394 quodammodo
1808 2309 1941 2374 versata

522 2431 677 2503 versutia
699 2429 735 2500 in
753 2428 873 2500 matris
897 2425 1066 2499 convertit
1087 2425 1268 2510 allectum,
1289 2425 1350 2518 qui
1371 2423 1418 2495 ad
1441 2422 1566 2495 Christi
1584 2443 1725 2496 causam
1745 2423 1939 2496 incredibili

383 2601 389 2612 ·
523 2553 718 2627 devocione
743 2560 919 2623 currentes
941 2550 977 2620 in
1004 2550 1121 2621 votive
1147 2547 1398 2644 prosecutionis
1426 2546 1597 2648 indicium
1624 2557 1659 2620 et
1686 2547 1942 2620 irretractabilis

522 2677 692 2775 propositi
714 2675 929 2766 firmitatem,
944 2674 1103 2770 proprios
1118 2674 1281 2748 humeros
1297 2673 1342 2747 de
1360 2691 1467 2745 manu
1483 2681 1600 2746 nostra
1618 2672 1730 2744 crucis
1745 2672 1941 2748 charactere

522 2803 742 2890 munierunt,
765 2801 961 2894 generalem
982 2798 1233 2894 indulgentiam
1260 2797 1306 2872 do
1327 2797 1516 2893 apostolice
1538 2796 1639 2870 Sedis
1663 2796 1773 2890 gratia
1797 2818 1939 2894 suscep·

523 2929 590 3000 turi
619 2927 691 3022 (2),
720 2947 762 2998 ea
787 2923 994 2998 succedente
1018 2924 1176 3019 protinus
1205 2923 1351 2996 fervoris
1378 2921 1540 2994 instantia
1569 2921 1667 3015 quod
1692 2943 1762 2994 non
1784 2921 1940 3015 juvenile

521 3053 644 3144 robur,
663 3071 733 3124 non
751 3050 858 3123 lrecta
870 3049 1123 3122 senescentium
1144 3056 1235 3137 etos,
1257 3067 1326 3119 non
1340 3046 1451 3120 mollis
1466 3045 1651 3119 mulierum
1662 3045 1816 3118 conditio
1827 3045 1939 3118 crucis
2006 3101 2008 3106 .

522 3175 790 3271 assumptionem
807 3173 1019 3265 effunderet3
1039 3171 1101 3246 sed
1119 3173 1182 3267 qui
1206 3172 1252 3245 ab
1264 3171 1405 3245 homine
1419 3191 1482 3267 per
1502 3193 1606 3265 quem
1622 3170 1825 3244 scandalum
1843 3171 1939 3244 venit

521 3301 632 3394 pretio
645 3298 797 3393 corrupti
809 3297 1023 3372 venerantia
1039 3299 1070 3390 ej
1075 3319 1116 3370 us
1127 3297 1246 3370 lavore
1259 3297 1459 3388 clamantes,
1480 3296 1595 3369 statim
1606 3295 1781 3370 mentibus
1796 3277 1938 3367 mutatis

488 3499 492 3508 ,
522 3433 557 3496 ot
574 3423 721 3518 linguis,
741 3433 859 3495 contra
877 3421 1039 3496 eumdem
1055 3421 1144 3493 inter
1166 3423 1294 3516 primos
1310 3421 1504 3516 reciperent
1523 3421 1661 3514 signum
1680 3419 1798 3492 'crucis
1816 3439 1938 3515 prope·

521 3557 637 3621 rantes
660 3547 707 3620 ad
734 3546 865 3642 ipsam,
894 3546 1040 3642 populos
1064 3546 1165 3640 quasi
1186 3545 1233 3618 ad
1258 3545 1381 3641 epulas
1406 3545 1569 3618 invitatos
1596 3547 1692 3640 lapsa
1716 3565 1841 3617 menas
1869 3542 1938 3616 ad·

521 3673 592 3746 huc
608 3670 733 3743 diebus
751 3679 929 3743 currentes
946 3671 1093 3764 singulis
1112 3668 1253 3764 effugiat
1269 3669 1477 3764 imponentis
1496 3669 1553 3765 (c).
1570 3668 1676 3762 Cujus
1691 3677 1808 3741 autem
1823 3665 1936 3741 cordis

522 3793 685 3869 duritiam
705 3794 837 3866 viscera
859 3805 1011 3867 materna
1029 3816 1099 3868 non
1118 3803 1277 3866 moveant
1294 3793 1351 3866 vel
1367 3793 1546 3865 oculorum
1564 3813 1634 3865 non
1653 3801 1809 3888 pungant
1826 3790 1934 3863 aciem

522 3919 646 3993 emissa
662 3918 833 4014 profluvia
848 3919 1098 4016 lacrymarum,
1115 3917 1200 3990 dum
1213 3917 1263 4013 (d)
1275 3927 1344 3989 tam
1360 3917 1512 3988 subitum
1530 3915 1682 4011 potentie
1698 3915 1818 3987 divine
1833 3915 1936 3985 mira·

563 4069 607 4152 (a)
627 4070 665 4130 In
679 4073 822 4148 impresso
835 4065 1028 4148 dispendium.

563 4177 601 4258 (l)
621 4178 658 4238 ln
671 4179 770 4239 oodlca
782 4185 859 4238 8649
878 4178 1039 4254 slmplicius
1051 4172 1224 4255 mosum.

561 4281 608 4363 (c)
630 4283 726 4345 Locus
738 4283 861 4344 mutllus
874 4285 936 4344 slva
948 4281 1026 4343 mals
1037 4283 1234 4358 transcriptus
1246 4287 1311 4342 mm
1323 4282 1356 4341 ln
1373 4281 1528 4358 impresso,
1546 4285 1611 4341 tum
1632 4283 1663 4340 ln
1675 4277 1840 4352 oodldbua;
1855 4277 1934 4338 unda

520 4391 644 4452 nlhllad
657 4407 776 4451 sensum
793 4390 920 4450 nltldum
932 4389 1184 4450 eruerovolemus.

562 4493 605 4575 (d)
628 4495 664 4556 In
677 4499 819 4574 impresso
831 4501 862 4556 et
875 4496 907 4555 ln
919 4495 1020 4556 oodloa
1031 4501 1110 4556 86⁰4
1122 4507 1193 4556 aon.

1492 4632 1501 4637 -
1524 4633 1533 4637 -
1551 4626 1927 4638 ...-.-.---„.--.-.——-—-

555 4700 593 4773 (tl
610 4698 660 4757 Dio
670 4697 771 4758 scilicet
784 4697 911 4756 vicesinm
924 4697 1043 4756 meando
1054 4695 1192 4754 februarii.

555 4798 594 4871 (t)
612 4797 652 4857 cl.
665 4798 717 4858 Vit.
730 4797 841 4872 (ἕτερον.
858 4797 914 4868 ΙΧ,
927 4811 971 4870 ap.
984 4797 1143 4888 lluaaroag
1156 4797 1305 4870 scriptor,
1320 4802 1340 4852 t.
1357 4795 1403 4868 111,
1414 4812 1441 4871 p.
1453 4797 1516 4854 ast.
