4468 6010
565 713 627 774 808
1070 711 1281 774 intuente!
1309 711 1483 772 snottltnt
1794 709 1873 793 [Ass.
1892 711 1979 773 lato.

568 850 669 923 novis
685 871 773 944 quos
791 849 888 923 curia
902 859 1019 923 nostra
1034 857 1218 940 statuerat,
1236 849 1330 942 ipsos
1354 847 1506 943 recipere
1527 857 1562 919 et
1582 845 1721 919 rnictere
1744 865 1813 920 non
1832 847 1978 934 curasti,

568 973 688 1048 dicens
706 981 740 1045 te
752 972 835 1045 indc
847 993 918 1046 non
934 973 1063 1045 habere
1081 973 1300 1064 mandatum,
1322 971 1422 1064 quasi
1438 970 1513 1043 sins
1527 969 1667 1065 speciali
1682 969 1844 1044 mandato
1861 977 1982 1043 nostro

569 1117 637 1169 non
649 1097 768 1170 liceret
780 1096 1003 1168 commodum
1015 1105 1131 1168 nostre
1146 1095 1242 1168 curie
1257 1113 1455 1189 procurare.

616 1221 742 1292 Datum
755 1220 851 1314 apud
866 1221 1017 1292 Mentem
1030 1217 1165 1310 Altum,
1180 1219 1209 1291 v
1226 1218 1358 1302 martii,
1374 1217 1452 1290 xttl
1472 1215 1685 1292 indictionis.

616 1345 725 1415 Item:

618 1465 837 1558 Fredericus,
860 1475 944 1558 etc,
971 1465 1128 1538 Nicolino
1148 1465 1291 1560 Spinulc
1311 1465 1509 1552 ammirato,
1530 1473 1597 1537 etc.
1621 1463 1706 1536 Cum
1732 1464 1917 1538 lliccardus
1935 1464 1981 1539 de

568 1589 708 1663 Polcaro
733 1589 845 1662 tidelis
860 1599 977 1662 noster
996 1588 1205 1684 persuaserit
1223 1588 1323 1661 nobis
1349 1587 1395 1661 de
1413 1587 1562 1661 emenda
1578 1587 1729 1682 quadarn
1750 1589 1830 1662 navi
1848 1611 1917 1683 qus
1935 1588 1980 1662 ds

567 1733 661 1787 novo
686 1715 775 1785 lacta
800 1721 852 1786 est
873 1712 910 1784 in
928 1713 1091 1807 Neapoli,
1111 1712 1297 1786 asserendo
1319 1713 1412 1784 illam
1435 1733 1511 1786 esse
1533 1715 1630 1784 curis
1649 1723 1766 1785 nostre
1792 1714 1979 1807 plurimum

569 1845 793 1931 oportunam,
811 1835 966 1908 fidelitati
986 1846 1046 1908 tus
1066 1835 1271 1908 mandamus
1294 1845 1467 1928 quatenus
1487 1837 1606 1910 navim
1628 1837 1737 1930 ipsam
1756 1837 1980 1932 personaliter

568 1961 690 2035 videas
706 1969 742 2032 st
758 1959 954 2032 oonsidsrss
970 1959 1172 2053 diligenter,
1197 1969 1232 2032 et
1253 1960 1282 2032 si
1299 1981 1376 2033 carn
1400 1981 1476 2032 esse
1493 1961 1592 2033 nobis
1607 1960 1737 2034 videris
1755 1969 1977 2055 oportunam,

569 2085 614 2158 ab
627 2083 749 2158 eodem
768 2085 809 2156 lt.
824 2085 934 2178 ipsam
946 2083 1015 2156 emi
1031 2085 1135 2158 iscius
1151 2105 1213 2180 pro
1229 2084 1352 2158 minori
1368 2083 1476 2180 pretio
1486 2083 1583 2178 quod
1596 2085 1735 2181 poteris,
1747 2085 1837 2156 sicut
1851 2083 1982 2157 videris

569 2217 683 2283 nostro
700 2208 795 2280 curie
805 2207 981 2302 expedire.

574 2333 577 2344 '
617 2335 742 2406 Datum
762 2329 813 2431 [ot
829 2329 965 2430 rupraJ.

784 2651 1260 2666 —n--u--nu-a——na—--n--n
1267 2651 1413 2661 ”nanu-0...-
1420 2651 1579 2660 ------.·-
1586 2649 1773 2663 ’.ῃ-..-ω

361 2967 542 3066 mmm
621 2955 843 3042 Mandatum
867 2956 916 3037 ud
930 2953 1181 3064 justitiarium
1203 2952 1339 3036 Terrae
1361 2951 1520 3036 Laboris
1541 2977 1612 3062 pro
1638 2949 1790 3033 duobus
1811 2949 1981 3032 millibus

397 3054 508 3122 ‘'md‘'
569 3088 691 3172 unciis
721 3088 805 3171 auri
833 3088 881 3170 de
917 3087 1078 3196 pecunia
1107 3085 1318 3196 proesentis
1347 3085 1526 3170 collectae
1558 3083 1741 3170 llioeardo
1766 3085 1815 3166 dc
1841 3082 1981 3166 Sancto

572 3221 761 3304 Germano
779 3218 1034 3330 assignandis.

652 3423 781 3504 (ileum.
796 3423 899 3502 isuper.
914 3417 1034 3482 stede.
1049 3421 1089 3496 11,
1104 3419 1157 3482 lnl.
1174 3428 1212 3482 so
1227 3435 1327 3497 reram
1341 3420 1373 3480 ln
1385 3417 1457 3480 edit.
1473 3415 1611 3490 Gurcnn,
1624 3431 1656 3492 p.
1674 3413 1758 3490 sot.)

619 3597 671 3666 Ad
681 3597 887 3688 justitiarios
903 3597 1001 3665 Terre
1014 3594 1154 3664 Laboris
1168 3602 1199 3662 et
1216 3591 1404 3686 Cupitinute
1414 3613 1479 3686 pro
1492 3587 1700 3682 asripnundis
1714 3587 1823 3657 unciis
1838 3583 1859 3672 ἦ
1874 3587 1913 3657 de
1921 3607 1981 3680 pe·

570 3721 672 3792 cunia
687 3720 831 3806 collecte,
846 3731 875 3790 et
890 3742 955 3790 nco
972 3717 1129 3790 scribitur
1137 3713 1242 3812 proi,
1255 3717 1314 3788 sed
1325 3715 1433 3786 unciis
1450 3710 1536 3800 fide
1552 3711 1682 3785 collecto
1700 3709 1847 3806 presenti
1862 3707 1929 3806 (l).

619 3847 666 3915 De
678 3845 846 3939 imperiali
859 3844 1013 3916 manduto
1024 3843 1112 3934 [octo
1122 3863 1185 3935 per
1199 3842 1393 3934 mapalium
1404 3837 1572 3910 Albesium
1586 3837 1720 3930 scripsit
1732 3831 1925 3908 Gstulterius
1941 3831 1982 3904 dc

574 3965 759 4040 Cutentt'a:
1024 4050 1028 4059 .

618 4091 834 4182 Fredericus,
853 4099 937 4179 etc,
952 4063 1121 4162 liiccardo
1136 4087 1182 4161 de
1193 4086 1408 4180 Montenigro
1419 4083 1604 4178 justitiario
1620 4085 1721 4156 Terra
1739 4083 1893 4172 Laboris,
1910 4091 1978 4156 stc.

570 4216 659 4301 Quia
676 4216 826 4310 pecunia
849 4223 901 4286 est
918 4213 1013 4285 curio
1029 4222 1143 4285 nostre
1159 4212 1344 4307 plurimum
1358 4217 1546 4306 oportuna,
1569 4229 1651 4281 coco
1665 4206 1762 4302 quod
1777 4207 1980 4280 Riccardum

571 4339 616 4412 de
629 4342 754 4428 Sancto
765 4339 934 4412 Germano
953 4335 1089 4410 fidelem
1107 4345 1263 4410 nostrum
1279 4335 1448 4408 duximus
1466 4331 1711 4408 destinandum
1725 4339 1764 4402 ut
1776 4352 1799 4402 a
1813 4337 1982 4403 mercato-

607 4637 645 4710 (⁴)
658 4635 761 4693 Titulus
775 4633 826 4692 ists
838 4631 953 4690 multum
970 4629 1102 4690 obscurus
1115 4635 1247 4704 remanet,
1262 4643 1346 4704 quum
1359 4627 1404 4686 lric
1421 4626 1604 4686 tantummodo
1617 4626 1652 4684 de
1665 4625 1772 4684 duobus
1789 4623 1908 4682 millibus
1926 4639 1982 4682 uu·

571 4735 621 4794 ciis
637 4733 739 4792 mentio
752 4731 814 4804 liat3
827 4731 898 4789 unde
914 4729 1026 4789 forsitan
1042 4729 1185 4802 legendnm
1197 4727 1243 4788 ssd
1256 4729 1349 4788 unciis
1362 4711 1392 4802 ἕ
1404 4725 1558 4787 Hundatuur
1575 4723 1648 4783 enin
1658 4722 1803 4797 justitiario
1813 4721 1982 4796 Capitinam

571 4833 702 4890 ducctum
716 4833 744 4888 ct
755 4827 856 4887 ibidem
868 4831 1044 4886 memoratum
1055 4824 1142 4884 deest.
