4468 6010
536 679 596 742 'too
1030 683 1245 747 FIIIIIEIIIGI
1271 683 1446 748 secono!
1756 683 1836 769 [tus.
1852 683 1939 747 lato.

536 815 627 905 dire,
653 815 745 892 dicto
769 819 813 891 N.
840 818 929 893 solvi
954 820 1104 893 lucerent
1124 821 1305 916 pecuniam
1332 827 1569 895 memoratum.
1601 819 1699 892 Idem
1725 841 1809 894 vero
1832 841 1943 915 nuper

536 941 674 1015 rediens
695 951 734 1016 et
753 943 940 1018 ostendeus
962 965 1025 1040 per
1049 943 1183 1019 lieteras
1204 945 1454 1042 archiepiscopi
1474 929 1627 1039 capuani
1649 943 1706 1016 eui
1729 944 1792 1018 soli
1809 953 1942 1018 nostrus

537 1066 670 1140 lieteras
698 1065 861 1156 dederat,
886 1068 1029 1142 absente
1051 1061 1212 1164 episeopo
1235 1057 1437 1141 Rav'ellense
1459 1066 1521 1161 qui
1547 1065 1690 1160 quidem
1714 1065 1760 1140 ud
1784 1086 1849 1139 nos
1871 1065 1942 1157 jam

537 1199 681 1264 venerut
698 1199 841 1265 vocatus
865 1191 1025 1280 anobis,
1053 1185 1180 1265 dictam
1202 1186 1386 1287 pecuniam
1408 1189 1475 1264 sibi
1490 1212 1560 1264 non
1584 1189 1691 1263 luisse
1712 1191 1878 1279 solutam,
1899 1209 1943 1262 eo

387 1326 390 1332 ’
536 1313 633 1409 quod
656 1315 818 1388 officiales
845 1315 967 1390 mutati
990 1324 1090 1388 erant
1112 1325 1148 1388 et
1166 1314 1369 1390 mundatum
1393 1315 1439 1389 de
1461 1313 1670 1409 assignanda
1697 1309 1862 1409 cuiquam
1884 1334 1945 1409 pe

538 1438 640 1512 cunia
658 1459 728 1512 nou
743 1438 931 1531 habebant,
951 1437 1014 1512 sed
1035 1438 1080 1512 de
1097 1433 1376 1513 euadnostr'um
1399 1437 1550 1512 erarium
1565 1435 1845 1526 transmittenda,
1863 1458 1944 1510 oon·

536 1563 733 1638 vsutiouem
753 1583 833 1636 cum
851 1563 947 1635 curia
966 1571 1081 1636 nostra
1099 1563 1179 1635 iecit
1197 1562 1294 1658 quod
1313 1563 1349 1634 in
1374 1562 1532 1637 kalendis
1551 1561 1691 1655 augusti
1713 1560 1872 1656 proximo
1888 1560 1945 1632 lu·

537 1686 606 1758 turi
631 1686 736 1779 hujus
761 1686 839 1758 XIII
866 1685 1064 1760 indictionis
1086 1684 1211 1759 debeat
1232 1687 1364 1780 integre
1394 1685 1439 1760 de
1465 1687 1541 1781 ipso
1568 1685 1685 1758 debito
1708 1683 1855 1779 quietari
1884 1703 1945 1777 per

538 1808 710 1904 Angelum
724 1809 770 1882 de
785 1809 897 1881 Marna
912 1817 947 1882 et
960 1807 1192 1881 Eutrauonem
1208 1808 1258 1882 de*
1268 1808 1367 1880 Porta
1380 1808 1555 1897 custodes,
1570 1817 1653 1894 etc,
1668 1805 1714 1880 ad
1727 1813 1815 1900 q'uos
1829 1807 1944 1901 ipsum

539 1954 618 2005 cum
633 1932 761 2004 lictoris
777 1931 901 2004 nostris
915 1929 1081 2003 duximus
1097 1930 1420 2005 transmictsndum.
1434 1931 1534 2018 Quod
1548 1933 1578 2004 si
1592 1930 1739 2026 pecunia
1751 1951 1821 2002 non
1835 1929 1945 2002 soluta

540 2057 653 2130 dictus
671 2055 849 2128 solutionis
870 2055 1037 2128 terminus
1052 2057 1291 2150 pertransiret,
1311 2055 1438 2130 deinde
1452 2057 1489 2129 in
1512 2066 1615 2130 antea
1631 2052 1798 2150 quamdiu
1821 2053 1945 2126 solutio

539 2179 732 2255 differretur
748 2201 816 2253 anu
828 2189 897 2253 tres
912 2180 1032 2252 uncias
1048 2201 1111 2275 pm
1127 2181 1324 2254 oentenario
1343 2181 1380 2252 in
1398 2202 1517 2254 mense
1534 2201 1596 2276 pro
1613 2179 1773 2274 dampnis
1788 2187 1822 2251 et
1834 2178 1946 2249 inter-

538 2325 614 2378 esse
630 2305 706 2400 ipsa
726 2304 860 2377 solvere
881 2303 1089 2376 tenebuntur
1110 2303 1156 2378 de
1173 2304 1323 2400 pecunia
1344 2313 1459 2378 nostra
1479 2305 1631 2398 ipsorum
1651 2301 1806 2375 custodie
1832 2301 1946 2396 depu-

539 2437 626 2518 tata,
651 2438 686 2501 et
706 2427 952 2500 nichilominus
977 2426 1023 2501 de
1048 2426 1171 2501 eadem
1195 2429 1330 2500 solvent
1353 2427 1485 2518 integre
1500 2437 1568 2500 tres
1590 2426 1710 2498 uncins
1731 2424 1947 2522 supradictas

539 2551 666 2626 eidem.
689 2551 878 2643 nunejus,
895 2559 979 2640 eto,
997 2559 1172 2646 presentes
1186 2551 1332 2640 lictores,
1351 2559 1417 2625 etc.

587 2679 713 2750 Dolum
728 2675 934 2763 Cuccuione‚
952 2675 999 2746 XI
1016 2675 1192 2766 februarii,
1213 2675 1291 2747 XIII
1310 2674 1520 2749 indictionIs.

586 2800 722 2872 Similes
731 2799 864 2872 clausas
876 2819 938 2894 per
949 2797 1071 2870 eadem
1081 2798 1185 2870 verba
1198 2798 1334 2893 scripsit
1345 2819 1408 2894 pro
1421 2797 1547 2872 eodem
1560 2795 1606 2870 ud
1618 2794 1757 2870 eosdem
1771 2793 1944 2884 custodes,

539 2922 658 2997 additu
683 2921 903 2996 conclusione
924 2919 1020 3016 quod
1042 2921 1118 3017 Ipso
1137 2921 1284 2994 termino
1302 2921 1438 2997 solvant
1454 2919 1576 2993 uncias
1591 2917 1683 3014 ipsas
1698 2918 1732 2992 ei
1749 2918 1805 2993 vel
1826 2918 1947 2990 nuntio

540 3054 601 3120 aut
614 3046 840 3143 procuratori.

588 3169 724 3241 Similes
746 3177 880 3262 apertas
903 3175 938 3240 et
954 3167 1088 3240 clausas
1109 3187 1172 3262 per
1188 3163 1310 3240 oedem
1328 3163 1435 3238 verba
1452 3163 1589 3260 scripsit
1603 3163 1696 3236 idem
1709 3184 1772 3260 pro
1794 3163 1949 3238 Iohanne

541 3291 723 3366 Guiozonis
732 3293 885 3365 Romano
899 3289 944 3364 de
956 3289 1069 3364 unciis
1088 3290 1163 3363 auri
1176 3299 1314 3364 eentum
1326 3288 1467 3385 triginta
1483 3309 1548 3364 sex
1562 3287 1609 3362 ad
1622 3288 1780 3383 generale
1796 3285 1946 3384 pondus.

751 3551 1747 3566 *mmm—mamm

349 3781 507 3882 Imm·
598 3775 776 3862 Mandata
799 3775 849 3858 ad
876 3773 1100 3860 lIiccurdum
1128 3777 1177 3860 de
1195 3776 1356 3862 Puloaro
1383 3788 1421 3862 et
1444 3780 1495 3862 ud
1512 3778 1753 3864 Theodomm
1776 3777 1951 3888 philoso-

545 3907 667 4017 phum
684 3906 733 3990 de
751 3905 908 4016 senopis
927 3917 964 3990 et
981 3933 1138 3993 zuccaro
1160 3908 1327 3995 violaceo
1348 3911 1399 3994 ad
1415 3936 1512 4022 opus
1529 3909 1710 4021 principis
1726 3921 1764 3995 et
1781 3935 1952 3995 camerae

547 4035 741 4122 iaciendis.

628 4232 758 4318 (Ilcqcrt.
772 4233 876 4313 imper.
890 4229 1010 4294 mma.
1024 4232 1065 4311 11,
1076 4233 1127 4298 iol.
1143 4243 1178 4296 ut
1193 4241 1287 4312 rect03
1303 4238 1335 4298 In
1347 4237 1420 4300 edit.
1436 4238 1570 4314 caron,
1584 4254 1615 4316 p.
1632 4236 1715 4316 tlt.)

597 4403 775 4476 lluudoutc
786 4401 916 4475 domitto
929 4402 1124 4496 imperatore
1132 4425 1194 4498 per
1205 4406 1403 4498 stapletonus
1413 4407 1608 4502 Roppcriom
1621 4405 1809 4479 dedomcro
1821 4407 1955 4501 serpso

550 4528 591 4600 II.
611 4527 651 4599 de
665 4526 802 4598 Salam
820 4551 831 4596 .·

599 4649 814 4739 Fredericus,
835 4657 918 4738 ete,
935 4648 1101 4723 lliccardo
1123 4648 1168 4724 de
1183 4651 1337 4740 Pulcaro,
1354 4661 1421 4726 eto.
1440 4651 1530 4727 Ecce
1547 4651 1643 4748 quod
1662 4653 1824 4747 magistro
1841 4649 1955 4726 Theo-
2036 4619 2039 4624 ¹

553 4774 637 4849 dom
658 4771 861 4869 philosopho
878 4782 912 4846 et
933 4771 1027 4847 fideli
1050 4783 1165 4848 nostro
1186 4773 1310 4849 damus
1327 4777 1451 4850 nostris
1472 4777 1599 4851 lioteris
1616 4777 1652 4849 in
1669 4775 1840 4850 mundatis
1857 4783 1896 4848 ut
1912 4773 1955 4848 do
