4384 6004
229 660 329 723 lentur.
351 657 410 743 lt]
679 657 875 724 HISTORIA
900 659 1193 723 utrtotttrtctt.
1564 654 1642 716 teat

230 792 334 864 latam
361 791 547 864 habuimus
579 801 614 864 et
642 792 829 882 babemus,
866 795 916 868 sic
942 796 986 869 de
1014 795 1213 868 charissima
1238 803 1395 866 consorte
1426 799 1509 878 tua,
1541 797 1644 882 nepte

230 923 347 987 nosba
361 913 428 1010 (l),
453 914 689 989 intercedente
712 917 846 1010 pridem
868 920 1033 992 affinitate
1059 917 1313 1004 concreverint3
1342 915 1393 986 sic
1414 912 1529 984 carnis
1546 909 1644 982 iden·

231 1037 327 1130 titas,
346 1059 416 1132 qne
433 1038 591 1132 primitus
609 1040 645 1112 in
668 1043 856 1116 voluntatis
872 1044 1084 1137 gratitudine
1101 1043 1224 1134 iuerat,
1245 1037 1456 1113 necessitatis
1470 1035 1645 1129 quodam-

232 1159 336 1234 modo
359 1161 510 1234 nexibus
527 1164 732 1255 annedarit,
753 1174 793 1237 ut
812 1187 912 1240 versa
926 1167 1000 1260 J'am
1018 1166 1127 1259 gratia
1151 1163 1338 1237 voluntatis
1359 1161 1394 1232 in
1416 1159 1590 1247 debitum,
1611 1166 1646 1230 et

231 1283 318 1356 velit
339 1293 375 1356 ct
394 1285 520 1358 debeat
537 1287 588 1358 tui
611 1287 751 1359 honoris
773 1289 928 1383 auspicia
950 1298 1067 1362 nostra
1089 1289 1253 1361 serenitas
1272 1283 1491 1359 laudabiliter
1509 1302 1645 1376 promo·

230 1427 325 1480 vere.
346 1407 491 1482 Studeat
504 1409 612 1499 igitur
625 1419 685 1484 tue
701 1411 1016 1506 circumspectionis
1032 1411 1202 1483 industria
1225 1429 1329 1504 quam
1346 1406 1476 1480 securis
1492 1405 1645 1501 prolecto

231 1529 348 1602 verbis
359 1531 582 1626 alloquimur,
605 1534 792 1608 nobilitatis
807 1535 996 1630 imaginem
1015 1535 1106 1608 circa
1125 1543 1240 1608 nostra
1257 1531 1400 1624 negocia
1419 1527 1647 1602 laudabilium

231 1663 371 1726 actuum
397 1655 597 1750 operatione
613 1655 818 1752 depromere
832 1657 884 1754 (2)
905 1687 913 1730 :
936 1659 1074 1732 studeat
1087 1669 1126 1732 nt
1141 1657 1292 1732 amicitia
1312 1655 1422 1750 prima
1435 1652 1593 1742 florigera
1610 1651 1646 1722 in

232 1775 406 1850 affinitatis
431 1789 546 1850 nostre
566 1789 733 1874 provectu
751 1781 932 1856 fructificet
952 1782 1117 1856 :studeat
1136 1789 1175 1852 ut
1192 1780 1291 1851 sicto
1308 1777 1408 1850 nobis
1430 1787 1646 1848 transcursus

232 1901 394 1994 temporis
419 1901 556 1975 affinem
582 1903 747 1978 exhibeat
768 1905 864 2000 quod
888 1905 934 1978 de
956 1906 1057 1977 nobis
1079 1915 1244 1998 tanquam
1262 1901 1375 1975 affinis
1392 1899 1508 1972 stabili
1532 1909 1646 1970 mente

233 2021 407 2096 confidem
418 2024 585 2117 videaris,
605 2048 684 2098 cum
704 2037 816 2124 preter
832 2039 948 2100 nostre
964 2027 1212 2122 plenitudinem
1228 2025 1338 2119 gratie
1352 2043 1458 2118 quam
1472 2021 1535 2095 tibi
1551 2021 1646 2094 lavo·

233 2143 385 2218 rabiliter
407 2147 619 2241 pollicemur,
643 2159 677 2222 te
701 2173 763 2245 pre
781 2151 903 2226 ceteris
921 2151 1080 2224 intimum
1107 2161 1222 2224 wnere
1251 2149 1399 2220 velimus
1422 2146 1585 2237 amicum,
1612 2153 1647 2216 et

234 2269 347 2342 colere
360 2270 455 2342 velut
472 2271 713 2345 charissimum
731 2273 972 2349 desideremus
986 2275 1138 2346 affinem.

269 2573 304 2648 lt]
323 2575 416 2648 Agitur
432 2576 468 2634 de
484 2577 606 2636 llatbildi
625 2577 660 2636 de
676 2577 824 2638 brabantia
838 2595 921 2660 mam
939 2595 1011 2639 anno
1029 2583 1100 2640 ⁴237
1117 2594 1210 2638 mense
1223 2577 1300 2652 junio
1318 2577 1450 2636 liebertus
1461 2573 1648 2634 Atrebatemis

233 2670 450 2744 desponsaverat.
463 2673 531 2732 Filia
543 2679 601 2734 erat
615 2675 715 2734 llarias
729 2674 800 2734 filiae
811 2677 929 2752 Philippi
942 2677 1040 2750 Suari,
1055 2677 1191 2752 quendam
1205 2676 1276 2750 regis
1292 2677 1485 2733 Romanorum.
1499 2673 1576 2732 Unde
1587 2687 1648 2730 eam

234 2768 335 2840 neptim
348 2768 468 2843 appellat
481 2771 631 2829 Frideriens
644 2773 793 2847 secundus,
807 2773 878 2831 sicut
891 2773 976 2832 lilium
987 2773 1130 2845 beatricis,
1149 2773 1319 2832 Fredericum
1332 2772 1367 2830 de
1383 2769 1507 2839 Cantilia,
1523 2773 1648 2842 nepotem

233 2878 342 2938 queque
353 2879 432 2922 suum
444 2865 610 2926 intitulabat.
1263 2881 1266 2891 ⁴

268 2943 306 3034 ’(2)
323 2961 389 3020 lntle
398 2963 555 3036 conjicimus
567 2965 713 3040 epistolam
725 2965 806 3025 luisse
817 2967 944 3042 scriptam
957 2982 989 3026 ec
1001 2974 1187 3042 temporeque
1199 2967 1304 3042 legatus
1314 2964 1482 3041 immunes
1492 2963 1568 3022 Sedis
1575 2961 1650 3036 apud

234 3072 324 3132 regem
339 3060 502 3118 Francorum
520 3063 618 3136 agebat
632 3070 663 3122 ut
676 3063 800 3122 electioni
813 3064 925 3123 neberti
943 3065 1034 3124 fratris
1047 3066 1090 3122 sui
1109 3065 1296 3140 procurandae
1311 3063 1484 3125 mnsenbret.
1498 3061 1539 3122 Cl.
1555 3061 1647 3120 liure

234 3155 339 3228 Pure,
349 3154 425 3215 liist.
435 3159 503 3233 maj.
513 3159 636 3233 Accion,
649 3177 675 3235 p
691 3164 752 3234 350,
764 3161 800 3219 ad
811 3177 874 3219 ann.
887 3165 968 3233 ⁴2³9,
980 3168 1008 3220 et
1019 3161 1110 3222 Alte.
1123 3163 1288 3236 Triumfent.
1300 3161 1437 3234 chronic,
1447 3161 1482 3217 ad
1492 3174 1556 3218 ann.
1565 3160 1646 3230 tatt,

236 3251 270 3312 da
282 3269 397 3326 quornm
416 3256 567 3316 testimonie
582 3258 668 3317 lunius
687 3257 717 3316 in
734 3259 934 3318 letoductiene
950 3269 1058 3334 nostra,
1073 3279 1102 3335 p.
1118 3277 1180 3334 ccc,
1195 3261 1381 3318 dissernimus.
1400 3259 1524 3318 Testatur
1542 3269 1649 3330 quoque

235 3349 360 3412 Albertm
377 3353 511 3417 bohemus
532 3362 598 3414 tnnc
619 3358 747 3431 agitatam
769 3359 851 3418 lause
872 3361 1058 3433 quaestionem
1078 3361 1115 3418 de
1135 3359 1225 3434 aliquo
1247 3357 1352 3418 Gallico
1373 3357 1418 3418 rel
1435 3355 1588 3416 tentando
1612 3353 1648 3413 ed

236 3462 347 3522 regnum
360 3451 543 3512 Romanorum
555 3454 722 3517 adnotando.
734 3456 795 3518 vid.
810 3472 903 3532 snpra,
918 3474 947 3532 p.
963 3460 1033 3518 ⁴⁰26
1045 3464 1074 3518 et
1086 3458 1168 3516 rost.
