<?xml version="1.0" encoding="UTF-8"?>
<!DOCTYPE html PUBLIC "-//W3C//DTD XHTML 1.0 Transitional//EN"
    "http://www.w3.org/TR/xhtml1/DTD/xhtml1-transitional.dtd">
<html xmlns="http://www.w3.org/1999/xhtml" xml:lang="en" lang="en">
 <head>
  <title>
</title>
<meta http-equiv="Content-Type" content="text/html;charset=utf-8" />
  <meta name='ocr-system' content='tesseract 3.04.00' />
  <meta name='ocr-capabilities' content='ocr_page ocr_carea ocr_par ocr_line ocrx_word'/>
</head>
<body>
  <div class='ocr_page' id='page_1' title='image "./historiadiploma01fredgoog_0374.png"; bbox 0 0 4358 5996; ppageno 0'>
   <div class='ocr_carea' id='block_1_1' title="bbox 545 640 1953 719">
    <p class='ocr_par' dir='ltr' id='par_1_1' title="bbox 545 640 1953 719">
     <span class='ocr_line' id='line_1_1' title="bbox 545 640 1953 719; baseline -0.001 -15"><span class='ocrx_word' id='word_1_1' title='bbox 545 641 623 704; x_wconf 84' lang='lat'>1008</span> <span class='ocrx_word' id='word_1_2' title='bbox 1041 641 1259 704; x_wconf 76' lang='lat' dir='ltr'><strong>Fltlltllltlcl</strong></span> <span class='ocrx_word' id='word_1_3' title='bbox 1284 640 1458 702; x_wconf 73' lang='lat' dir='ltr'><strong>silebunt</strong></span> <span class='ocrx_word' id='word_1_4' title='bbox 1763 641 1845 719; x_wconf 81' lang='lat' dir='ltr'><strong>[lin.</strong></span> <span class='ocrx_word' id='word_1_5' title='bbox 1866 640 1953 702; x_wconf 73' lang='lat' dir='ltr'><strong>tm</strong></span> 
     </span>
    </p>
   </div>
   <div class='ocr_carea' id='block_1_2' title="bbox 542 775 1956 1118">
    <p class='ocr_par' dir='ltr' id='par_1_2' title="bbox 542 775 1956 1118">
     <span class='ocr_line' id='line_1_2' title="bbox 543 775 1956 874; baseline -0.001 -24"><span class='ocrx_word' id='word_1_6' title='bbox 543 787 683 850; x_wconf 91' lang='lat' dir='ltr'><strong>tuorum</strong></span> <span class='ocrx_word' id='word_1_7' title='bbox 700 775 903 864; x_wconf 87' lang='lat' dir='ltr'><strong>consilium,</strong></span> <span class='ocrx_word' id='word_1_8' title='bbox 920 775 1092 848; x_wconf 83' lang='lat' dir='ltr'><strong>auxilium</strong></span> <span class='ocrx_word' id='word_1_9' title='bbox 1110 785 1146 850; x_wconf 89' lang='lat' dir='ltr'><strong>et</strong></span> <span class='ocrx_word' id='word_1_10' title='bbox 1160 779 1312 852; x_wconf 82' lang='lat' dir='ltr'><strong>levorem</strong></span> <span class='ocrx_word' id='word_1_11' title='bbox 1330 776 1514 850; x_wconf 80' lang='lat' dir='ltr'><strong>liberaliter</strong></span> <span class='ocrx_word' id='word_1_12' title='bbox 1531 776 1719 872; x_wconf 88' lang='lat' dir='ltr'><strong>impensuri</strong></span> <span class='ocrx_word' id='word_1_13' title='bbox 1728 775 1794 874; x_wconf 89' lang='lat' dir='ltr'><strong>(l).</strong></span> <span class='ocrx_word' id='word_1_14' title='bbox 1812 776 1872 850; x_wconf 79' lang='lat' dir='ltr'><strong>td</strong></span> <span class='ocrx_word' id='word_1_15' title='bbox 1887 777 1956 849; x_wconf 89' lang='lat' dir='ltr'><strong>hoc</strong></span> 
     </span>
     <span class='ocr_line' id='line_1_3' title="bbox 542 898 1954 994; baseline -0.001 -22"><span class='ocrx_word' id='word_1_16' title='bbox 542 898 588 972; x_wconf 88' lang='lat' dir='ltr'><strong>ad</strong></span> <span class='ocrx_word' id='word_1_17' title='bbox 611 899 767 972; x_wconf 79' lang='lat' dir='ltr'><strong>notitiam</strong></span> <span class='ocrx_word' id='word_1_18' title='bbox 788 907 939 970; x_wconf 89' lang='lat' dir='ltr'><strong>nostram</strong></span> <span class='ocrx_word' id='word_1_19' title='bbox 961 899 1100 972; x_wconf 90' lang='lat' dir='ltr'><strong>noveris</strong></span> <span class='ocrx_word' id='word_1_20' title='bbox 1124 901 1323 994; x_wconf 86' lang='lat' dir='ltr'><strong>pervenisse</strong></span> <span class='ocrx_word' id='word_1_21' title='bbox 1345 909 1444 971; x_wconf 92' lang='lat' dir='ltr'><strong>tuum</strong></span> <span class='ocrx_word' id='word_1_22' title='bbox 1468 920 1538 972; x_wconf 92' lang='lat' dir='ltr'><strong>non</strong></span> <span class='ocrx_word' id='word_1_23' title='bbox 1560 899 1636 973; x_wconf 90' lang='lat' dir='ltr'><strong>sine</strong></span> <span class='ocrx_word' id='word_1_24' title='bbox 1660 921 1764 972; x_wconf 87' lang='lat' dir='ltr'><strong>cause</strong></span> <span class='ocrx_word' id='word_1_25' title='bbox 1791 900 1954 994; x_wconf 87' lang='lat' dir='ltr'><strong>spiritum</strong></span> 
     </span>
     <span class='ocr_line' id='line_1_4' title="bbox 542 1019 1954 1118; baseline 0 -24"><span class='ocrx_word' id='word_1_26' title='bbox 542 1021 705 1094; x_wconf 92' lang='lat' dir='ltr'><strong>continue</strong></span> <span class='ocrx_word' id='word_1_27' title='bbox 731 1020 866 1092; x_wconf 83' lang='lat' dir='ltr'><strong>anxiari</strong></span> <span class='ocrx_word' id='word_1_28' title='bbox 893 1019 990 1114; x_wconf 91' lang='lat' dir='ltr'><strong>quod</strong></span> <span class='ocrx_word' id='word_1_29' title='bbox 1023 1021 1112 1094; x_wconf 88' lang='lat' dir='ltr'><strong>circa</strong></span> <span class='ocrx_word' id='word_1_30' title='bbox 1140 1043 1287 1118; x_wconf 89' lang='lat' dir='ltr'><strong>persone</strong></span> <span class='ocrx_word' id='word_1_31' title='bbox 1318 1031 1378 1094; x_wconf 91' lang='lat' dir='ltr'><strong>tue</strong></span> <span class='ocrx_word' id='word_1_32' title='bbox 1406 1021 1614 1117; x_wconf 89' lang='lat' dir='ltr'><strong>pericnlum,</strong></span> <span class='ocrx_word' id='word_1_33' title='bbox 1647 1022 1785 1095; x_wconf 87' lang='lat' dir='ltr'><strong>honoris</strong></span> <span class='ocrx_word' id='word_1_34' title='bbox 1813 1023 1954 1096; x_wconf 88' lang='lat' dir='ltr'><strong>ruinam</strong></span> 
     </span>
    </p>
   </div>
   <div class='ocr_carea' id='block_1_3' title="bbox 414 1125 1953 1240">
    <p class='ocr_par' dir='ltr' id='par_1_3' title="bbox 414 1125 1953 1240">
     <span class='ocr_line' id='line_1_5' title="bbox 414 1125 1953 1240; baseline 0.001 -25"><span class='ocrx_word' id='word_1_35' title='bbox 414 1185 420 1198; x_wconf 89' lang='lat'><strong>·</strong></span> <span class='ocrx_word' id='word_1_36' title='bbox 541 1165 728 1238; x_wconf 82' lang='lat' dir='ltr'>rerumque</span> <span class='ocrx_word' id='word_1_37' title='bbox 752 1142 1019 1217; x_wconf 78' lang='lat' dir='ltr'><strong>destructionem</strong></span> <span class='ocrx_word' id='word_1_38' title='bbox 1045 1145 1190 1218; x_wconf 92' lang='lat' dir='ltr'><strong>intentio</strong></span> <span class='ocrx_word' id='word_1_39' title='bbox 1212 1155 1329 1218; x_wconf 89' lang='lat' dir='ltr'><strong>nostra</strong></span> <span class='ocrx_word' id='word_1_40' title='bbox 1353 1145 1398 1217; x_wconf 91' lang='lat' dir='ltr'><strong>sit</strong></span> <span class='ocrx_word' id='word_1_41' title='bbox 1419 1154 1561 1218; x_wconf 88' lang='lat' dir='ltr'><strong>attenta.</strong></span> <span class='ocrx_word' id='word_1_42' title='bbox 1593 1147 1704 1240; x_wconf 82' lang='lat' dir='ltr'><strong>Super</strong></span> <span class='ocrx_word' id='word_1_43' title='bbox 1729 1125 1801 1239; x_wconf 87' lang='lat' dir='ltr'><strong>quo</strong></span> <span class='ocrx_word' id='word_1_44' title='bbox 1826 1145 1953 1218; x_wconf 90' lang='lat' dir='ltr'><strong>indus·</strong></span> 
     </span>
    </p>
   </div>
   <div class='ocr_carea' id='block_1_4' title="bbox 538 1265 1952 2328">
    <p class='ocr_par' dir='ltr' id='par_1_4' title="bbox 538 1265 1952 2328">
     <span class='ocr_line' id='line_1_6' title="bbox 540 1265 1952 1362; baseline 0.001 -24"><span class='ocrx_word' id='word_1_45' title='bbox 540 1265 641 1339; x_wconf 88' lang='lat' dir='ltr'><strong>triam</strong></span> <span class='ocrx_word' id='word_1_46' title='bbox 665 1275 760 1338; x_wconf 90' lang='lat' dir='ltr'><strong>tuam</strong></span> <span class='ocrx_word' id='word_1_47' title='bbox 779 1266 867 1337; x_wconf 87' lang='lat' dir='ltr'><strong>scire</strong></span> <span class='ocrx_word' id='word_1_48' title='bbox 880 1267 1043 1338; x_wconf 88' lang='lat' dir='ltr'><strong>volumus</strong></span> <span class='ocrx_word' id='word_1_49' title='bbox 1067 1287 1109 1339; x_wconf 87' lang='lat' dir='ltr'><strong>ao</strong></span> <span class='ocrx_word' id='word_1_50' title='bbox 1133 1289 1192 1362; x_wconf 84' lang='lat' dir='ltr'><strong>pro</strong></span> <span class='ocrx_word' id='word_1_51' title='bbox 1212 1267 1379 1341; x_wconf 72' lang='lat' dir='ltr'><strong>constanti</strong></span> <span class='ocrx_word' id='word_1_52' title='bbox 1402 1275 1518 1340; x_wconf 84' lang='lat' dir='ltr'><strong>tenere</strong></span> <span class='ocrx_word' id='word_1_53' title='bbox 1534 1267 1649 1362; x_wconf 88' lang='lat' dir='ltr'><strong>quod,</strong></span> <span class='ocrx_word' id='word_1_54' title='bbox 1669 1277 1708 1339; x_wconf 92' lang='lat' dir='ltr'><strong>ut</strong></span> <span class='ocrx_word' id='word_1_55' title='bbox 1725 1267 1771 1340; x_wconf 90' lang='lat' dir='ltr'><strong>de</strong></span> <span class='ocrx_word' id='word_1_56' title='bbox 1785 1269 1952 1362; x_wconf 88' lang='lat' dir='ltr'><strong>operibus</strong></span> 
     </span>
     <span class='ocr_line' id='line_1_7' title="bbox 541 1389 1951 1486; baseline -0.002 -22"><span class='ocrx_word' id='word_1_57' title='bbox 541 1402 735 1480; x_wconf 90' lang='lat' dir='ltr'><strong>taceamus,</strong></span> <span class='ocrx_word' id='word_1_58' title='bbox 753 1390 831 1462; x_wconf 88' lang='lat' dir='ltr'><strong>telis</strong></span> <span class='ocrx_word' id='word_1_59' title='bbox 846 1389 1001 1462; x_wconf 91' lang='lat' dir='ltr'><strong>animum</strong></span> <span class='ocrx_word' id='word_1_60' title='bbox 1020 1401 1175 1463; x_wconf 89' lang='lat' dir='ltr'><strong>nostrum</strong></span> <span class='ocrx_word' id='word_1_61' title='bbox 1191 1412 1371 1485; x_wconf 91' lang='lat' dir='ltr'><strong>nunquam</strong></span> <span class='ocrx_word' id='word_1_62' title='bbox 1388 1391 1495 1464; x_wconf 89' lang='lat' dir='ltr'><strong>subiit</strong></span> <span class='ocrx_word' id='word_1_63' title='bbox 1512 1392 1683 1482; x_wconf 78' lang='lat' dir='ltr'><strong>cogitatus</strong></span> <span class='ocrx_word' id='word_1_64' title='bbox 1701 1403 1738 1463; x_wconf 91' lang='lat' dir='ltr'><strong>ut</strong></span> <span class='ocrx_word' id='word_1_65' title='bbox 1757 1391 1951 1486; x_wconf 80' lang='lat' dir='ltr'><strong>quidquam</strong></span> 
     </span>
     <span class='ocr_line' id='line_1_8' title="bbox 540 1513 1950 1610; baseline 0.001 -23"><span class='ocrx_word' id='word_1_66' title='bbox 540 1516 576 1588; x_wconf 93' lang='lat' dir='ltr'><strong>in</strong></span> <span class='ocrx_word' id='word_1_67' title='bbox 596 1535 741 1608; x_wconf 88' lang='lat' dir='ltr'><strong>persone</strong></span> <span class='ocrx_word' id='word_1_68' title='bbox 760 1523 831 1604; x_wconf 92' lang='lat' dir='ltr'><strong>tue,</strong></span> <span class='ocrx_word' id='word_1_69' title='bbox 850 1513 991 1586; x_wconf 90' lang='lat' dir='ltr'><strong>honoris</strong></span> <span class='ocrx_word' id='word_1_70' title='bbox 1008 1515 1065 1586; x_wconf 92' lang='lat' dir='ltr'><strong>vel</strong></span> <span class='ocrx_word' id='word_1_71' title='bbox 1088 1535 1204 1586; x_wconf 91' lang='lat' dir='ltr'><strong>rerum</strong></span> <span class='ocrx_word' id='word_1_72' title='bbox 1228 1514 1451 1610; x_wconf 83' lang='lat' dir='ltr'><strong>dispendium</strong></span> <span class='ocrx_word' id='word_1_73' title='bbox 1475 1515 1685 1588; x_wconf 83' lang='lat' dir='ltr'><strong>moliremur.</strong></span> <span class='ocrx_word' id='word_1_74' title='bbox 1705 1517 1950 1589; x_wconf 86' lang='lat' dir='ltr'><strong>Verumtamen</strong></span> 
     </span>
     <span class='ocr_line' id='line_1_9' title="bbox 539 1635 1949 1733; baseline 0 -23"><span class='ocrx_word' id='word_1_75' title='bbox 539 1647 579 1710; x_wconf 91' lang='lat' dir='ltr'><strong>ut</strong></span> <span class='ocrx_word' id='word_1_76' title='bbox 594 1638 706 1710; x_wconf 91' lang='lat' dir='ltr'><strong>omnis</strong></span> <span class='ocrx_word' id='word_1_77' title='bbox 721 1636 784 1708; x_wconf 92' lang='lat' dir='ltr'><strong>tibi</strong></span> <span class='ocrx_word' id='word_1_78' title='bbox 800 1637 1006 1731; x_wconf 90' lang='lat' dir='ltr'><strong>suspicionis</strong></span> <span class='ocrx_word' id='word_1_79' title='bbox 1021 1635 1066 1709; x_wconf 90' lang='lat' dir='ltr'><strong>de</strong></span> <span class='ocrx_word' id='word_1_80' title='bbox 1079 1638 1181 1710; x_wconf 93' lang='lat' dir='ltr'><strong>nobis</strong></span> <span class='ocrx_word' id='word_1_81' title='bbox 1194 1641 1338 1711; x_wconf 88' lang='lat' dir='ltr'><strong>materia</strong></span> <span class='ocrx_word' id='word_1_82' title='bbox 1354 1639 1411 1712; x_wconf 87' lang='lat' dir='ltr'><strong>vel</strong></span> <span class='ocrx_word' id='word_1_83' title='bbox 1428 1639 1558 1711; x_wconf 88' lang='lat' dir='ltr'><strong>timoris</strong></span> <span class='ocrx_word' id='word_1_84' title='bbox 1576 1661 1597 1712; x_wconf 89' lang='lat' dir='ltr'><strong>a</strong></span> <span class='ocrx_word' id='word_1_85' title='bbox 1613 1637 1718 1712; x_wconf 91' lang='lat' dir='ltr'><strong>corde</strong></span> <span class='ocrx_word' id='word_1_86' title='bbox 1734 1649 1793 1712; x_wconf 91' lang='lat' dir='ltr'><strong>tuo</strong></span> <span class='ocrx_word' id='word_1_87' title='bbox 1809 1641 1949 1733; x_wconf 88' lang='lat' dir='ltr'><strong>penitus</strong></span> 
     </span>
     <span class='ocr_line' id='line_1_10' title="bbox 539 1759 1948 1855; baseline 0 -21"><span class='ocrx_word' id='word_1_88' title='bbox 539 1763 727 1847; x_wconf 81' lang='lat' dir='ltr'><strong>auferatur,</strong></span> <span class='ocrx_word' id='word_1_89' title='bbox 743 1759 949 1834; x_wconf 88' lang='lat' dir='ltr'><strong>mandamus</strong></span> <span class='ocrx_word' id='word_1_90' title='bbox 965 1769 1138 1854; x_wconf 84' lang='lat' dir='ltr'><strong>quatenus</strong></span> <span class='ocrx_word' id='word_1_91' title='bbox 1148 1761 1298 1855; x_wconf 90' lang='lat' dir='ltr'><strong>aliquem</strong></span> <span class='ocrx_word' id='word_1_92' title='bbox 1315 1760 1360 1834; x_wconf 93' lang='lat' dir='ltr'><strong>de</strong></span> <span class='ocrx_word' id='word_1_93' title='bbox 1376 1761 1603 1834; x_wconf 79' lang='lat' dir='ltr'><strong>familiaribus</strong></span> <span class='ocrx_word' id='word_1_94' title='bbox 1620 1761 1689 1832; x_wconf 91' lang='lat' dir='ltr'><strong>tuis</strong></span> <span class='ocrx_word' id='word_1_95' title='bbox 1703 1760 1748 1834; x_wconf 89' lang='lat' dir='ltr'><strong>de</strong></span> <span class='ocrx_word' id='word_1_96' title='bbox 1760 1763 1861 1853; x_wconf 86' lang='lat' dir='ltr'><strong>cujus</strong></span> <span class='ocrx_word' id='word_1_97' title='bbox 1876 1761 1948 1835; x_wconf 84' lang='lat' dir='ltr'><strong>fide</strong></span> 
     </span>
     <span class='ocr_line' id='line_1_11' title="bbox 538 1882 1946 1979; baseline 0 -23"><span class='ocrx_word' id='word_1_98' title='bbox 538 1907 608 1958; x_wconf 93' lang='lat' dir='ltr'><strong>non</strong></span> <span class='ocrx_word' id='word_1_99' title='bbox 632 1883 791 1974; x_wconf 88' lang='lat' dir='ltr'><strong>dubitus,</strong></span> <span class='ocrx_word' id='word_1_100' title='bbox 816 1882 862 1956; x_wconf 92' lang='lat' dir='ltr'><strong>ad</strong></span> <span class='ocrx_word' id='word_1_101' title='bbox 881 1893 1032 1956; x_wconf 88' lang='lat' dir='ltr'><strong>nostram</strong></span> <span class='ocrx_word' id='word_1_102' title='bbox 1050 1885 1258 1978; x_wconf 89' lang='lat' dir='ltr'><strong>presentiam</strong></span> <span class='ocrx_word' id='word_1_103' title='bbox 1281 1883 1431 1978; x_wconf 76' lang='lat' dir='ltr'><strong>dirigere</strong></span> <span class='ocrx_word' id='word_1_104' title='bbox 1448 1905 1517 1958; x_wconf 92' lang='lat' dir='ltr'><strong>non</strong></span> <span class='ocrx_word' id='word_1_105' title='bbox 1537 1894 1740 1979; x_wconf 88' lang='lat' dir='ltr'><strong>postponas,</strong></span> <span class='ocrx_word' id='word_1_106' title='bbox 1761 1905 1946 1979; x_wconf 89' lang='lat' dir='ltr'><strong>perquem</strong></span> 
     </span>
     <span class='ocr_line' id='line_1_12' title="bbox 538 2005 1947 2102; baseline -0.001 -21"><span class='ocrx_word' id='word_1_107' title='bbox 538 2009 584 2082; x_wconf 91' lang='lat' dir='ltr'><strong>de</strong></span> <span class='ocrx_word' id='word_1_108' title='bbox 596 2027 742 2102; x_wconf 86' lang='lat' dir='ltr'><strong>persone</strong></span> <span class='ocrx_word' id='word_1_109' title='bbox 755 2017 814 2080; x_wconf 92' lang='lat' dir='ltr'><strong>tue</strong></span> <span class='ocrx_word' id='word_1_110' title='bbox 826 2007 953 2096; x_wconf 85' lang='lat' dir='ltr'><strong>salute,</strong></span> <span class='ocrx_word' id='word_1_111' title='bbox 974 2005 1116 2080; x_wconf 91' lang='lat' dir='ltr'><strong>honoris</strong></span> <span class='ocrx_word' id='word_1_112' title='bbox 1129 2017 1331 2101; x_wconf 79' lang='lat' dir='ltr'><strong>augmento,</strong></span> <span class='ocrx_word' id='word_1_113' title='bbox 1347 2029 1461 2080; x_wconf 89' lang='lat' dir='ltr'><strong>rerum</strong></span> <span class='ocrx_word' id='word_1_114' title='bbox 1476 2006 1725 2100; x_wconf 89' lang='lat' dir='ltr'><strong>indempnitate</strong></span> <span class='ocrx_word' id='word_1_115' title='bbox 1740 2007 1947 2080; x_wconf 88' lang='lat' dir='ltr'><strong>omnimodis</strong></span> 
     </span>
     <span class='ocr_line' id='line_1_13' title="bbox 538 2127 1944 2226; baseline -0.001 -22"><span class='ocrx_word' id='word_1_116' title='bbox 538 2153 579 2204; x_wconf 89' lang='lat' dir='ltr'><strong>ac</strong></span> <span class='ocrx_word' id='word_1_117' title='bbox 595 2139 761 2225; x_wconf 89' lang='lat' dir='ltr'><strong>perpetuo</strong></span> <span class='ocrx_word' id='word_1_118' title='bbox 783 2130 947 2202; x_wconf 86' lang='lat' dir='ltr'><strong>iaciemus</strong></span> <span class='ocrx_word' id='word_1_119' title='bbox 959 2127 1009 2226; x_wconf 89' lang='lat' dir='ltr'><strong>(a)</strong></span> <span class='ocrx_word' id='word_1_120' title='bbox 1033 2139 1069 2202; x_wconf 94' lang='lat' dir='ltr'><strong>ut</strong></span> <span class='ocrx_word' id='word_1_121' title='bbox 1086 2132 1171 2223; x_wconf 90' lang='lat' dir='ltr'><strong>justi</strong></span> <span class='ocrx_word' id='word_1_122' title='bbox 1190 2131 1322 2204; x_wconf 91' lang='lat' dir='ltr'><strong>timoris</strong></span> <span class='ocrx_word' id='word_1_123' title='bbox 1338 2152 1443 2204; x_wconf 87' lang='lat' dir='ltr'><strong>causa</strong></span> <span class='ocrx_word' id='word_1_124' title='bbox 1460 2151 1531 2204; x_wconf 93' lang='lat' dir='ltr'><strong>nou</strong></span> <span class='ocrx_word' id='word_1_125' title='bbox 1547 2131 1653 2226; x_wconf 85' lang='lat' dir='ltr'><strong>possit</strong></span> <span class='ocrx_word' id='word_1_126' title='bbox 1673 2131 1829 2202; x_wconf 83' lang='lat' dir='ltr'><strong>animum</strong></span> <span class='ocrx_word' id='word_1_127' title='bbox 1847 2141 1944 2204; x_wconf 92' lang='lat' dir='ltr'><strong>tuum</strong></span> 
     </span>
     <span class='ocr_line' id='line_1_14' title="bbox 538 2273 768 2328; baseline -0.009 0"><span class='ocrx_word' id='word_1_128' title='bbox 538 2273 768 2328; x_wconf 83' lang='lat' dir='ltr'><strong>commouere.</strong></span> 
     </span>
    </p>
   </div>
   <div class='ocr_carea' id='block_1_5' title="bbox 532 2757 1940 3004">
    <p class='ocr_par' dir='ltr' id='par_1_5' title="bbox 532 2757 1940 3004">
     <span class='ocr_line' id='line_1_15' title="bbox 585 2757 1940 2868; baseline -0.005 -25"><span class='ocrx_word' id='word_1_129' title='bbox 585 2761 812 2868; x_wconf 82' lang='lat' dir='ltr'><strong>Friderious‚</strong></span> <span class='ocrx_word' id='word_1_130' title='bbox 833 2761 1093 2843; x_wconf 86' lang='lat' dir='ltr'><strong>Romanorum</strong></span> <span class='ocrx_word' id='word_1_131' title='bbox 1111 2759 1331 2867; x_wconf 81' lang='lat' dir='ltr'><strong>imperator,</strong></span> <span class='ocrx_word' id='word_1_132' title='bbox 1352 2761 1482 2842; x_wconf 90' lang='lat' dir='ltr'><strong>stetuit</strong></span> <span class='ocrx_word' id='word_1_133' title='bbox 1499 2769 1543 2841; x_wconf 91' lang='lat' dir='ltr'><strong>ut</strong></span> <span class='ocrx_word' id='word_1_134' title='bbox 1560 2761 1598 2839; x_wconf 92' lang='lat' dir='ltr'><strong>in</strong></span> <span class='ocrx_word' id='word_1_135' title='bbox 1618 2760 1702 2842; x_wconf 89' lang='lat' dir='ltr'><strong>loco</strong></span> <span class='ocrx_word' id='word_1_136' title='bbox 1719 2759 1788 2868; x_wconf 92' lang='lat' dir='ltr'><strong>qui</strong></span> <span class='ocrx_word' id='word_1_137' title='bbox 1805 2757 1940 2840; x_wconf 88' lang='lat' dir='ltr'><strong>dieitur</strong></span> 
     </span>
     <span class='ocr_line' id='line_1_16' title="bbox 532 2889 1939 3004; baseline -0.006 -27"><span class='ocrx_word' id='word_1_138' title='bbox 532 2895 690 3004; x_wconf 82' lang='lat' dir='ltr'><strong>Aquila,</strong></span> <span class='ocrx_word' id='word_1_139' title='bbox 717 2894 815 2976; x_wconf 92' lang='lat' dir='ltr'><strong>inter</strong></span> <span class='ocrx_word' id='word_1_140' title='bbox 835 2893 1048 2976; x_wconf 86' lang='lat' dir='ltr'><strong>Furconem</strong></span> <span class='ocrx_word' id='word_1_141' title='bbox 1070 2901 1108 2973; x_wconf 89' lang='lat' dir='ltr'><strong>et</strong></span> <span class='ocrx_word' id='word_1_142' title='bbox 1125 2891 1365 2974; x_wconf 86' lang='lat' dir='ltr'><strong>Amiternum</strong></span> <span class='ocrx_word' id='word_1_143' title='bbox 1384 2893 1515 2975; x_wconf 83' lang='lat' dir='ltr'><strong>civitas</strong></span> <span class='ocrx_word' id='word_1_144' title='bbox 1532 2901 1789 2988; x_wconf 71' lang='lat' dir='ltr'><strong>construetur,</strong></span> <span class='ocrx_word' id='word_1_145' title='bbox 1810 2901 1848 2972; x_wconf 91' lang='lat' dir='ltr'><strong>et</strong></span> <span class='ocrx_word' id='word_1_146' title='bbox 1867 2889 1939 2970; x_wconf 85' lang='lat' dir='ltr'><strong>illis</strong></span> 
     </span>
    </p>
   </div>
   <div class='ocr_carea' id='block_1_6' title="bbox 475 3021 1940 3268">
    <p class='ocr_par' dir='ltr' id='par_1_6' title="bbox 475 3021 1940 3268">
     <span class='ocr_line' id='line_1_17' title="bbox 475 3021 1940 3136; baseline -0.005 -26"><span class='ocrx_word' id='word_1_147' title='bbox 475 3031 482 3056; x_wconf 88' lang='lat'>&#39;</span> <span class='ocrx_word' id='word_1_148' title='bbox 532 3027 599 3136; x_wconf 92' lang='lat' dir='ltr'><strong>qui</strong></span> <span class='ocrx_word' id='word_1_149' title='bbox 619 3027 668 3109; x_wconf 87' lang='lat' dir='ltr'><strong>ad</strong></span> <span class='ocrx_word' id='word_1_150' title='bbox 686 3025 790 3108; x_wconf 90' lang='lat' dir='ltr'><strong>hunc</strong></span> <span class='ocrx_word' id='word_1_151' title='bbox 808 3024 935 3108; x_wconf 91' lang='lat' dir='ltr'><strong>locum</strong></span> <span class='ocrx_word' id='word_1_152' title='bbox 953 3023 1204 3106; x_wconf 87' lang='lat' dir='ltr'><strong>habitandum</strong></span> <span class='ocrx_word' id='word_1_153' title='bbox 1223 3025 1465 3108; x_wconf 88' lang='lat' dir='ltr'><strong>convenerint</strong></span> <span class='ocrx_word' id='word_1_154' title='bbox 1487 3024 1745 3106; x_wconf 89' lang='lat' dir='ltr'><strong>immunitates</strong></span> <span class='ocrx_word' id='word_1_155' title='bbox 1762 3021 1940 3130; x_wconf 76' lang='lat' dir='ltr'><strong>vanaque</strong></span> 
     </span>
     <span class='ocr_line' id='line_1_18' title="bbox 531 3157 971 3268; baseline -0.007 -29"><span class='ocrx_word' id='word_1_156' title='bbox 531 3157 727 3268; x_wconf 84' lang='lat' dir='ltr'><strong>privilegia</strong></span> <span class='ocrx_word' id='word_1_157' title='bbox 745 3157 971 3264; x_wconf 92' lang='lat' dir='ltr'><strong>impertitur.</strong></span> 
     </span>
    </p>
   </div>
   <div class='ocr_carea' id='block_1_7' title="bbox 614 3337 1937 3636">
    <p class='ocr_par' dir='ltr' id='par_1_7' title="bbox 614 3337 1937 3636">
     <span class='ocr_line' id='line_1_19' title="bbox 614 3337 1936 3423; baseline -0.005 -17"><span class='ocrx_word' id='word_1_158' title='bbox 614 3343 708 3423; x_wconf 82' lang='lat' dir='ltr'><strong>(Edit.</strong></span> <span class='ocrx_word' id='word_1_159' title='bbox 724 3361 774 3422; x_wconf 87' lang='lat' dir='ltr'><strong>ap.</strong></span> <span class='ocrx_word' id='word_1_160' title='bbox 787 3343 870 3406; x_wconf 77' lang='lat' dir='ltr'><strong>Pota.</strong></span> <span class='ocrx_word' id='word_1_161' title='bbox 886 3341 920 3402; x_wconf 84' lang='lat' dir='ltr'><strong>dc</strong></span> <span class='ocrx_word' id='word_1_162' title='bbox 940 3343 1002 3402; x_wconf 74' lang='lat' dir='ltr'><strong>Vin</strong></span> <span class='ocrx_word' id='word_1_163' title='bbox 1016 3343 1130 3421; x_wconf 72' lang='lat' dir='ltr'><strong>Epist,</strong></span> <span class='ocrx_word' id='word_1_164' title='bbox 1140 3342 1193 3404; x_wconf 92' lang='lat' dir='ltr'><strong>llb.</strong></span> <span class='ocrx_word' id='word_1_165' title='bbox 1206 3342 1258 3414; x_wconf 82' lang='lat' dir='ltr'><strong>VI,</strong></span> <span class='ocrx_word' id='word_1_166' title='bbox 1271 3359 1337 3420; x_wconf 83' lang='lat' dir='ltr'><strong>cup.</strong></span> <span class='ocrx_word' id='word_1_167' title='bbox 1350 3341 1404 3404; x_wconf 87' lang='lat' dir='ltr'><strong>lx.</strong></span> <span class='ocrx_word' id='word_1_168' title='bbox 1413 3375 1454 3388; x_wconf 92' lang='lat'>-</span> <span class='ocrx_word' id='word_1_169' title='bbox 1463 3343 1637 3420; x_wconf 74' lang='lat' dir='ltr'><strong>Misenum,</strong></span> <span class='ocrx_word' id='word_1_170' title='bbox 1651 3339 1772 3422; x_wconf 77' lang='lat' dir='ltr'><strong>Dialopo</strong></span> <span class='ocrx_word' id='word_1_171' title='bbox 1787 3337 1855 3402; x_wconf 68' lang='lat' dir='ltr'><strong>end*</strong></span> <span class='ocrx_word' id='word_1_172' title='bbox 1868 3343 1936 3422; x_wconf 76' lang='lat' dir='ltr'><strong>crtq.</strong></span> 
     </span>
     <span class='ocr_line' id='line_1_20' title="bbox 652 3443 1937 3530; baseline -0.002 -20"><span class='ocrx_word' id='word_1_173' title='bbox 652 3447 719 3510; x_wconf 73' lang='lat' dir='ltr'><strong>‹latt&#39;</strong></span> <span class='ocrx_word' id='word_1_174' title='bbox 732 3447 856 3530; x_wconf 82' lang='lat' dir='ltr'><strong>Aqttile,</strong></span> <span class='ocrx_word' id='word_1_175' title='bbox 870 3466 899 3527; x_wconf 93' lang='lat' dir='ltr'><strong>p.</strong></span> <span class='ocrx_word' id='word_1_176' title='bbox 919 3456 1023 3510; x_wconf 74' lang='grc'><strong>75-81.</strong></span> <span class='ocrx_word' id='word_1_177' title='bbox 1039 3479 1080 3495; x_wconf 87' lang='grc'><strong>--</strong></span> <span class='ocrx_word' id='word_1_178' title='bbox 1092 3447 1249 3522; x_wconf 73' lang='lat' dir='ltr'><strong>Famam,</strong></span> <span class='ocrx_word' id='word_1_179' title='bbox 1269 3446 1370 3526; x_wconf 67' lang='grc' dir='ltr'><strong>ὒξίιιιι</strong></span> <span class='ocrx_word' id='word_1_180' title='bbox 1392 3445 1470 3508; x_wconf 78' lang='lat' dir='ltr'><strong>delle</strong></span> <span class='ocrx_word' id='word_1_181' title='bbox 1486 3445 1559 3510; x_wconf 75' lang='lat' dir='ltr'><strong>citet</strong></span> <span class='ocrx_word' id='word_1_182' title='bbox 1575 3443 1641 3506; x_wconf 78' lang='lat' dir='ltr'><strong>dell*</strong></span> <span class='ocrx_word' id='word_1_183' title='bbox 1658 3444 1781 3527; x_wconf 72' lang='lat' dir='ltr'><strong>apel«,</strong></span> <span class='ocrx_word' id='word_1_184' title='bbox 1799 3447 1937 3526; x_wconf 72' lang='lat' dir='ltr'><strong>append„</strong></span> 
     </span>
     <span class='ocr_line' id='line_1_21' title="bbox 651 3549 1782 3636; baseline -0.004 -20"><span class='ocrx_word' id='word_1_185' title='bbox 651 3573 683 3633; x_wconf 90' lang='lat' dir='ltr'><strong>p.</strong></span> <span class='ocrx_word' id='word_1_186' title='bbox 702 3552 1182 3632; x_wconf 76' lang='lat' dir='ltr'><strong>1-15.-Dnleeru1s,lltportu</strong></span> <span class='ocrx_word' id='word_1_187' title='bbox 1194 3549 1257 3612; x_wconf 84' lang='lat' dir='ltr'><strong>alla</strong></span> <span class='ocrx_word' id='word_1_188' title='bbox 1268 3554 1361 3614; x_wconf 79' lang='lat' dir='ltr'><strong>rcritt.</strong></span> <span class='ocrx_word' id='word_1_189' title='bbox 1377 3551 1449 3614; x_wconf 79' lang='lat' dir='ltr'><strong>dna</strong></span> <span class='ocrx_word' id='word_1_190' title='bbox 1458 3555 1531 3636; x_wconf 79' lang='lat' dir='ltr'><strong>pico.</strong></span> <span class='ocrx_word' id='word_1_191' title='bbox 1546 3559 1659 3628; x_wconf 66' lang='lat' dir='ltr'><strong>neme,</strong></span> <span class='ocrx_word' id='word_1_192' title='bbox 1671 3569 1702 3631; x_wconf 87' lang='lat' dir='ltr'><strong>p.</strong></span> <span class='ocrx_word' id='word_1_193' title='bbox 1716 3551 1782 3633; x_wconf 80' lang='lat'><strong>98.)</strong></span> 
     </span>
    </p>
   </div>
   <div class='ocr_carea' id='block_1_8' title="bbox 531 3733 1937 4208">
    <p class='ocr_par' dir='ltr' id='par_1_8' title="bbox 531 3733 1937 4208">
     <span class='ocr_line' id='line_1_22' title="bbox 581 3733 1937 3836; baseline -0.001 -28"><span class='ocrx_word' id='word_1_194' title='bbox 581 3733 808 3836; x_wconf 86' lang='lat' dir='ltr'><strong>[Fridericus‚</strong></span> <span class='ocrx_word' id='word_1_195' title='bbox 827 3733 910 3835; x_wconf 79' lang='lat' dir='ltr'><strong>etc]</strong></span> <span class='ocrx_word' id='word_1_196' title='bbox 927 3735 1163 3829; x_wconf 80' lang='lat' dir='ltr'><strong>Regnantibus</strong></span> <span class='ocrx_word' id='word_1_197' title='bbox 1179 3735 1280 3808; x_wconf 91' lang='lat' dir='ltr'><strong>nobis</strong></span> <span class='ocrx_word' id='word_1_198' title='bbox 1296 3735 1439 3807; x_wconf 82' lang='lat' dir='ltr'><strong>feliciter</strong></span> <span class='ocrx_word' id='word_1_199' title='bbox 1451 3743 1486 3806; x_wconf 94' lang='lat' dir='ltr'><strong>et</strong></span> <span class='ocrx_word' id='word_1_200' title='bbox 1503 3733 1795 3830; x_wconf 89' lang='lat' dir='ltr'><strong>triumphantibus</strong></span> <span class='ocrx_word' id='word_1_201' title='bbox 1807 3756 1849 3808; x_wconf 89' lang='lat' dir='ltr'><strong>ac</strong></span> <span class='ocrx_word' id='word_1_202' title='bbox 1865 3735 1937 3808; x_wconf 76' lang='lat' dir='ltr'><strong>uic·</strong></span> 
     </span>
     <span class='ocr_line' id='line_1_23' title="bbox 531 3857 1935 3954; baseline -0.004 -18"><span class='ocrx_word' id='word_1_203' title='bbox 531 3861 656 3936; x_wconf 87' lang='lat' dir='ltr'><strong>toriose</strong></span> <span class='ocrx_word' id='word_1_204' title='bbox 673 3860 879 3954; x_wconf 75' lang='lat' dir='ltr'><strong>degentibus</strong></span> <span class='ocrx_word' id='word_1_205' title='bbox 901 3861 937 3931; x_wconf 94' lang='lat' dir='ltr'><strong>in</strong></span> <span class='ocrx_word' id='word_1_206' title='bbox 963 3857 1170 3933; x_wconf 89' lang='lat' dir='ltr'><strong>hereditario</strong></span> <span class='ocrx_word' id='word_1_207' title='bbox 1190 3878 1297 3950; x_wconf 81' lang='lat' dir='ltr'><strong>reguo</strong></span> <span class='ocrx_word' id='word_1_208' title='bbox 1312 3865 1430 3930; x_wconf 92' lang='lat' dir='ltr'><strong>nostro</strong></span> <span class='ocrx_word' id='word_1_209' title='bbox 1448 3857 1578 3945; x_wconf 90' lang='lat' dir='ltr'><strong>Sicilie,</strong></span> <span class='ocrx_word' id='word_1_210' title='bbox 1596 3857 1682 3929; x_wconf 93' lang='lat' dir='ltr'><strong>illud</strong></span> <span class='ocrx_word' id='word_1_211' title='bbox 1698 3858 1845 3930; x_wconf 86' lang='lat' dir='ltr'><strong>occurrit</strong></span> <span class='ocrx_word' id='word_1_212' title='bbox 1860 3880 1935 3953; x_wconf 88' lang='lat' dir='ltr'><strong>pre·</strong></span> 
     </span>
     <span class='ocr_line' id='line_1_24' title="bbox 531 3981 1932 4081; baseline -0.004 -24"><span class='ocrx_word' id='word_1_213' title='bbox 531 3985 633 4081; x_wconf 91' lang='lat' dir='ltr'><strong>cipue</strong></span> <span class='ocrx_word' id='word_1_214' title='bbox 668 3983 816 4081; x_wconf 85' lang='lat' dir='ltr'><strong>provida</strong></span> <span class='ocrx_word' id='word_1_215' title='bbox 843 3983 1089 4057; x_wconf 88' lang='lat' dir='ltr'><strong>deliberatione</strong></span> <span class='ocrx_word' id='word_1_216' title='bbox 1115 3981 1352 4077; x_wconf 85' lang='lat' dir='ltr'><strong>pensandum,</strong></span> <span class='ocrx_word' id='word_1_217' title='bbox 1381 3983 1528 4075; x_wconf 87' lang='lat' dir='ltr'><strong>qualiter</strong></span> <span class='ocrx_word' id='word_1_218' title='bbox 1562 3989 1748 4076; x_wconf 90' lang='lat' dir='ltr'><strong>utrumque</strong></span> <span class='ocrx_word' id='word_1_219' title='bbox 1781 3991 1932 4076; x_wconf 89' lang='lat' dir='ltr'><strong>tempus,</strong></span> 
     </span>
     <span class='ocr_line' id='line_1_25' title="bbox 531 4104 1936 4208; baseline -0.005 -26"><span class='ocrx_word' id='word_1_220' title='bbox 531 4109 627 4208; x_wconf 88' lang='lat' dir='ltr'><strong>pacis</strong></span> <span class='ocrx_word' id='word_1_221' title='bbox 645 4108 809 4182; x_wconf 86' lang='lat' dir='ltr'><strong>videlicet</strong></span> <span class='ocrx_word' id='word_1_222' title='bbox 825 4117 859 4180; x_wconf 93' lang='lat' dir='ltr'><strong>et</strong></span> <span class='ocrx_word' id='word_1_223' title='bbox 882 4107 1068 4195; x_wconf 88' lang='lat' dir='ltr'><strong>bellorum,</strong></span> <span class='ocrx_word' id='word_1_224' title='bbox 1089 4106 1155 4178; x_wconf 88' lang='lat' dir='ltr'><strong>sub</strong></span> <span class='ocrx_word' id='word_1_225' title='bbox 1182 4104 1313 4178; x_wconf 91' lang='lat' dir='ltr'><strong>ditione</strong></span> <span class='ocrx_word' id='word_1_226' title='bbox 1330 4115 1445 4178; x_wconf 89' lang='lat' dir='ltr'><strong>nostre</strong></span> <span class='ocrx_word' id='word_1_227' title='bbox 1471 4105 1622 4200; x_wconf 88' lang='lat' dir='ltr'><strong>potentie</strong></span> <span class='ocrx_word' id='word_1_228' title='bbox 1641 4105 1825 4178; x_wconf 87' lang='lat' dir='ltr'><strong>salubriter</strong></span> <span class='ocrx_word' id='word_1_229' title='bbox 1848 4104 1936 4178; x_wconf 87' lang='lat' dir='ltr'><strong>diri-</strong></span> 
     </span>
    </p>
   </div>
   <div class='ocr_carea' id='block_1_9' title="bbox 573 4277 1703 4365">
    <p class='ocr_par' dir='ltr' id='par_1_9' title="bbox 573 4277 1703 4365">
     <span class='ocr_line' id='line_1_26' title="bbox 573 4277 1703 4365; baseline -0.006 -20"><span class='ocrx_word' id='word_1_230' title='bbox 573 4284 614 4365; x_wconf 83' lang='grc' dir='ltr'>(ιι)</span> <span class='ocrx_word' id='word_1_231' title='bbox 637 4285 732 4346; x_wconf 81' lang='lat' dir='ltr'><strong>Luem</strong></span> <span class='ocrx_word' id='word_1_232' title='bbox 745 4283 884 4364; x_wconf 79' lang='lat' dir='ltr'><strong>mutllus3</strong></span> <span class='ocrx_word' id='word_1_233' title='bbox 900 4281 1023 4343; x_wconf 81' lang='lat' dir='ltr'><strong>loreltnu</strong></span> <span class='ocrx_word' id='word_1_234' title='bbox 1036 4281 1193 4360; x_wconf 82' lang='lat' dir='ltr'><strong>legendnm</strong></span> <span class='ocrx_word' id='word_1_235' title='bbox 1210 4287 1237 4342; x_wconf 80' lang='lat' dir='ltr'><strong>te</strong></span> <span class='ocrx_word' id='word_1_236' title='bbox 1249 4285 1360 4342; x_wconf 67' lang='lat' dir='ltr'><strong>cotnra</strong></span> <span class='ocrx_word' id='word_1_237' title='bbox 1373 4277 1568 4360; x_wconf 70' lang='lat' dir='ltr'><strong>insectante</strong></span> <span class='ocrx_word' id='word_1_238' title='bbox 1582 4284 1632 4356; x_wconf 81' lang='lat' dir='ltr'><strong>nt,</strong></span> <span class='ocrx_word' id='word_1_239' title='bbox 1647 4283 1703 4340; x_wconf 89' lang='lat' dir='ltr'><strong>etc.</strong></span> 
     </span>
    </p>
   </div>
   <div class='ocr_carea' id='block_1_10' title="bbox 534 4450 901 4468">
    <p class='ocr_par' dir='ltr' id='par_1_10' title="bbox 534 4450 901 4468">
     <span class='ocr_line' id='line_1_27' title="bbox 534 4450 901 4468; baseline -0.008 -3"><span class='ocrx_word' id='word_1_240' title='bbox 534 4450 901 4468; x_wconf 47' lang='grc' dir='ltr'><strong>*ιι-.-</strong></span> 
     </span>
    </p>
   </div>
   <div class='ocr_carea' id='block_1_11' title="bbox 531 4547 1934 4724">
    <p class='ocr_par' dir='ltr' id='par_1_11' title="bbox 531 4547 1934 4724">
     <span class='ocr_line' id='line_1_28' title="bbox 566 4547 1932 4631; baseline -0.006 -17"><span class='ocrx_word' id='word_1_241' title='bbox 566 4558 604 4631; x_wconf 85' lang='lat' dir='ltr'><strong>(l)</strong></span> <span class='ocrx_word' id='word_1_242' title='bbox 622 4553 810 4616; x_wconf 79' lang='lat' dir='ltr'><strong>Verisimiliter</strong></span> <span class='ocrx_word' id='word_1_243' title='bbox 821 4554 908 4626; x_wconf 80' lang='lat' dir='ltr'><strong>agitur</strong></span> <span class='ocrx_word' id='word_1_244' title='bbox 920 4551 954 4612; x_wconf 87' lang='lat' dir='ltr'><strong>de</strong></span> <span class='ocrx_word' id='word_1_245' title='bbox 967 4553 1102 4627; x_wconf 88' lang='lat' dir='ltr'><strong>proposito</strong></span> <span class='ocrx_word' id='word_1_246' title='bbox 1114 4551 1185 4626; x_wconf 91' lang='lat' dir='ltr'><strong>quod</strong></span> <span class='ocrx_word' id='word_1_247' title='bbox 1198 4552 1252 4610; x_wconf 84' lang='lat' dir='ltr'><strong>dux</strong></span> <span class='ocrx_word' id='word_1_248' title='bbox 1265 4551 1389 4610; x_wconf 78' lang='lat' dir='ltr'><strong>dustriee</strong></span> <span class='ocrx_word' id='word_1_249' title='bbox 1403 4555 1564 4626; x_wconf 85' lang='lat' dir='ltr'><strong>conceperat</strong></span> <span class='ocrx_word' id='word_1_250' title='bbox 1577 4565 1660 4622; x_wconf 87' lang='lat' dir='ltr'><strong>super</strong></span> <span class='ocrx_word' id='word_1_251' title='bbox 1672 4547 1823 4607; x_wconf 84' lang='lat' dir='ltr'><strong>dirimendo</strong></span> <span class='ocrx_word' id='word_1_252' title='bbox 1835 4548 1932 4606; x_wconf 89' lang='lat' dir='ltr'><strong>matri-</strong></span> 
     </span>
     <span class='ocr_line' id='line_1_29' title="bbox 531 4643 1934 4724; baseline -0.007 -11"><span class='ocrx_word' id='word_1_253' title='bbox 531 4653 622 4713; x_wconf 86' lang='lat' dir='ltr'><strong>monio</strong></span> <span class='ocrx_word' id='word_1_254' title='bbox 634 4669 695 4711; x_wconf 86' lang='lat' dir='ltr'><strong>eno.</strong></span> <span class='ocrx_word' id='word_1_255' title='bbox 710 4653 827 4711; x_wconf 84' lang='lat' dir='ltr'><strong>Uxorem</strong></span> <span class='ocrx_word' id='word_1_256' title='bbox 840 4665 937 4724; x_wconf 85' lang='lat' dir='ltr'><strong>nempe</strong></span> <span class='ocrx_word' id='word_1_257' title='bbox 948 4650 1078 4724; x_wconf 75' lang='lat' dir='ltr'><strong>lgnetem</strong></span> <span class='ocrx_word' id='word_1_258' title='bbox 1091 4649 1214 4722; x_wconf 84' lang='lat' dir='ltr'><strong>nomine,</strong></span> <span class='ocrx_word' id='word_1_259' title='bbox 1230 4649 1306 4706; x_wconf 87' lang='lat' dir='ltr'><strong>ducis</strong></span> <span class='ocrx_word' id='word_1_260' title='bbox 1319 4648 1454 4708; x_wconf 88' lang='lat' dir='ltr'><strong>lleraniae</strong></span> <span class='ocrx_word' id='word_1_261' title='bbox 1465 4647 1557 4718; x_wconf 82' lang='lat' dir='ltr'><strong>tiliam,</strong></span> <span class='ocrx_word' id='word_1_262' title='bbox 1574 4645 1718 4705; x_wconf 87' lang='lat' dir='ltr'><strong>taediosam</strong></span> <span class='ocrx_word' id='word_1_263' title='bbox 1729 4643 1934 4720; x_wconf 85' lang='lat' dir='ltr'><strong>habebatquam</strong></span> 
     </span>
    </p>
   </div>
   <div class='ocr_carea' id='block_1_12' title="bbox 529 4747 963 4828">
    <p class='ocr_par' dir='ltr' id='par_1_12' title="bbox 529 4747 963 4828">
     <span class='ocr_line' id='line_1_30' title="bbox 529 4747 963 4828; baseline -0.012 -17"><span class='ocrx_word' id='word_1_264' title='bbox 529 4751 619 4828; x_wconf 87' lang='lat' dir='ltr'><strong>reipsa</strong></span> <span class='ocrx_word' id='word_1_265' title='bbox 632 4765 704 4810; x_wconf 83' lang='lat' dir='ltr'><strong>anno</strong></span> <span class='ocrx_word' id='word_1_266' title='bbox 717 4752 786 4809; x_wconf 78' lang='lat' dir='ltr'><strong>ttlt</strong></span> <span class='ocrx_word' id='word_1_267' title='bbox 800 4747 963 4823; x_wconf 84' lang='lat' dir='ltr'><strong>repudiauit.</strong></span> 
     </span>
    </p>
   </div>
   <div class='ocr_carea' id='block_1_13' title="bbox 0 0 2184 5996">
    <p class='ocr_par' dir='ltr' id='par_1_13' title="bbox 0 0 2184 5996">
     <span class='ocr_line' id='line_1_31' title="bbox 0 0 2184 5996; baseline 0 0"><span class='ocrx_word' id='word_1_268' title='bbox 0 0 2184 5996; x_wconf 95' lang='lat' dir='ltr'><strong> </strong></span> 
     </span>
    </p>
   </div>
  </div>
 </body>
</html>
