4358 5996
545 651 621 713 tola
1045 651 1257 712 intuente!
1283 650 1456 712 secono!
1766 649 1848 732 [An.
1866 651 1956 713 12⁴0.

542 787 645 858 minis
667 785 901 875 debebantur,
930 793 1088 858 octavam
1116 797 1248 882 partem
1273 796 1407 860 tuntum
1426 787 1598 859 bonorum
1622 785 1798 858 stabilium
1824 787 1955 881 singuli

540 910 698 983 homines
717 909 862 1004 singulis
879 909 1061 1004 quondam,
1075 909 1224 985 dominis
1241 910 1315 984 suis
1335 911 1372 982 in
1391 931 1463 984 uno
1476 911 1553 983 loco
1575 918 1709 982 tantum
1722 911 1901 984 conferant
1919 922 1954 984 et

540 1034 732 1127 assignent3
755 1032 886 1104 octavis
904 1032 990 1126 ipsis
1010 1033 1229 1128 postmodum
1253 1035 1366 1107 taliter
1385 1034 1474 1106 inter
1494 1031 1653 1107 dominos
1672 1055 1761 1128 quoe
1781 1033 1954 1107 voluerint

541 1168 578 1231 et
600 1159 693 1251 ipsos
717 1156 875 1228 homines
895 1155 1133 1250 permutandis
1159 1157 1255 1252 qnod
1283 1155 1328 1230 de
1353 1158 1470 1232 valore
1494 1165 1695 1230 octavarum
1721 1158 1888 1253 portium,
1913 1159 1951 1230 in

540 1283 651 1355 tribus
669 1291 729 1355 ant
748 1289 897 1377 quatuor
917 1281 1000 1354 locis
1021 1281 1067 1354 ad
1087 1283 1184 1376 plus,
1204 1282 1240 1354 in
1260 1281 1428 1354 territorio
1446 1279 1607 1354 videlicet
1630 1281 1730 1355 castri
1751 1281 1949 1374 cujuslibet,

541 1410 577 1480 in
601 1408 684 1480 locis
710 1406 910 1480 melioribus
931 1415 966 1478 et
991 1405 1242 1496 mediocribus,
1270 1404 1432 1501 predictis
1459 1404 1609 1478 dominis
1631 1405 1764 1498 integre
1789 1403 1951 1498 satisfiat,

540 1531 695 1604 ecclesiis
710 1539 745 1602 et
761 1529 929 1624 religiosis
947 1531 1031 1603 locis
1047 1533 1084 1602 in
1101 1529 1230 1604 bonore
1243 1530 1392 1602 militum
1408 1529 1615 1602 habentibus
1631 1527 1723 1601 bonu
1738 1551 1802 1602 sue
1822 1530 1869 1602 ab
1884 1530 1953 1602 bn·

537 1654 690 1748 jusmodi
722 1642 904 1728 collatione
927 1654 1099 1728 bonorum
1128 1653 1277 1728 dominis
1314 1653 1472 1727 faciende
1498 1673 1638 1748 prorsus
1665 1654 1836 1748 exceptis;
1863 1675 1953 1749 quos

539 1779 756 1852 libertatibus
775 1787 811 1851 et
827 1778 1106 1874 exemptionibus
1133 1779 1312 1870 omnibus,
1336 1799 1407 1872 que
1432 1777 1593 1872 superius
1617 1777 1872 1872 exprimuntur,
1900 1779 1951 1850 nti

541 1903 705 1977 volumus
723 1911 757 1974 et
774 1902 939 1996 gaudere.
962 1903 1013 1975 De
1031 1901 1182 1975 servitiis
1198 1911 1314 1974 antem
1335 1922 1406 1996 que
1423 1922 1446 1973 a
1462 1899 1629 1995 predictis
1652 1953 1761 1972 .....
1783 1899 1951 1973 hactenus

541 2025 758 2101 debebantur
783 2047 887 2121 super
908 2024 995 2118 boc,
1021 2021 1238 2121 precipimus
1254 2025 1431 2098 observari
1454 2035 1494 2096 nt
1517 2025 1554 2095 in
1578 2033 1689 2098 cestro
1714 2025 1870 2118 quolibet
1890 2045 1951 2118 per

541 2150 634 2222 viros
665 2149 810 2223 idoneos
841 2148 999 2243 diligenti
1028 2149 1249 2244 inquisitione
1276 2149 1459 2244 premissa,
1486 2157 1618 2220 tantum
1644 2148 1772 2242 singuli
1804 2148 1949 2242 singulis

541 2273 692 2347 dominis
718 2293 781 2368 pro
805 2271 1041 2366 redemptione
1064 2273 1234 2346 bonorum
1258 2293 1400 2345 suorum
1425 2273 1462 2343 in
1489 2271 1637 2366 pecnnia
1660 2273 1717 2344 vel
1743 2272 1849 2344 rebus
1873 2273 1948 2346 aliis

541 2397 644 2469 simul
662 2405 697 2468 et
712 2396 819 2468 semel
838 2396 1037 2486 exsolvent,
1057 2406 1227 2490 quantum
1245 2395 1363 2468 debite
1382 2405 1416 2468 et
1436 2395 1637 2487 hujusmodi
1660 2394 1817 2469 redditus
1838 2418 1949 2490 usque

540 2520 587 2594 ad
607 2541 716 2593 annos
737 2519 862 2611 uiginti
883 2519 1001 2592 valere
1025 2519 1206 2593 constabit.
1223 2520 1292 2592 Nos
1314 2529 1429 2592 antem
1445 2519 1506 2612 qui
1530 2541 1635 2616 snper
1652 2519 1718 2592 boc
1738 2521 1948 2614 priuatorum

535 2641 616 2732 jura
631 2639 728 2711 illesa
752 2659 944 2730 servemus,
963 2639 1120 2711 nolentes
1137 2638 1211 2710 fisci
1233 2639 1339 2712 nostri
1357 2637 1562 2733 compendia
1585 2639 1651 2710 sub
1672 2638 1808 2711 silentio
1832 2649 1950 2733 prete-

538 2763 625 2853 rire,
647 2762 796 2856 presenti
816 2761 998 2856 privilegio
1014 2761 1230 2835 declaremus
1247 2761 1344 2856 quod
1361 2763 1398 2834 in
1418 2762 1556 2834 civitate
1573 2761 1724 2856 predicta
1741 2761 1869 2835 habere
1887 2784 1949 2836 uo·

538 2885 654 2957 lomus
672 2892 822 2956 castrum
841 2905 952 2956 unum
969 2884 1204 2958 universitatis
1223 2883 1380 2975 eJusdem
1397 2885 1592 2979 sumptibus
1610 2885 1895 2958 construendum.
1914 2886 1950 2958 Si

539 3007 619 3102 quis
643 3027 728 3080 vero
752 3005 920 3078 sanctioni
940 3017 1055 3079 nostre
1075 3006 1276 3100 hujusmodi
1294 3028 1385 3080 ausu
1403 3007 1583 3081 temerario
1604 3009 1849 3103 presumpserit
1864 3030 1949 3082 con·

539 3131 662 3220 trairo,
687 3140 801 3224 preter
824 3129 1098 3223 indignationem
1123 3131 1230 3204 nostri
1251 3131 1429 3224 culminis,
1452 3153 1614 3228 quamue
1634 3131 1771 3204 noverit
1792 3132 1949 3204 incursu·

540 3276 632 3344 rum,
651 3261 790 3324 centum
804 3251 908 3325 libras
925 3255 1000 3326 euri
1019 3253 1096 3348 puri
1113 3253 1198 3327 fisco
1215 3263 1332 3328 nostro
1346 3264 1545 3350 componat,
1564 3253 1781 3329 medietatem
1798 3256 1950 3351 ipserum

540 3375 637 3449 curie
653 3383 780 3467 nostre,
797 3375 930 3470 relique
947 3375 1129 3450 medietate
1144 3397 1247 3473 passo
1261 3378 1422 3470 injuriam
1434 3379 1641 3475 epplicendu
1655 3377 1721 3475 (t).

742 3633 1258 3650 fi———u-——a--p———m

387 3890 466 3984 ¹³⁰⁸.
597 3869 800 3978 Gregorius
821 3871 872 3954 IX
894 3898 993 3982 papa
1021 3874 1201 3983 Gregorio
1228 3875 1277 3956 dc
1303 3873 1545 3983 Montelongo
1572 3872 1703 3956 scribit
1728 3873 1834 3982 qnod
1866 3897 1955 3956 mo-

543 4011 631 4083 neat
666 4002 985 4112 Mediolanenses,
1017 4005 1276 4114 Placentinos,
1313 4005 1568 4090 bononienses
1598 4016 1636 4088 et
1664 4005 1877 4088 Brixienses
1912 4015 1955 4086 ut

578 4267 617 4339 (t)
634 4267 674 4324 De
684 4272 804 4340 tompore
818 4280 872 4338 quc
883 4267 1053 4341 priuilegium
1064 4268 1136 4326 istud
1148 4269 1230 4327 inerit
1243 4269 1358 4338 editum,
1372 4271 1488 4328 menime
1499 4269 1662 4327 dissentiunt
1675 4269 1813 4326 historici:
1825 4269 1872 4341 qui
1884 4269 1953 4326 enim

540 4363 576 4422 de
589 4363 777 4422 comtitutione
796 4362 913 4422 ciritetis
930 4363 1043 4437 Aquilae
1057 4364 1257 4436 disseruerunt,
1272 4365 1423 4424 ltessomm
1440 4365 1542 4424 scilicet
1554 4372 1583 4423 et
1600 4365 1760 4436 Frencbius,
1774 4365 1852 4422 etde
1866 4365 1955 4438 Ange·

541 4461 589 4532 lis,
604 4461 663 4520 sive
680 4461 715 4518 ad
729 4475 830 4518 mcum
844 4462 915 4519 tate
931 4466 980 4520 eut
993 4465 1074 4533 tttt,
1086 4461 1144 4520 eive
1158 4463 1239 4522 etiem
1254 4463 1290 4522 ed
1306 4468 1414 4536 tempos
1429 4463 1544 4522 t'nnrudi
1557 4462 1629 4534 regis
1641 4477 1672 4520 se
1685 4461 1815 4520 relerunt.
1830 4463 1955 4520 Tesunte

541 4565 631 4616 umen
644 4557 775 4616 Pendullo
787 4556 965 4630 Collenuceio,
978 4574 1069 4616 rernm
1082 4559 1253 4622 scenicarum
1267 4559 1338 4618 bene
1350 4560 1446 4634 perito,
1461 4575 1553 4618 mense
1564 4559 1640 4632 iunio
1652 4560 1716 4616 euni
1730 4561 1812 4630 tato,
1828 4559 1954 4617 Friderici

541 4655 711 4728 imperatoris
721 4654 840 4713 edictum
852 4655 888 4712 de
903 4655 1058 4714 fundatione
1071 4655 1152 4728 buius
1170 4672 1257 4715 norae
1270 4657 1387 4718 ciuitatis
1405 4657 1493 4732 prima
1506 4657 1566 4715 rice
1584 4655 1727 4730 uulgatum
1744 4656 1828 4714 inisse
1841 4655 1955 4714 libenter

540 4751 713 4825 crediderim,
727 4751 790 4811 licet
802 4753 870 4811 urbs
881 4767 934 4811 uon
946 4759 1010 4812 ante
1021 4753 1114 4829 plnree
1124 4768 1209 4812 annos
1222 4753 1330 4828 elapsos
1344 4753 1483 4813 aedificata
1497 4753 1584 4813 luerit.
