4384 6004
218 665 319 728 horor.
338 663 401 740 lt]
672 654 869 718 HISTORIA
894 647 1189 712 DlPLOMthCA.
1556 641 1631 703 1041

223 805 480 896 programmate
504 791 693 886 divulgetis
713 801 752 864 ut
772 790 888 862 nullus
903 786 970 858 sub
984 783 1177 858 securitatis
1192 789 1307 854 nostre
1323 775 1450 850 fiducia
1468 775 1514 850 ad
1534 797 1634 872 syno-

220 922 306 996 dum
326 921 439 1015 ipsam
457 915 612 990 accedat.
631 916 700 988 Nos
718 913 825 1002 enim,
842 918 1163 1005 quantumcumque
1180 901 1395 998 regnivestri
1409 898 1570 973 fidelibus
1587 899 1633 972 ob

220 1065 374 1118 amorem
392 1040 596 1136 precipuum
613 1059 718 1131 quem
733 1057 816 1129 erga
831 1055 894 1106 vos
914 1031 1065 1124 gerimus
1082 1027 1307 1102 libentissime
1325 1023 1537 1112 deferemus,
1554 1043 1634 1116 pre-

220 1175 460 1262 sumptuosam
482 1171 596 1233 hmen
615 1159 839 1232 temeritatem
858 1177 977 1228 eorum
1001 1154 1062 1246 qui
1078 1149 1315 1247 prohibitionis
1333 1155 1447 1219 nostre
1461 1144 1634 1218 temerarii

222 1296 474 1381 contemptores
498 1283 546 1356 ad
563 1283 694 1354 inimici
715 1280 823 1354 nostri
848 1277 1061 1351 vocationem
1081 1274 1300 1360 accederent,
1321 1292 1383 1344 nos
1406 1291 1476 1342 non
1497 1267 1634 1340 deceret

220 1411 369 1483 ulterius
379 1405 608 1501 equanimiter
624 1405 780 1478 tolerare.

270 1533 395 1604 Datum
421 1529 457 1600 in
477 1528 597 1600 castris
620 1528 657 1598 in
682 1525 862 1600 obsidione
877 1522 1057 1613 Faventia,
1074 1521 1151 1592 Xlll
1170 1517 1388 1614 septembris,
1407 1515 1499 1588 Xllll
1519 1513 1636 1588 indic-

222 1656 329 1729 bone.

275 2071 510 2180 Fridevicus‚
532 2073 795 2156 Romanorum
821 2069 1042 2178 imperator,
1062 2067 1282 2150 fidelitatem
1311 2067 1519 2150 Cumarum
1546 2093 1637 2176 erga
1678 2115 1827 2212 ‘unffi‘

222 2233 264 2290 se
289 2217 328 2290 et
354 2233 468 2292 avum
496 2233 611 2290 suum
639 2205 874 2290 Friderioum
901 2204 1161 2310 commendat,
1191 2202 1431 2310 suadensque
1454 2228 1503 2284 ne
1530 2200 1637 2283 salsis
1665 2221 1844 2331 5232th

221 2339 561 2423 Mediolanensium
587 2337 905 2448 promissionibus
935 2335 1188 2444 decipiantur,
1214 2335 1366 2416 nuntiat
1392 2359 1431 2416 se
1456 2333 1497 2414 in
1522 2333 1634 2416 obsi-

221 2470 335 2553 dione
353 2471 553 2554 Fauentiae
575 2479 699 2552 oastra
724 2467 920 2576 posuissep
940 2493 1018 2577 qua
1035 2475 1146 2575 capta
1164 2467 1213 2548 ad
1232 2466 1403 2574 ipsorum
1421 2475 1547 2574 partes
1569 2492 1636 2548 oe-

221 2599 339 2684 lerius
357 2603 485 2686 venire
502 2601 682 2710 disponit.

306 2785 429 2864 (Inedlt.
457 2804 505 2865 ap.
528 2785 618 2848 Arcl.
642 2803 740 2847 mmm.
766 2787 899 2861 damur„
923 2786 975 2846 llb.
1000 2785 1122 2848 lucter.
1148 2802 1276 2846 monum.
1302 2801 1341 2844 ex
1362 2787 1463 2863 regist.
1488 2803 1633 2866 pergam„

342 2891 394 2952 lol.
411 2900 447 2952 57
461 2899 553 2971 recto,
570 2899 768 2954 cursem-
780 2892 854 2954 Coll.
867 2908 935 2952 com
947 2891 1012 2952 cod.
1028 2891 1105 2952 Blbl.
1122 2889 1221 2950 Cesar.
1238 2890 1343 2962 Paris,
1351 2887 1443 2968 strada
1456 2891 1635 2952 Sciat-Ger·

344 2995 565 3076 nan-Harey,
578 3008 612 3058 n·
626 3007 697 3074 455,
712 2998 836 3076 parsu,
859 3007 892 3057 n⁰
905 3006 954 3075 55,
967 2999 1015 3056 cul
1027 2995 1075 3056 hle
1086 2997 1191 3056 titulus
1205 2995 1373 3056 inscribitur
1389 3014 1397 3055 a
1415 2997 1553 3056 Cantante
1564 2999 1634 3058 cui-

342 3122 427 3166 utanr
437 3123 482 3166 scr
494 3103 598 3183 infida
606 3112 634 3166 et
643 3103 720 3187 quod
729 3111 851 3166 cacum
864 3103 920 3164 ribi
931 3102 969 3164 ab
977 3104 1102 3162 inimicis
1113 3109 1141 3163 et
1149 3100 1338 3183 poodpcrent
1347 3121 1377 3163 rc
1386 3101 1429 3164 nd
1439 3103 1633 3183 recipiendam

343 3227 416 3270 com
432 3213 468 3272 ln
481 3215 539 3273 lato
552 3229 622 3272 vero
635 3218 722 3272 nome
735 3211 959 3286 chronologicae
971 3209 1101 3282 desunt.)
1130 3277 1132 3280 ,

270 3367 479 3462 Fridericus,
496 3371 557 3444 Dei
575 3372 682 3464 gratia
695 3373 928 3445 Romanorum
943 3371 1125 3464 imperator
1142 3390 1279 3465 semper
1297 3379 1478 3463 augustus,
1499 3372 1635 3447 Ierusa-

223 3492 294 3565 lem
308 3504 344 3565 et
359 3493 473 3566 Sicilie
487 3515 565 3584 rex,
585 3495 746 3589 potestati
764 3503 799 3566 et
811 3493 954 3566 consilio
968 3501 1002 3565 et
1015 3492 1188 3564 communi
1206 3492 1368 3566 Comanis
1383 3492 1544 3566 fidelibus
1561 3497 1635 3568 suis

223 3615 372 3709 gratiam
393 3639 491 3690 suam
510 3627 544 3690 st
562 3618 689 3690 bonarn
705 3618 930 3690 voluntatem.
950 3617 1120 3688 immensa
1137 3613 1223 3688 fides
1245 3627 1278 3688 et
1297 3615 1436 3689 devotio
1454 3617 1635 3712 singularis

223 3759 315 3834 quas
333 3740 380 3813 ad
398 3740 521 3814 divum
540 3741 758 3814 Fredcricum
774 3749 961 3833 augustum
980 3761 1086 3810 avum
1103 3748 1257 3810 nostrum
1275 3741 1439 3812 memorie
1456 3741 1636 3816 recolende

224 3862 470 3938 inviolabiliter
484 3864 705 3954 observastis,
723 3873 791 3936 tam
810 3866 896 3935 altas
909 3863 963 3934 sui
976 3862 1111 3935 radices
1129 3862 1316 3934 transmisit
1332 3872 1367 3935 et
1381 3864 1586 3936 hereditavit
1599 3866 1636 3936 in

223 3995 391 4080 posteros,
405 3997 472 4056 tam
486 3988 631 4060 ferventi
641 3988 715 4060 zelo
723 3987 759 4058 in
773 3985 826 4058 sui
840 3994 874 4057 et
882 4006 1022 4057 suorum
1035 3986 1476 4080 memoriacorporavestra
1487 3997 1520 4060 et
1532 3987 1637 4062 corda

225 4105 376 4182 lirmwit
392 4117 431 4180 ut
443 4111 534 4182 felici
551 4120 705 4205 tempore
719 4119 836 4182 nostro
854 4107 1044 4180 interviret
1061 4119 1096 4180 et
1114 4109 1261 4202 impetus
1278 4107 1427 4180 bostium
1446 4121 1480 4180 et
1503 4109 1638 4184 infinita

225 4231 391 4325 pericula,
405 4255 468 4329 per
477 4234 656 4306 innumere
670 4241 782 4304 metus
794 4241 828 4304 et
841 4231 915 4326 spei
928 4230 1127 4302 discrimina
1139 4241 1366 4322 transeuntes,
1380 4232 1425 4305 ad
1436 4233 1637 4328 amplexum

226 4353 361 4447 imperii
379 4363 415 4426 et
430 4354 699 4446 recognitionem
723 4353 966 4427 dominationis
989 4352 1130 4446 antique
1148 4363 1183 4424 et
1207 4353 1306 4426 nobis
1326 4363 1362 4426 ct
1379 4355 1499 4428 honori
1520 4368 1638 4431 nostro

227 4495 391 4570 personas
412 4487 448 4550 et
466 4479 600 4550 animos
622 4476 794 4572 intrepide
817 4474 1012 4558 traderetis;
1037 4485 1279 4571 postponentes
1300 4467 1451 4550 hilariter
1471 4480 1638 4574 quiequid

228 4600 335 4692 possit
350 4599 387 4670 in
402 4601 507 4672 rebus
522 4598 693 4690 accidere,
704 4599 875 4694 quioquid
889 4599 926 4669 in
941 4600 1097 4693 personis
1110 4601 1291 4672 casualiter
1303 4603 1470 4693 eveniret,
1482 4613 1520 4674 ut
1531 4605 1639 4678 solius

228 4721 422 4794 constancia
440 4719 520 4794 fidei
534 4721 803 4818 preponderuret
819 4718 958 4792 affectui
979 4728 1015 4792 et
1030 4741 1166 4794 omnem
1187 4730 1348 4794 eventum
1365 4733 1400 4795 et
1413 4725 1639 4818 sequenoium
