4468 6010
269 719 368 778 lunser.
385 712 449 791 la]
722 707 921 770 HISTORIA
946 710 1242 774 bllnollllllcll.
1623 713 1680 776 761

349 873 447 952 (Edit.
463 887 515 950 up.
530 871 613 932 Petri
629 867 664 930 da
686 871 753 932 Via.
769 869 881 950 Epist,
895 871 947 934 lib.
962 871 1022 948 111,
1038 889 1103 952 cap.
1119 873 1242 936 LXXII.
1256 873 1345 936 Nunc
1362 874 1515 936 culleum
1535 875 1684 937 oudlclbui

385 979 464 1042 ΒΜ.
476 977 577 1041 ceren
591 979 700 1053 Parin,
706 973 800 1056 surdo
816 977 1023 1052 Numnam,
1038 989 1109 1054 ror,
1124 987 1154 1041 at
1166 997 1232 1041 asc.
1239 978 1331 1060 sonate
1344 977 1430 1058 hain,
1446 980 1549 1060 ausc.)

316 1153 540 1244 Fredericus,
556 1152 619 1224 Dei
642 1152 751 1246 gratia
765 1153 1000 1226 Romanorum
1016 1155 1223 1252 imperator,
1242 1157 1390 1228 senatori
1406 1158 1605 1252 populoque
1622 1159 1685 1232 llo·

268 1298 390 1366 mano,
409 1285 477 1349 etc.
499 1275 638 1348 Ardens
661 1295 796 1369 semper
820 1277 885 1347 luit
910 1298 968 1350 cor
994 1287 1149 1350 nostrum
1171 1279 1215 1350 ab
1236 1280 1337 1352 elatis
1360 1290 1478 1352 nostre
1497 1282 1680 1376 principio,

268 1410 453 1497 postquam
467 1400 617 1493 regalem
634 1398 786 1472 indolem
800 1399 941 1472 illustris
953 1401 1248 1475 natura·Ccsarum
1264 1403 1309 1476 do
1324 1405 1451 1475 virtute
1463 1406 1684 1499 contingente

268 1524 444 1620 prevenit3
461 1531 497 1594 et
511 1521 633 1595 eadem
652 1521 852 1595 continuata
875 1523 1035 1595 voluntas
1058 1545 1138 1596 cum
1165 1525 1332 1619 dignitate
1362 1527 1569 1600 succedente
1592 1551 1684 1602 con-

267 1649 394 1739 crevit,
427 1647 518 1720 sicut
544 1645 665 1718 nuncii
688 1646 793 1718 vestri
819 1645 865 1719 ad
894 1657 1045 1718 nostram
1072 1648 1268 1742 frequenter
1293 1649 1499 1742 presentiam
1526 1651 1684 1724 destinati

268 1771 366 1869 (cum
389 1769 581 1865 quibusda
602 1768 706 1842 corde
729 1789 816 1864 puro
840 1779 877 1842 et
894 1771 1084 1844 constantia
1104 1791 1173 1844 non
1196 1771 1273 1844 licta
1297 1774 1534 1868 contulimus),
1555 1787 1685 1869 potue-

267 1907 347 1970 runt
362 1895 411 1968 ad
430 1895 606 1990 publicam
627 1903 777 1967 vestram
804 1895 965 1970 noticiam
990 1896 1171 1992 pertulisse
1195 1907 1350 1968 nostrum
1375 1907 1534 1970 constans
1554 1921 1683 1994 propo·

268 2021 373 2092 situm
394 2029 430 2092 et
443 2020 618 2109 allectum,
635 2027 674 2090 ut
687 2027 841 2090 autorem
859 2019 986 2114 pariter
1001 2029 1036 2092 et
1053 2021 1237 2092 auctricem
1257 2020 1391 2116 imperii
1407 2022 1549 2094 llomani
1572 2024 1685 2096 reior-

268 2166 444 2219 maremus
456 2143 597 2216 Romam
620 2142 658 2214 in
679 2149 770 2214 statu
789 2141 967 2233 dignitatis
985 2144 1145 2238 antique,
1164 2167 1206 2216 ac
1226 2165 1384 2238 proceres
1405 2167 1446 2216 ac
1467 2146 1561 2220 cives
1579 2169 1681 2239 euos,

268 2293 346 2342 cum
361 2269 492 2364 quibus
507 2267 701 2362 respublica
715 2267 894 2339 consuevit
910 2267 1077 2340 hactenus
1095 2269 1196 2362 longe
1214 2269 1351 2362 lateque
1368 2268 1560 2364 magnificis
1577 2272 1684 2346 titulis

271 2393 431 2482 exaltari,
465 2413 511 2464 cx
539 2390 722 2463 commisso
753 2389 853 2461 nobis
882 2390 1016 2484 imperii
1046 2389 1187 2463 honoris
1215 2413 1339 2485 onere,
1368 2414 1437 2465 uon
1464 2392 1607 2488 indigne
1637 2396 1684 2469 ad

271 2530 382 2614 partes
394 2515 625 2590 solicitudinis
648 2535 866 2604 vocaremus3
888 2514 1057 2608 quosdam
1076 2514 1290 2609 preficientes
1312 2516 1508 2588 circulatus
1527 2529 1684 2594 nostrum

269 2641 418 2738 publicis
440 2640 561 2712 officiis
582 2640 661 2710 aule
685 2637 846 2744 Cesaree3
866 2637 1036 2732 quosdam
1056 2638 1103 2710 ud
1123 2637 1330 2733 presidiatus
1349 2641 1533 2733 regionum
1556 2645 1685 2739 pariter

269 2779 303 2838 et
329 2785 517 2860 regnorum
543 2784 584 2834 ac
610 2761 864 2857 provinciarum
891 2761 1204 2834 administrationes
1226 2771 1260 2834 et
1286 2764 1453 2857 regimina
1477 2775 1680 2850 statuentem

270 2891 346 2964 aliis
372 2911 434 2985 per
459 2888 597 2961 diversa
613 2885 725 2958 officia
746 2886 1017 2980 proiecturamm
1035 2895 1137 2982 prout
1160 2886 1321 2960 nobilitas
1338 2889 1447 2982 exigit
1464 2899 1498 2962 et
1513 2890 1684 2966 industria

269 3016 505 3110 singulorum,
529 3009 741 3106 propensiori
757 3008 874 3082 studio
892 3009 1080 3103 deputatis,
1098 3019 1222 3105 utque
1238 3011 1683 3108 inprincipemllomanum
1776 3099 1778 3104 .

269 3148 393 3212 cuncta
408 3136 522 3209 officia
544 3144 578 3206 et
598 3155 662 3206 sua
687 3133 922 3220 transtulerat,
939 3131 1060 3206 cadem
1079 3134 1163 3205 felix
1186 3135 1290 3206 Roma
1312 3134 1553 3210 nichilominus
1574 3139 1685 3234 parti-

269 3283 350 3358 ceps
376 3281 520 3334 onerum
548 3267 582 3330 et
608 3258 766 3330 laborum
794 3257 988 3348 coadiutrix
1012 3258 1173 3348 accedat,
1203 3279 1267 3330 nec
1294 3259 1339 3330 sit
1363 3281 1488 3355 expers
1514 3261 1684 3336 bonorum

269 3407 418 3482 quorum
437 3385 511 3478 ipsa
533 3381 676 3454 contulit
697 3381 921 3452 incrementa.
948 3381 1025 3453 Non
1050 3381 1217 3476 patientes
1241 3382 1349 3476 igitur
1371 3395 1536 3479 concepte
1555 3387 1685 3460 volun-

270 3509 349 3582 tatis
374 3506 555 3581 commoda
587 3503 719 3576 diutius
748 3505 945 3598 prorogari,
976 3503 1038 3576 sed
1062 3514 1101 3575 ut
1126 3503 1172 3576 ad
1198 3505 1305 3578 decus
1335 3515 1371 3578 el
1394 3506 1556 3582 honorem
1583 3511 1684 3585 Urbis

270 3632 406 3706 nobiles
430 3630 574 3702 Romani
600 3627 796 3724 presideaut
820 3626 941 3700 officiis
968 3637 1003 3700 ct
1029 3627 1256 3720 dignitatibus
1286 3631 1513 3723 illustrentur,
1540 3635 1685 3708 univer-

270 3757 407 3828 sitatem
429 3761 578 3824 vestram
601 3771 798 3840 monemus,
818 3749 1042 3822 sollicitamus
1064 3761 1098 3822 et
1121 3750 1300 3823 hortamur
1323 3755 1485 3826 attentius
1512 3768 1686 3851 quatenus

272 3877 495 3975 pmconsulcs
520 3884 677 3963 vestros,
703 3874 932 3968 Nepoleonem
961 3873 1127 3945 lobannis
1152 3871 1293 3947 Gaetani
1320 3877 1496 3970 comitem,
1518 3881 1683 3956 loannem

272 4001 317 4075 dc
335 4002 435 4088 Polo,
454 3999 611 4072 Ottonem
635 3999 890 4093 Frangepauem
909 4006 944 4069 et
957 3996 1127 4092 Angelum
1146 3999 1415 4093 Malabrancam,
1437 4001 1580 4078 dilectos
1601 4029 1685 4079 nos·

271 4134 360 4211 tros,
398 4122 533 4216 absque
568 4121 769 4193 difficultate
801 4141 898 4193 more
927 4119 974 4194 ad
1003 4131 1154 4195 nostram
1186 4125 1392 4218 presentiam
1426 4129 1682 4223 transmittatis,

271 4246 418 4320 honores
435 4254 470 4317 et
489 4265 594 4317 onera
618 4243 795 4315 subituros
817 4243 945 4336 quibus
967 4244 1122 4336 singulos
1140 4265 1259 4318 eorum
1286 4247 1490 4320 duxerimus
1510 4251 1685 4346 deputan-

273 4371 355 4460 dos,
376 4347 416 4442 ut
439 4367 529 4441 lelici
551 4375 668 4440 nostro
691 4377 842 4462 tempore
866 4368 903 4438 in
925 4368 1013 4440 urbe
1038 4369 1192 4442 Romana
1209 4371 1363 4442 Romulei
1380 4375 1560 4463 sanguinis
1576 4377 1685 4450 honos

275 4501 449 4588 appareat,
466 4493 658 4564 Romanum
677 4489 837 4564 madens
851 4488 1118 4586 (ul'prclulgeat,
1130 4502 1164 4566 et
1176 4494 1319 4588 antiqua
1338 4507 1520 4568 renovetur
1534 4497 1687 4593 dignitas

275 4615 527 4701 Romanorum,
557 4624 591 4686 et
614 4613 673 4686 fiat
694 4631 809 4686 nexus
835 4614 1083 4688 indissolubilis
1105 4616 1214 4709 gratie
1238 4627 1352 4690 nostre
1376 4619 1467 4692 inter
1491 4623 1684 4696 Romanum

316 4790 356 4872 (a)
378 4790 460 4854 Alibi
471 4789 594 4870 idioora,
608 4794 708 4855 mlnus
720 4797 805 4854 recte
