4468 6010
544 667 604 729 756
835 684 841 694 “
1045 668 1260 732 intonatur
1287 669 1460 732 SECUNDI
1770 671 1952 757 [danim

543 798 685 884 tionem
703 799 899 910 quondam
918 801 1067 884 comitis
1084 801 1266 910 Mathaei‚
1287 801 1416 886 abbati
1435 810 1473 886 et
1490 803 1691 888 conventui
1711 803 1839 890 Sancti
1857 807 1956 892 Petri

542 931 678 1016 Terrae
695 931 848 1042 Majoris
866 933 1034 1016 exhiberi
1053 933 1212 1018 iaciant.

625 1131 749 1212 (Inedlt.
771 1149 809 1192 ex
831 1132 1009 1195 membranis
1027 1137 1125 1214 regiae
1147 1134 1236 1196 siclae
1258 1135 1338 1212 apud
1359 1134 1530 1212 Neapolim,
1551 1137 1582 1196 ln
1608 1125 1800 1214 transumpto
1815 1137 1853 1200 de
1874 1155 1954 1200 anno

664 1249 752 1314 1271,
766 1244 853 1318 cnjus
864 1243 998 1302 meminit
1010 1240 1141 1317 Secum,
1158 1239 1274 1322 Syllob.
1291 1239 1464 1314 membran,
1480 1248 1504 1303 t.
1519 1243 1546 1316 1,
1561 1259 1592 1320 p.
1609 1241 1673 1322 46.)

588 1411 799 1502 Friderioos‚
816 1412 878 1484 Dei
897 1412 1007 1506 gratia
1025 1414 1258 1488 Rornanorum
1274 1414 1458 1509 imperator
1473 1434 1609 1509 semper
1629 1424 1816 1508 augustus,
1832 1416 1953 1490 Hieru-

540 1535 645 1608 salem
670 1545 705 1608 et
727 1536 841 1608 Sicilie
864 1556 947 1626 rex,
975 1537 1173 1610 camerariis
1198 1537 1379 1611 comitatus
1397 1535 1556 1625 Alesiam,
1576 1546 1643 1610 etc.
1664 1537 1954 1631 Signidoaverunt

540 1659 642 1732 nobie
657 1660 862 1732 venerabilis
875 1659 983 1734 abbas
993 1668 1027 1730 et
1041 1668 1232 1732 conventus
1248 1659 1446 1734 monasterii
1465 1660 1580 1732 Sancti
1599 1660 1688 1732 Petri
1700 1662 1802 1734 Terre
1816 1664 1954 1755 Majorie

539 1781 659 1856 fideles
676 1785 801 1871 nostri,
825 1782 923 1876 quod
946 1805 993 1855 ox
1013 1785 1237 1857 concessione
1257 1783 1393 1856 comitia
1410 1783 1536 1856 Mathai
1554 1783 1690 1856 dudum
1709 1785 1796 1857 lacta
1811 1808 1953 1860 monae-

538 1907 625 1980 terio
650 1907 841 1997 nominato,
869 1907 1087 2001 quaaraginta
1109 1915 1217 1980 sertae
1246 1907 1477 2000 anguillarum
1505 1907 1601 2001 apud
1626 1907 1807 1980 Aleeinam·
1828 1909 1952 1983 debeat

538 2031 691 2125 recipere
708 2029 907 2117 annuatim,
926 2031 1018 2104 sicut
1041 2030 1078 2102 in
1096 2029 1233 2124 scriptis
1249 2029 1359 2124 ipsius
1377 2030 1510 2104 comitis
1528 2031 1760 2104 continentur.
1781 2032 1875 2118 Quas
1888 2055 1950 2106 an·

537 2155 662 2246 guillae
677 2153 788 2226 donec
800 2163 890 2226 terra
909 2153 973 2226 luit
988 2153 1024 2226 in
1038 2175 1144 2226 manu
1162 2154 1272 2248 ipsine
1282 2154 1417 2228 comitis
1432 2155 1641 2242 habuerunt,
1660 2165 1695 2228 et
1710 2166 1894 2251 postquam
1904 2157 1951 2230 ad

538 2275 738 2350 demanium
751 2284 905 2348 nostrum
928 2297 1005 2348 earn
1028 2277 1289 2367 revocavimus,
1310 2276 1421 2350 dictae
1436 2276 1608 2370 anguillae
1625 2279 1769 2352 minime
1788 2300 1950 2375 percepe-

535 2409 631 2472 runt.
660 2400 774 2484 Quare
792 2398 893 2472 nobis
918 2398 1094 2472 humiliter
1114 2398 1356 2494 supplicarunt
1378 2407 1551 2492 quatenns
1573 2403 1800 2494 quantitatem
1820 2403 1951 2496 anguil-

536 2524 648 2598 larum
666 2525 817 2618 ipearum
845 2524 896 2596 eie
923 2522 1090 2596 exhibere
1113 2521 1158 2595 de
1183 2533 1300 2596 nostra
1323 2523 1434 2616 gratia
1461 2522 1716 2598 mandaremus.
1737 2525 1824 2598 Cum
1847 2525 1951 2621 igitur

535 2647 735 2741 hujusmodi
763 2647 950 2720 elemosina
974 2646 1189 2719 nominatum
1214 2649 1461 2722 monasterium
1486 2647 1635 2723 nolimus
1657 2657 1773 2724 nostro
1798 2658 1950 2745 tempore

536 2771 754 2859 defrandari,
787 2770 993 2846 mandamns
1024 2770 1168 2844 tirmiter
1197 2771 1424 2866 precipientes
1451 2779 1623 2866 qnatenus
1650 2771 1805 2868 inspecto
1831 2783 1951 2848 tenore

535 2895 653 2991 scripti
670 2893 802 2968 comitis
814 2894 994 2986 nominati,
1006 2894 1110 2987 juxta
1125 2902 1279 2975 mucrene
1293 2895 1418 2988 ipsius,
1431 2904 1466 2966 et
1479 2894 1673 2968 secundum
1686 2897 1785 2990 quod
1800 2905 1951 2991 tempore

537 3017 680 3112 predicti
700 3017 833 3092 comitis
854 3017 994 3092 easdem
1021 3018 1192 3111 anguillas
1212 3018 1366 3112 prelatus
1390 3017 1500 3090 abbae
1524 3027 1559 3091 et
1581 3027 1772 3094 conventus
1796 3021 1950 3116 recipere

536 3151 792 3216 consueverunt
807 3141 1003 3234 annuatim,
1021 3141 1073 3216 eie
1085 3163 1145 3216 eae
1162 3141 1229 3216 eibi
1242 3141 1375 3214 faciatis
1386 3141 1462 3216 sine
1480 3140 1708 3216 diminutione
1723 3143 1949 3238 aliqnaanno

508 3287 509 3290 ‘
535 3265 690 3359 quolibet
705 3263 881 3338 exhibere.

583 3388 708 3460 Datum
724 3387 863 3460 Catanie
880 3385 947 3482 (t),
969 3386 1203 3462 tertiodecimo
1222 3387 1406 3478 februarii,
1428 3387 1662 3464 tertiadecima
1684 3389 1897 3466 indictionis.

330 3851 394 3907 *Μ
407 3852 493 3907 lam
587 3841 765 3928 Mandata
791 3841 842 3924 ad
868 3841 1116 3952 justitiarium
1147 3840 1298 3950 Aprutii
1325 3865 1396 3950 pro
1424 3839 1609 3924 faciendis
1638 3839 1948 3952 inquisitionibus

359 3907 462 3950 emam

342 3917 494 4005 uim
534 4001 649 4086 super
666 3973 1016 4059 denuntiationibus
1033 3973 1266 4102 quibusdum
1285 3976 1412 4057 curiae
1425 3973 1691 4082 praesentatis.

507 4163 517 4180 ·
613 4160 740 4243 (Rogat
756 4161 859 4240 imper.
873 4155 993 4220 rreum
1012 4157 1052 4236 11,
1068 4156 1120 4220 iol.
1138 4165 1173 4219 rt
1189 4158 1421 4234 vamo31nedlt.
1437 4158 1575 4234 caream,
1590 4175 1621 4236 p.
1639 4158 1721 4232 tte.)

568 4395 605 4469 (q
619 4379 647 4450 ‘a
659 4399 840 4465 remumque
850 4389 902 4448 ent
911 4389 1019 4446 arulum
1029 4388 1100 4461 rega
1109 4387 1258 4447 temeram
1268 4389 1418 4448 amoeno
1434 4389 1620 4464 sompni-a,
1635 4388 1737 4447 muer
1747 4387 1782 4446 n
1793 4403 1863 4448 nno
1876 4393 1946 4450 raro

531 4496 658 4562 exeunte,
676 4503 776 4546 mnam
793 4487 862 4544 talo
881 4485 975 4543 tertim
988 4485 1109 4562 decimae
1130 4485 1267 4544 indictioni
1288 4486 1450 4560 respondero
1467 4485 1658 4560 comperimus.
1674 4483 1764 4555 Quum
1783 4490 1875 4544 umen
1896 4486 1947 4546 boc

530 4601 617 4658 anno,
638 4599 731 4643 menae
750 4581 899 4652 februario,
915 4581 987 4654 apud
1006 4579 1143 4639 &amam
1160 4581 1259 4640 morari
1281 4582 1426 4656 imperator
1444 4596 1496 4638 nou
1515 4582 1647 4659 potuerit,
1665 4581 1810 4654 qnamdam
1828 4587 1857 4644 in
1873 4591 1945 4644 uan-

529 4690 639 4758 eumpto
652 4681 777 4739 mendam
789 4679 928 4753 irrepsisse
938 4677 1081 4751 credimus,
1096 4678 1161 4736 dom
1175 4693 1224 4753 pro
1237 4679 1344 4737 nomine
1358 4677 1408 4736 loci
1420 4693 1488 4750 pene
1499 4678 1626 4755 incogniti
1638 4682 1782 4756 dominae,
1794 4679 1882 4740 scriba
1892 4677 1946 4738 lor·

530 4783 603 4840 sitan
615 4779 731 4838 Gouola
744 4776 796 4834 eub
806 4775 909 4834 canno
920 4773 1055 4834 babuerit.
