4384 6004
602 679 680 744 luat
1101 695 1318 760 lulbbulct
1337 697 1512 760 succum
1820 699 1905 784 [An.
1921 701 2006 766 1241.

597 829 776 894 mouentes
802 831 836 894 et
857 822 1029 900 hortantes
1047 837 1175 904 attente
1198 842 1371 926 quatenus
1394 833 1547 928 predicto
1567 856 1648 928 ruge
1670 835 1707 906 in
1732 857 1880 931 persona
1903 838 2007 932 patrie

596 953 792 1016 reverenter
809 960 965 1042 accepto,
978 953 1081 1044 juxta
1095 955 1353 1048 requisitionem
1364 955 1401 1029 et
1409 957 1662 1032 ordinationem
1673 981 1775 1032 suam
1795 961 1923 1054 paretis
1945 983 2007 1036 vor

596 1064 632 1137 iu
658 1067 844 1163 militibus,
876 1071 1057 1148 balistariis
1086 1087 1122 1150 at
1149 1087 1221 1151 toto
1249 1081 1429 1154 conamine
1454 1082 1581 1154 virium
1606 1081 1703 1176 quod
1731 1104 1795 1178 per
1823 1104 2006 1158 commune

594 1191 750 1284 potestis,
769 1192 815 1265 ad
837 1195 968 1269 ielioem
988 1199 1243 1293 expeditionem
1268 1213 1418 1276 nostram
1442 1205 1607 1279 Faventie
1628 1215 1786 1300 potenter
1809 1217 1844 1280 at
1861 1208 2005 1282 feliciter

594 1312 761 1388 advenire
779 1318 815 1388 iu
832 1318 991 1394 kalendis
1007 1323 1162 1416 proxima
1187 1327 1341 1398 venturis
1359 1328 1487 1400 mensis
1509 1329 1647 1424 aprilis,
1663 1339 1702 1402 ut
1729 1349 1791 1402 vus
1811 1332 2003 1404 cumomni

589 1437 806 1528 jocunditate
833 1443 986 1537 recipere
1011 1443 1221 1538 debeamus,
1248 1460 1283 1522 et
1313 1452 1403 1522 siem
1429 1461 1573 1524 conatus
1597 1461 1787 1526 vestrarum
1813 1453 1943 1526 virium
1966 1475 2003 1528 sc

592 1560 810 1636 laudabiliter
831 1568 1030 1662 exposuerit
1051 1590 1168 1644 coram
1189 1572 1307 1661 uobis,
1334 1585 1513 1648 teneamur
1533 1576 1640 1648 vestri
1664 1585 1775 1650 status
1799 1585 1835 1649 et
1854 1577 2001 1650 nominis

591 1684 708 1758 titulos
726 1688 903 1784 ampliare.

640 2241 750 2348 Otto,
769 2243 849 2326 dux
869 2241 1068 2349 bavariae,
1089 2241 1314 2352 Gregorium
1339 2267 1479 2352 papam
1504 2255 1636 2328 monet
1659 2270 1709 2328 ue
1725 2244 1905 2327 exandiat
1924 2245 1994 2326 lit-

583 2381 683 2456 teras
712 2400 809 2484 ques
837 2375 918 2483 ipse
947 2387 985 2458 et
1017 2401 1083 2458 rex
1113 2373 1317 2458 Bobemiae
1347 2400 1418 2484 pro
1448 2377 1653 2460 concordie
1686 2403 1777 2460 oum
1804 2376 1995 2460 Frideriuo

581 2507 749 2590 ineunda
767 2507 968 2616 scripsere,
988 2519 1026 2590 et
1043 2533 1121 2590 uua
1138 2533 1227 2590 cum
1245 2507 1401 2591 Alberto
1426 2507 1595 2594 bohemo
1618 2509 1867 2620 conqueritur
1891 2509 1996 2618 quod

580 2647 712 2726 contra
729 2641 925 2750 episcopos
940 2639 1121 2726 bavariae
1137 2665 1216 2726 non
1234 2639 1349 2724 inerit
1365 2665 1600 2750 processum.

661 2867 756 2946 (Edit.
777 2885 816 2928 ex
834 2867 970 2929 Amos.
986 2872 1128 2946 wccrpt„
1141 2884 1190 2944 ap.
1212 2865 1344 2946 OErnun,
1360 2867 1522 2948 smper,
1540 2885 1573 2946 p.
1593 2877 1665 2950 792,
1680 2875 1712 2931 et
1730 2887 1780 2949 ap.
1802 2871 1942 2950 nomn,
1962 2875 1993 2934 lu

698 2971 772 3035 eut
781 2971 831 3036 dar
844 2971 922 3036 liter.
945 2972 1061 3036 Vereins
1073 2989 1129 3034 ocu
1142 2973 1312 3054 stuttpart,
1326 2980 1352 3034 t.
1366 2973 1455 3048 XVI,
1470 2991 1503 3053 p.
1521 2975 1585 3054 26.)

625 3177 704 3249 Otto
722 3175 797 3248 dux
816 3171 1009 3272 [bavariae]
1025 3173 1193 3266 Gregorio
1211 3193 1336 3268 papae,
1353 3184 1420 3246 etc.
1441 3173 1478 3246 lu
1495 3176 1635 3269 negotio
1657 3174 1751 3268 quod
1775 3176 1879 3271 pauci
1901 3177 1993 3271 geri·

576 3321 654 3372 mus
668 3299 868 3389 vobiscum,
881 3297 917 3369 si
934 3297 1034 3372 aliter
1049 3297 1180 3372 dictum
1198 3298 1278 3393 ipsi,
1299 3319 1368 3370 uon
1386 3295 1493 3370 debet
1506 3298 1736 3390 commoveri,
1755 3309 1817 3371 aut
1832 3300 1862 3372 si
1883 3301 1991 3393 aliqui

576 3423 807 3495 inconstantes
824 3420 1019 3517 principes,
1043 3429 1185 3494 testatur
1208 3421 1244 3492 in
1269 3421 1446 3517 proposito
1463 3431 1631 3518 perpetuu
1655 3444 1857 3495 mansurum
1876 3445 1991 3518 usque

574 3545 620 3621 ad
635 3545 738 3621 finam
753 3545 896 3640 negotii.
915 3545 991 3618 ilex
1005 3545 1167 3618 Boemiae
1178 3545 1454 3638 consanguineus
1471 3567 1558 3617 suus
1575 3546 1605 3618 si
1627 3545 1805 3618 ulciscitur
1825 3547 1989 3638 iujuriam

574 3679 609 3744 et
630 3670 852 3764 ignominiam
868 3669 1000 3742 illatam
1021 3689 1043 3741 a
1061 3668 1151 3740 duce
1168 3667 1328 3741 Austriae
1344 3677 1379 3741 et
1396 3668 1593 3742 marchione
1608 3669 1772 3758 ldisuiae,
1792 3667 1880 3766 [uon
1900 3669 1987 3770 agit]

575 3801 692 3867 contra
710 3794 900 3886 negotium,
917 3790 981 3865 sed
997 3811 1059 3886 pro
1073 3811 1128 3862 eo.
1143 3791 1214 3864 Nec
1231 3801 1393 3864 moveant
1414 3813 1496 3863 eum
1509 3792 1642 3863 litterae
1660 3813 1750 3886 quas
1773 3793 1849 3887 ipse
1870 3803 1907 3864 et
1922 3815 1988 3866 rex

574 3919 700 3991 misere
711 3916 959 4013 proFrideriou
971 3915 1038 3987 sub
1050 3914 1266 4008 suiesigillis,
1279 3923 1430 4008 petentes
1441 3936 1506 4008 pro
1517 3915 1703 3988 concordia
1714 3923 1749 3987 et
1762 3935 1845 4008 pace
1858 3916 1984 4009 ipsius.

573 4045 665 4116 Licet
680 4043 772 4116 enim
790 4041 856 4138 ipsi
870 4041 999 4113 litteras
1011 4038 1222 4130 dederimus,
1239 4060 1309 4110 nou
1325 4048 1440 4112 tamen
1458 4039 1614 4112 utilitatis
1630 4048 1768 4110 nostrae
1780 4039 1844 4110 luit
1856 4051 1894 4110 ut
1909 4040 1986 4112 illas

572 4169 785 4244 exaudireris
801 4167 1005 4262 aliqualiter.
1025 4167 1157 4238 Mittere
1172 4185 1211 4238 sc
1224 4165 1272 4237 ait
1286 4165 1506 4238 Bertboldum
1525 4166 1742 4259 capellanum
1759 4187 1875 4237 suum.
1894 4168 1984 4238 llor-

572 4302 662 4366 tatur
673 4293 703 4364 si
718 4313 809 4386 quae
822 4291 944 4363 littaris
956 4289 1171 4361 mitterentur
1184 4288 1324 4361 nomine
1334 4309 1413 4378 suo,
1427 4309 1495 4360 uon
1510 4287 1630 4360 credat
1644 4288 1712 4358 nisi
1723 4288 1864 4382 siguum
1876 4311 1980 4361 suum

571 4417 663 4490 adsit
680 4435 758 4488 cora
774 4413 960 4486 rubricata.
978 4411 1124 4484 Nuntios
1138 4411 1273 4484 misisse
1293 4411 1341 4483 ait
1356 4421 1392 4483 et
1408 4409 1630 4501 mandatum3
1651 4409 1714 4484 sed
1717 4462 1792 4484 .....
1813 4412 1844 4483 si
1863 4421 1979 4487 contra

571 4541 751 4635 episcopos
766 4557 964 4631 processum
979 4535 1116 4624 luisset,
1134 4537 1311 4626 negotium
1323 4533 1426 4606 linem
1441 4533 1598 4626 haberat,
1613 4536 1696 4626 quia
1707 4546 1822 4607 tamen
1835 4535 1979 4609 consilia

570 4673 686 4736 nostra
702 4661 798 4756 apud
812 4680 875 4732 vos
889 4658 1001 4730 locum
1017 4678 1088 4730 nou
1105 4657 1252 4748 habunt,
1271 4658 1450 4752 negotium
1467 4657 1651 4753 protelatur
1668 4678 1741 4729 uou
1757 4657 1833 4729 sine
1848 4678 1977 4751 magno

571 4785 754 4882 dispendio
769 4793 804 4856 et
817 4782 964 4875 jactura.
