4384 6004
570 661 647 724 1092
1067 657 1282 720 Fllllllllllcl
1308 659 1480 721 sncottnt
1792 659 1872 738 [dn.
1892 609 1975 722 lttl.

567 795 726 891 expedit,
745 814 851 888 quam
870 801 909 863 ut
935 793 986 865 sic
1009 801 1222 886 tepescentes
1240 795 1344 867 iidem
1368 794 1441 866 suis
1463 793 1657 886 nostrisque
1680 793 1976 870 commoditatibus

566 917 830 1006 subtrahantur,
861 936 930 988 non
957 915 1034 986 sine
1062 917 1169 990 nostri
1195 919 1343 992 nominis
1370 917 1487 1012 aliquo
1517 917 1722 1009 imaginario
1751 917 1973 1006 detrimento,

566 1042 822 1136 depaupernnte
840 1037 988 1110 lortuna.
1004 1038 1054 1109 Ne
1077 1038 1181 1128 igitur
1202 1038 1395 1134 predictum
1411 1040 1607 1134 negocium,
1625 1039 1671 1112 ad
1687 1040 1782 1134 qnod
1797 1041 1977 1114 efficaciter

566 1161 821 1258 procurandum
850 1160 1027 1233 intendere
1055 1159 1237 1255 diligenter
1269 1172 1304 1235 et
1329 1162 1483 1236 studiose
1510 1165 1689 1254 volumus,
1712 1186 1757 1236 ex
1784 1166 1976 1260 aliquorum

566 1286 836 1360 necessariorum
854 1283 1009 1372 delectu,
1038 1284 1156 1379 inopia
1177 1286 1263 1359 lorte
1285 1286 1464 1359 bominum
1486 1295 1661 1382 prestante
1685 1289 1885 1374 materiam,
1904 1289 1976 1361 dis·

564 1409 693 1506 pendia
719 1407 895 1482 dilationis
917 1409 1089 1498 incurrat,
1116 1409 1162 1482 de
1189 1410 1294 1482 rebus
1316 1419 1431 1482 nostre
1454 1411 1549 1483 curie
1576 1433 1646 1505 que
1670 1420 1752 1483 sunt
1772 1433 1834 1506 per
1857 1433 1976 1484 manus

563 1543 712 1625 vestras,
738 1541 774 1605 et
792 1553 880 1626 quas
905 1530 1094 1604 eorundem
1117 1530 1271 1605 fidelium
1296 1542 1487 1605 nostrorum
1516 1533 1672 1606 subsidio
1696 1533 1741 1606 ad
1764 1534 1801 1606 id
1824 1533 1976 1607 videritis

563 1667 790 1754 opportunas,
811 1655 855 1728 de
871 1653 1106 1728 munificentie
1124 1665 1239 1728 nostre
1255 1657 1365 1749 gratia
1381 1677 1519 1750 perros
1535 1658 1745 1751 precipimus
1757 1657 1892 1750 aliquid
1908 1661 1977 1730 lar-

563 1781 742 1876 giendum.
758 1779 930 1852 Cautelnm
946 1787 1060 1850 tamen
1078 1777 1228 1850 debitam
1242 1801 1347 1874 super
1363 1779 1585 1853 iisadbibere
1600 1801 1663 1852 voe
1676 1781 1849 1865 volumus,
1864 1793 1976 1856 utros

563 1907 609 1980 ad
628 1925 790 1998 eosquos
807 1922 912 1997 super
925 1901 991 1972 boc
1005 1901 1191 1974 statueritis
1215 1902 1414 1995 diligentem
1436 1903 1591 1976 babeatis
1606 1913 1817 1998 respectum,
1838 1926 1884 1977 no
1899 1906 1976 1979 odio

563 2031 620 2102 vel
635 2029 756 2124 pretio,
776 2027 831 2098 vel
847 2046 976 2108 amore,
993 2035 1053 2098 aut
1070 2026 1288 2098 extrinsecus
1301 2025 1377 2098 allis
1390 2028 1477 2099 lorte
1491 2027 1720 2118 flectentibus,
1737 2028 1773 2112 in
1789 2027 1856 2100 boc
1868 2031 1976 2119 magis

563 2153 772 2226 collaterales
790 2149 981 2221 autminus
1003 2149 1210 2234 exhibeant,
1229 2151 1285 2222 vel
1308 2151 1344 2220 in
1372 2151 1576 2222 ascribendo
1593 2151 1716 2223 minori
1735 2151 1890 2246 pondere
1916 2175 1976 2226 seu

563 2276 683 2368 maiori
706 2297 751 2348 ex
771 2273 979 2367 importabili
1003 2271 1121 2345 debito
1139 2273 1285 2345 actionis
1311 2274 1414 2346 nimis
1437 2273 1684 2348 rationabiliter
1707 2275 1839 2370 possint
1859 2277 1974 2369 queri3

563 2400 681 2472 scituri
706 2396 850 2492 quodsi
875 2397 1003 2468 clamor
1019 2397 1135 2488 justus
1160 2397 1286 2490 aliquis
1309 2395 1356 2469 ad
1382 2397 1594 2470 audientiam
1621 2406 1770 2470 nostram
1795 2409 1977 2494 propterea

563 2524 754 2610 deleratur,
774 2520 810 2593 id
830 2520 1004 2614 siquidem
1024 2519 1059 2590 in
1084 2527 1189 2614 caput
1209 2529 1363 2592 vestrum
1388 2529 1504 2592 nostra
1520 2520 1659 2613 juberet
1682 2523 1848 2594 serenitas
1872 2533 1977 2595 retor-

562 2646 753 2742 quendum.
772 2644 857 2716 Cum
874 2643 917 2714 iis
930 2663 1031 2730 vero,
1052 2662 1140 2735 quos
1158 2663 1261 2736 super
1281 2643 1346 2715 boc
1366 2643 1504 2716 vasellis
1524 2644 1609 2738 ipsis
1629 2642 1800 2716 duxeritis
1821 2655 1974 2718 statuen-

564 2769 640 2860 dos,
657 2768 816 2840 ordinare
834 2764 961 2837 curetis
979 2773 1030 2852 ut,
1052 2764 1084 2834 si
1102 2765 1236 2857 aliquos
1260 2763 1305 2838 de
1327 2763 1526 2838 infidelibus
1542 2765 1627 2860 ipsis
1645 2767 1722 2860 capi
1737 2787 1816 2838 cum
1839 2769 1977 2840 vasellis

563 2893 694 2966 eisdem
709 2893 846 2964 lortuna
864 2889 1002 2960 lavente
1020 2888 1219 2980 contigerit,
1241 2886 1287 2958 ad
1303 2907 1392 2981 opus
1415 2888 1511 2960 curie
1530 2897 1644 2958 nostre
1664 2887 1813 2960 debeant
1830 2911 1975 2962 conser-

563 3017 638 3087 vari
661 3039 668 3082 :
688 3013 880 3087 ordinaturi
906 3010 1131 3082 nihilominus
1151 3020 1190 3080 ut
1212 3010 1339 3082 vasella
1356 3032 1425 3104 que
1445 3020 1583 3106 propter
1598 3011 1663 3098 boc
1681 3012 1732 3082 sic
1751 3021 1882 3083 armata
1904 3015 1974 3087 lue·

562 3141 650 3224 rint,
673 3150 710 3208 ut
732 3111 958 3221 mandamus,
979 3133 1109 3204 nullam
1126 3153 1258 3205 moram
1273 3142 1333 3204 aut
1348 3133 1569 3206 residentiam
1583 3134 1619 3203 in
1641 3134 1811 3226 portubus
1828 3135 1971 3224 faciant,

566 3261 627 3332 sed
645 3261 691 3332 ad
715 3259 931 3332 securitatem
954 3266 1148 3328 nostrorum
1174 3255 1329 3328 fidelium
1352 3265 1386 3328 et
1407 3257 1586 3329 rebellium
1608 3258 1794 3350 piratarum
1809 3257 1973 3330 offensam

563 3385 759 3478 frequenter
778 3381 1010 3472 continueque
1029 3379 1234 3451 discurrant.

380 3871 389 3923 r
498 3883 511 3912 ο
613 3833 845 3940 Fridericus‚
875 3833 1136 3914 Romanorum
1169 3828 1395 3938 imperator,
1423 3823 1553 3908 scribit
1584 3825 1849 3908 communitati
1876 3824 1904 3906 F
1905 3825 1971 3907 lo-

416 3935 487 3967 ’Μ
561 3969 705 4051 rentiae
723 3993 763 4050 se
785 3967 825 4046 in
848 3964 1045 4048 obsidione
1065 3960 1264 4043 Fauentiae
1290 3959 1522 4040 hiemantem
1549 3983 1619 4039 nec
1647 3967 1736 4039 ante
1761 3957 1973 4066 captionem

561 4099 677 4210 hujus
695 4099 966 4200 discessurum,
987 4094 1136 4175 mittere
1153 4093 1202 4174 ad
1221 4101 1347 4201 partes
1365 4090 1451 4172 illas
1469 4089 1672 4173 Henricum
1691 4089 1814 4172 filium
1833 4113 1970 4194 suum,

562 4236 611 4317 od
638 4231 748 4342 cujus
771 4229 1049 4314 ordinationem
1075 4225 1203 4307 uenire
1223 4224 1386 4306 debcant
1413 4224 1453 4303 in
1481 4233 1605 4305 castra
1633 4248 1723 4304 cum
1749 4233 1829 4306 tota
1855 4246 1971 4330 quam

561 4365 752 4473 potuerint
769 4361 904 4442 militia
921 4357 1094 4440 kalendis
1112 4355 1251 4438 futuris
1270 4355 1415 4464 aprilis.

643 4551 775 4632 (ltdlder.
799 4551 948 4612 blenarus
967 4553 998 4608 ct
1013 4546 1155 4615 Dumna,
1170 4539 1307 4622 Amplior.
1329 4539 1451 4621 collect,
1465 4548 1490 4602 t.
1506 4543 1546 4620 11,
1561 4539 1619 4602 col.
1645 4548 1836 4620 1148-1149,
1855 4549 1890 4600 n⁰
1905 4541 1968 4604 XV.

679 4692 719 4702 -
735 4656 900 4718 Correctlus
914 4668 985 4714 vero
1001 4669 1039 4712 ex
1056 4649 1180 4712 codicib.
1196 4649 1271 4709 Btbl.
1289 4650 1386 4710 Cesar.
1403 4648 1513 4726 Paris,
1521 4643 1612 4728 sanda
1627 4645 1967 4710 Saea-Germanar-

680 4761 739 4842 tap,
758 4771 827 4838 aaa,
843 4779 873 4838 p.
889 4777 925 4834 n,
946 4768 981 4818 ιιο
993 4766 1042 4832 ae,
1058 4763 1089 4817 ct
1101 4773 1166 4816 acc.
1174 4752 1267 4835 fonds
1280 4753 1370 4830 otta,
1386 4752 1491 4832 rora.)
