4468 6010
268 709 364 770 inter.
383 704 444 790 le]
716 705 913 768 HISTORIA
936 705 1231 771 ututotrt'rlcs.
1621 707 1680 772 'lte

314 839 457 936 Scripsit
477 840 682 912 Laurentius
710 838 751 912 dc
773 839 929 914 mundate
950 839 1122 937 imperiali
1144 845 1235 935 [ceto
1255 862 1318 937 per
1342 842 1542 935 mapidrrrrrr
1567 843 1610 914 ll.
1640 843 1681 914 dc

269 963 550 1037 mnnita.-
1004 995 1008 1003 ·
1268 991 1274 1015 ¹
1418 977 1423 992 '

316 1086 534 1176 fredericus,
554 1093 637 1177 ete,
658 1085 778 1179 llajnri
802 1085 849 1160 de
864 1085 1073 1160 Plancatene
1087 1092 1232 1180 secreto,
1245 1089 1314 1159 etc.
1333 1085 1570 1160 Intelleximus
1585 1085 1681 1182 quod

270 1233 316 1284 ex
328 1231 371 1284 en
382 1209 478 1306 quod
489 1208 662 1284 Iohannes
675 1211 809 1284 Brunca
824 1211 987 1302 magister
1000 1210 1199 1284 machezeni
1212 1211 1318 1283 nestri
1331 1211 1487 1284 llessane
1500 1220 1683 1284 consuetas

270 1343 304 1408 et
321 1342 466 1408 statutas
486 1354 662 1430 expensas
678 1353 741 1430 pro
761 1353 799 1406 se
819 1343 854 1406 et
877 1333 953 1406 aliis
970 1334 1125 1429 personis
1147 1334 1192 1407 ad
1213 1333 1371 1428 ejusdcm
1389 1333 1587 1406 machareni
1608 1334 1683 1407 offi-

269 1459 361 1530 cinm
379 1455 554 1554 deputatis
565 1466 601 1530 et
618 1455 741 1530 eodem
755 1476 859 1552 opere
877 1479 946 1531 non
962 1457 1152 1554 perceperit
1167 1479 1229 1553 per
1241 1477 1367 1530 manns
1380 1466 1475 1549 tuas,
1492 1457 1583 1530 sicut
1600 1455 1682 1530 hac·

268 1589 369 1654 tenus
401 1579 557 1676 recipere
588 1579 786 1671 consuevit,
819 1579 855 1651 in
881 1601 986 1677 opere
1011 1581 1087 1676 ipsc
1113 1602 1183 1654 uon
1215 1580 1327 1654 extitit
1355 1579 1564 1652 laboratum.
1595 1581 1682 1653 Cum

269 1703 374 1795 igitur
391 1704 497 1800 paulo
518 1713 599 1777 ante
618 1703 837 1776 statuerimus
854 1711 888 1777 et
912 1703 975 1776 tibi
993 1703 1187 1776 miserimus
1211 1704 1347 1776 lieterae
1368 1702 1533 1798 speciales
1556 1701 1601 1776 de
1624 1724 1685 1798 pe-

270 1826 486 1930 cuniaycurie
504 1834 619 1900 nostre
636 1847 697 1920 per
713 1847 839 1898 manns
858 1835 935 1900 tuas
959 1848 1022 1923 pro
1043 1827 1167 1900 nostris
1184 1825 1332 1900 servitiis
1353 1825 1603 1922 expendenda,
1624 1825 1683 1899 lir-

270 1951 371 2024 miter
384 1949 595 2023 mundamus
613 1958 786 2044 qnatenus
808 1947 922 2022 eidem
942 1950 1105 2044 magistre
1122 1971 1185 2046 pro
1201 1971 1250 2036 se,
1267 1950 1422 2044 personis
1438 1947 1515 2023 allis
1531 1949 1579 2023 ud
1594 1972 1683 2046 opus

271 2075 383 2170 ipsum
399 2074 537 2146 statutis
553 2093 619 2146 nec
638 2095 708 2146 nnn
724 2081 759 2145 et
774 2072 850 2168 ipso
866 2094 970 2169 opere
984 2071 1025 2145 de
1039 2081 1154 2145 cetero
1167 2094 1339 2168 expensas
1356 2073 1472 2148 solitas
1486 2082 1521 2146 et
1538 2081 1684 2146 statutas

272 2219 356 2292 ques
375 2198 481 2272 etiam
501 2198 602 2271 utiles
623 2207 657 2270 et
673 2196 883 2270 necessarias
900 2195 1047 2289 videris,
1063 2195 1108 2268 de
1125 2197 1274 2292 pecnnia
1288 2195 1384 2269 curie
1408 2205 1523 2270 nostre
1540 2219 1609 2292 qne
1632 2207 1684 2270 est

273 2340 331 2416 per
344 2343 469 2394 manns
491 2330 568 2394 tuas
588 2318 718 2394 debeas
734 2318 902 2394 exhibere
926 2329 966 2392 ut
987 2319 1165 2394 incudem
1190 2339 1293 2417 opere
1315 2321 1525 2395 sufficienter
1543 2329 1578 2393 et
1600 2341 1683 2394 con·

274 2445 366 2518 tinne
383 2444 573 2518 laboretur.
789 2524 793 2536 ,

318 2569 446 2642 Datum
466 2567 640 2664 Fulginei,
659 2567 734 2641 vlll
751 2566 927 2652 februarii,
945 2566 1022 2640 lllll
1038 2565 1250 2640 indictionis.

324 3161 547 3248 Mandatum
576 3162 626 3246 ed
653 3161 937 3270 Alexandrum,
965 3159 1089 3244 filium
1114 3159 1285 3270 Henrici,
1312 3162 1361 3245 de
1386 3162 1474 3246 navi
1496 3190 1575 3248 nnn
1597 3165 1686 3249 fru-
1786 3208 1800 3251 ι

272 3303 401 3378 mente
418 3303 574 3378 onerata
588 3294 637 3378 ed
653 3292 878 3378 Riccandum
903 3291 1160 3402 Filangerinm
1180 3295 1289 3405 regni
1307 3294 1514 3380 Jerusalem
1537 3296 1685 3383 balium

272 3429 375 3538 apnd
400 3429 546 3540 Tyrum
561 3428 854 3512 transmittenda
870 3453 941 3538 pro
958 3427 1171 3514 munitione
1187 3429 1302 3514 castri
1321 3429 1410 3540 Tyri
1432 3440 1470 3514 et
1488 3433 1685 3542 stipendiis

158 3609 165 3622 ·
271 3561 440 3646 militum
457 3559 599 3646 ibidem
617 3559 876 3646 servientium.

352 3761 483 3844 (Rupere.
496 3761 600 3844 imper.
612 3759 731 3824 Γηὼν.
745 3763 784 3835 11,
796 3759 849 3824 fol.
865 3768 904 3823 69
917 3765 1019 3858 rectnp
1028 3761 1061 3821 ln
1073 3759 1146 3821 edlt.
1161 3758 1300 3841 Curcum,
1310 3777 1341 3838 p.
1359 3761 1442 3841 tlt.)

319 3937 367 4006 Dc
383 3934 540 4008 mnndctc
550 3935 720 4030 imperiali
730 3936 818 4028 [ceto
828 3955 891 4030 prr
905 3935 1099 4028 mupdtrum
1114 3932 1314 4006 llicccrdum
1328 3933 1368 4006 de
1387 3937 1536 4031 Trcjcctc
1550 3942 1684 4036 scripsit

271 4054 438 4130 lohannes
455 4057 496 4129 de
510 4057 667 4132 larona.-

318 4178 541 4270 Frededcns,
563 4191 646 4270 etc,
665 4178 865 4253 Alexandro
883 4177 955 4251 filio
977 4177 1133 4269 Raurici,
1156 4177 1333 4263 eruenta
1360 4193 1475 4256 nostre
1498 4186 1684 4260 voluntatis

269 4311 325 4374 est
339 4313 379 4374 nt
394 4302 441 4376 ad
454 4323 596 4398 presens
614 4304 715 4377 navis
733 4324 805 4376 nna
822 4311 963 4376 onerata
980 4303 1154 4374 frumento
1168 4301 1262 4397 epud
1276 4303 1405 4398 Tyrum
1419 4307 1466 4380 ad
1479 4307 1684 4383 Riccardum

271 4425 504 4521 Filaugerinm
522 4428 612 4502 sacri
633 4427 769 4522 imperii
791 4427 829 4498 iu
845 4427 999 4522 partibus
1021 4427 1257 4498 transmarinis
1279 4428 1450 4522 legatum,
1471 4434 1570 4526 regui
1590 4434 1686 4507 lern-
1742 4467 1744 4469 ·

273 4549 379 4622 salem
407 4549 557 4643 balium,
582 4551 829 4624 marescalcum
858 4559 892 4622 et
909 4549 1045 4623 fidelem
1069 4563 1244 4644 nostrum,
1265 4531 1462 4626 micteretur
1486 4576 1547 4650 pro
1570 4558 1685 4628 muni·

274 4671 367 4744 tione
390 4673 493 4744 castri
516 4675 623 4746 nostri
641 4675 722 4770 Tyri
747 4682 782 4745 et
803 4671 984 4767 stipendiis
1006 4671 1152 4743 militum
1177 4673 1237 4766 qni
1256 4664 1336 4746 cum
1359 4659 1482 4750 eodem
1495 4679 1541 4750 .in
1570 4663 1686 4753 nostro

274 4795 415 4868 servitio
431 4805 622 4890 morantur,
642 4795 797 4870 fidelitati
816 4805 875 4869 tue
893 4794 1118 4892 precipiendo
1132 4794 1339 4870 mandamns
1356 4809 1528 4894 quatenns
1544 4802 1589 4876 de
1609 4804 1685 4874 lrn·
