4564 6038
427 835 1020 1044 CONRllDl
1090 842 1589 1070 QUARTI

695 1215 735 1271 ΙΝ
757 1214 1006 1272 aestuosus
1027 1216 1159 1273 REGEH
1182 1217 1318 1275 sessu!

550 1473 905 1581 HISTORIA
954 1475 1459 1584 DlPLOMATlCA.

692 2165 803 2228 ANNO
830 2165 929 2228 1237.
945 2199 987 2215 -
1006 2167 1247 2229 lNDIGTlONll
1271 2169 1323 2233 11.

786 2517 1229 2552 ψ

356 2913 612 3022 Comedus,
601 2939 642 2996 ru
666 2915 927 2999 Romanorum
955 2941 1084 3026 regem
1106 2915 1268 3023 elesino,
1293 2914 1452 3000 sculteto
1476 2916 1530 2999 de
1555 2915 1712 3003 Rotweil
1742 2941 1849 3049 1118ιι»
1836 2941 1917 3046 'sm

301 3048 459 3144 mandat
485 3057 529 3130 ut
554 3057 782 3131 conventum
809 3048 857 3132 de
881 3047 1175 3134 Rotenmunster
1198 3047 1409 3157 specialiter
1431 3059 1651 3160 promoveat
1677 3059 1795 3135 et
1744 3051 1809 3094 ²⁸⁰
1810 3049 1916 3094 m·

302 3179 493 3263 defendat.

381 3391 503 3475 (uiue
512 3411 551 3456 ex
564 3395 692 3458 uersu.
704 3396 859 3458 eroum
872 3394 965 3458 noenu
974 3395 1046 3458 xvr
1059 3373 1192 3459 monae
1205 3399 1447 3474 romanoe,
1457 3397 1510 3460 ror.
1526 3406 1577 3478 so,
1586 3404 1617 3462 o
1628 3399 1715 3462 nous

419 3501 459 3564 ab
472 3504 589 3581 egregio
602 3505 667 3564 vtro
682 3503 824 3564 Kauslero
838 3502 1113 3581 communicatum.)

350 3684 532 3760 Cuuradus
546 3687 621 3760 divi
640 3687 779 3782 augusti
796 3688 1010 3782 imperatoris
1028 3684 1192 3761 Fridsrici
1211 3685 1321 3780 lilius,
1337 3687 1402 3760 Dei
1418 3689 1528 3782 gratia
1546 3690 1717 3766 Romano·

301 3811 445 3882 rum'iu
469 3831 588 3904 regem
615 3811 745 3884 electus
774 3831 911 3907 semper
933 3820 1102 3906 augustus
1126 3820 1161 3884 et
1190 3811 1289 3884 heres
1316 3813 1414 3905 regui
1435 3813 1713 3906 lerosolimitani,

300 3933 358 4006 W.
372 3936 515 4008 sculteto
533 3933 579 4008 de
591 3936 766 4032 liotwylre
777 3935 922 4029 gratiam
935 3957 1035 4007 suam
1049 3945 1083 4008 st
1095 3955 1199 4008 omne
1212 3935 1357 4009 bonum.
1372 3935 1456 4008 Cum
1473 3957 1537 4009 nos
1552 3960 1716 4032 personas

301 4057 481 4152 religiosas
496 4061 654 4156 ampliori
676 4062 795 4134 favore
814 4069 849 4132 et
864 4061 974 4153 gratia
996 4059 1114 4132 fovere
1130 4059 1301 4152 velimus,
1325 4059 1531 4134 mandamus
1548 4062 1611 4134 tibi
1629 4085 1717 4158 qua-

300 4189 402 4254 tenus
420 4180 579 4255 dominas
595 4183 773 4277 religiosas
790 4181 835 4256 de
851 4183 1116 4256 Roteumuuster
1130 4182 1322 4276 specialiter
1337 4204 1541 4276 promoveas
1559 4192 1593 4256 et
1608 4206 1717 4278 quau·

300 4313 376 4376 tum
392 4314 493 4401 potes
517 4306 563 4379 ab
582 4308 676 4378 omni
698 4306 825 4399 injuria
847 4315 882 4378 et
905 4306 1062 4379 molestia
1082 4305 1266 4397 delendas,
1287 4305 1350 4380 sed
1372 4316 1408 4379 et
1429 4307 1466 4378 in
1493 4307 1655 4380 omnibus
1679 4309 1715 4380 in

302 4428 430 4522 quibus
452 4431 498 4504 ad
521 4440 557 4504 to
571 4451 750 4502 recursum
770 4429 974 4517 habuerint,
995 4429 1111 4502 foveas
1139 4429 1280 4503 easdem
1305 4429 1447 4502 oonsilio
1474 4439 1509 4502 et
1528 4432 1717 4526 patrocinio

303 4551 483 4646 singulari.

350 4675 476 4750 Datum
491 4697 583 4750 anuo
592 4676 729 4750 Domini
745 4677 794 4750 Μ.
805 4675 870 4748 CC.
884 4675 1054 4768 XXXVII,
1070 4674 1215 4748 sabbato
1229 4683 1311 4750 ante
1325 4674 1451 4749 festum
1462 4673 1611 4774 Audree,
1622 4679 1718 4774 apud

302 4797 565 4892 Hageuawiam.
