4524 6012
278 665 372 724 inuam
392 659 452 742 l³.]
724 659 920 722 HISTORIA
945 661 1236 722 ntrtottAtha
1624 665 1685 728 699

277 819 350 901 que
366 817 464 903 quaa
483 789 645 872 ilenrico
662 789 744 898 regi
758 789 938 874 Turrium
951 801 989 876 et
1000 783 1177 876 Gallnrae
1194 801 1476 899 mutuaverunt,
1492 795 1531 876 iu
1546 795 1683 902 proxi-

278 924 349 1006 mis
366 921 541 1006 kalemie
559 921 690 1030 aprilis
708 947 776 1029 per
794 921 1055 1007 Alexandrum
1070 923 1196 1006 filium
1214 925 1363 1008 Heurioi
1380 924 1609 1036 quietantur.

356 1121 486 1204 (deceat.
500 1123 603 1200 imper.
617 1119 736 1182 reem.
751 1121 791 1201 11,
807 1121 860 1183 iol.
876 1131 914 1183 60
926 1129 1020 1198 recto;
1037 1127 1069 1184 ln
1082 1125 1153 1186 edlt.
1172 1125 1307 1199 Gerena..
1323 1143 1353 1202 p.
1371 1125 1453 1204 tte.)

322 1290 504 1372 Mmtdootc
520 1291 651 1363 mico
663 1291 857 1384 imperatore
866 1313 931 1384 per
946 1293 1110 1366 moram
1120 1295 1318 1366 llicoordom
1329 1295 1369 1366 de
1391 1295 1539 1385 Trojocto
1552 1297 1685 1389 scripsit

213 1411 215 1416 ’
276 1417 430 1510 liopeaa'ats
446 1417 487 1488 de
504 1416 641 1488 &maa
652 1427 803 1510 potorum
825 1416 981 1490 lictaros:

323 1539 538 1627 Fredericna‚
560 1549 625 1612 ete.
646 1541 771 1614 Notum
792 1539 938 1614 iacimus
954 1540 1125 1613 universis
1142 1539 1238 1634 quod
1255 1541 1411 1612 Bartolus
1432 1539 1566 1614 dlloma
1588 1565 1686 1618 mer-

280 1673 367 1736 cator
377 1663 540 1738 Senensis
555 1672 589 1734 ot
603 1663 774 1736 Mattheus
786 1663 923 1736 Brunns
937 1663 1051 1737 socius
1065 1663 1155 1754 ejas,
1170 1662 1289 1736 fideles
1303 1665 1423 1751 nostri,
1443 1674 1687 1738 mutuaverunt

280 1787 586 1876 etassiguarernut
603 1786 749 1859 ilenrico
767 1785 890 1860 illustri
909 1787 983 1879 regi
1007 1786 1163 1858 Turrium
1191 1795 1225 1858 et
1249 1785 1385 1858 Gallure
1409 1796 1443 1858 et
1468 1789 1571 1860 totius
1591 1789 1686 1862 ltalie

279 1909 357 1984 sacri
384 1911 519 2006 imperii
546 1913 660 2004 legato
675 1911 801 1984 dilecto
819 1908 889 1982 filio
906 1921 1022 1984 nostro
1048 1909 1210 1982 existenti
1236 1909 1271 1980 iu
1296 1911 1447 1984 marchia
1473 1911 1684 1986 Anconitaua

279 2055 334 2128 pro
348 2034 499 2107 servitiis
511 2035 646 2124 nostris,
663 2033 708 2106 de
719 2033 921 2106 Venetianis
935 2032 1075 2127 grossis,
1092 2032 1290 2124 steriliugie,
1307 2033 1493 2123 miliarisia,
1505 2035 1686 2110 Turonen-

279 2158 370 2230 sibus
394 2167 429 2232 et
456 2159 532 2232 aliis
554 2157 701 2232 monetis
727 2158 897 2251 argenteis
922 2156 1128 2253 computatis
1157 2179 1218 2252 per
1246 2156 1453 2230 venetianus
1476 2179 1612 2250 grossos
1640 2161 1685 2232 de

279 2281 468 2356 Venetianis
496 2263 622 2376 grossis
647 2281 684 2354 in
712 2303 856 2354 numero
879 2281 986 2352 libras
1010 2279 1177 2355 ducentas
1204 2279 1341 2374 triginta
1365 2301 1471 2352 uuam
1497 2289 1532 2352 et
1556 2281 1687 2354 solidos

277 2405 427 2499 quinque
444 2426 505 2500 pru
522 2405 636 2476 unciis
649 2405 832 2498 nongentis
852 2403 1149 2497 vigintiquinque
1171 2401 1217 2475 ad
1238 2403 1396 2493 generale
1415 2403 1552 2496 pondus
1571 2406 1683 2498 regui,

278 2527 318 2601 ad
337 2529 507 2600 rationem
535 2528 695 2602 videlicet
720 2527 766 2600 de
788 2526 907 2599 solidis
932 2527 1088 2620 quinque
1111 2526 1376 2600 Venetianorum
1404 2549 1599 2618 grossorum
1624 2549 1686 2622 per

278 2653 424 2742 nuciam,
446 2651 635 2746 dequibus
650 2651 762 2722 unciis
780 2650 1001 2746 promisimus
1019 2659 1053 2722 et
1067 2650 1292 2722 convenimus
1311 2649 1344 2720 ei
1363 2650 1458 2743 qnod
1473 2649 1682 2742 Alexander,

278 2773 365 2847 filius
380 2776 536 2866 ilenrici,
556 2776 601 2847 de
619 2775 766 2870 pecunia
782 2774 877 2846 curie
899 2782 1015 2846 nostre
1030 2795 1099 2868 qne
1121 2781 1174 2845 est
1197 2795 1257 2868 per
1281 2794 1406 2844 manus
1430 2796 1528 2862 snas,
1551 2776 1585 2847 in
1616 2777 1686 2848 lra-

279 2899 387 2971 lendis
398 2900 517 2994 aprilis
529 2899 688 2995 proximo
697 2899 835 2972 venturi
844 2898 950 2990 hujus
962 2896 1199 2970 terciodecimo
1209 2896 1405 2968 indictionis
1417 2897 1586 2990 predictos
1600 2921 1686 2970 mer·

279 3031 405 3095 catores
424 3023 479 3095 vel
496 3023 641 3094 alterum
659 3044 779 3095 eornm
796 3022 872 3094 sive
888 3029 1019 3093 certum
1037 3020 1204 3092 nuncium
1218 3021 1274 3091 vel
1293 3029 1546 3114 procuratorem
1565 3041 1684 3092 coram

277 3145 311 3215 in
333 3145 459 3240 Apulia
483 3167 547 3240 pro
563 3155 659 3240 parte
677 3147 772 3219 ouria
788 3146 923 3238 integre
942 3143 1065 3217 debeat
1082 3143 1247 3236 quietare.
1268 3142 1303 3214 Si
1324 3162 1407 3214 vero
1428 3140 1523 3235 qnod
1546 3143 1686 3216 omuino

276 3270 447 3360 uolumus,
467 3269 621 3364 predicta
639 3269 818 3343 solutionis
833 3269 1002 3342 terminas
1018 3269 1133 3360 aliquo
1147 3287 1230 3338 casu
1244 3266 1480 3360 pertransiret,
1501 3265 1627 3338 deiude
1649 3266 1686 3338 in

277 3403 375 3466 autea
390 3393 559 3487 quamdiu
584 3395 709 3466 solutio
730 3393 938 3480 differretur,
956 3393 1001 3464 de
1026 3391 1171 3484 singulis
1196 3399 1333 3481 contum
1349 3389 1461 3460 unciis
1478 3400 1546 3462 tres
1565 3391 1686 3462 uncias

278 3517 348 3588 auri
374 3516 421 3589 ad
447 3518 607 3611 generale
630 3517 768 3612 pondus
792 3518 890 3612 regui
915 3537 976 3612 per
1000 3535 1151 3588 mensem
1175 3511 1349 3607 predictus
1370 3511 1571 3585 Alexander
1596 3511 1686 3586 filius

277 3639 412 3712 Raurici
436 3639 481 3712 de
508 3641 630 3715 eadem
658 3641 807 3736 pecunia
830 3641 926 3712 ouria
948 3647 1065 3711 nostre
1091 3658 1154 3731 pro
1180 3635 1340 3732 dampnis
1370 3647 1402 3708 at
1429 3636 1593 3708 iuteresse
1616 3637 1685 3708 sol·

277 3783 357 3836 rere
370 3771 507 3834 tenetur
523 3772 557 3836 et
575 3763 690 3856 debet,
711 3773 746 3844 et
762 3763 1007 3835 nichilominus
1020 3763 1151 3856 integre
1168 3771 1298 3833 etcum
1317 3761 1411 3834 omui
1426 3762 1596 3834 celeritate
1613 3763 1686 3835 sol-

277 3905 354 3960 vere
370 3885 492 3958 uncias
509 3885 739 3981 supradictas.
759 3885 814 3958 dd
832 3887 933 3978 enjus
948 3887 996 3958 rei
1014 3885 1233 3973 memoriam,
1252 3891 1318 3956 etc.

324 4009 448 4080 Datum
475 4009 616 4100 Gualdi,
646 4005 755 4106 [anuo
781 4008 953 4081 dominice
978 4008 1219 4080 incarnationis
1244 4006 1424 4080 millesimo
1449 4006 1686 4081 ducentesimo

280 4130 446 4226 trioeaimo
462 4127 595 4227 nono],
616 4131 787 4204 tricesimo
804 4129 862 4204 die
879 4129 1049 4224 januarii,
1068 4128 1149 4202 Xlll
1166 4127 1375 4200 indictionis.

323 4253 407 4324 itero
418 4275 482 4346 per
497 4253 648 4328 cumdm
665 4254 829 4326 amanam
845 4253 885 4323 do
901 4253 1067 4346 sammai
1082 4249 1241 4322 moodoto
1258 4251 1419 4342 emptum
1432 4259 1503 4320 eat:

324 4375 527 4467 llidericus,
542 4385 625 4468 ete,
636 4377 851 4468 Alexandro,
866 4375 936 4449 filio
949 4375 1098 4462 Raurici,
1112 4383 1178 4448 otc.
1193 4375 1235 4444 lo
1252 4373 1364 4444 eodem
1377 4375 1485 4464 [mmo
1495 4393 1560 4466 por
1574 4374 1685 4444 mania

279 4519 376 4592 sopra
387 4501 434 4571 od
444 4501 565 4572 uncias
576 4500 803 4596 supradictas.
820 4500 979 4592 Sequitur
992 4498 1031 4570 de
1044 4498 1162 4570 endem
1176 4497 1299 4570 imario
1311 4524 1321 4567 :
1334 4497 1447 4582 Quare
1459 4494 1612 4568 fidelitati
1627 4505 1686 4568 tue

279 4622 498 4718 precipiendo
511 4620 719 4696 mandamus
731 4631 901 4717 quaterna
914 4621 1123 4695 adveniente
1140 4619 1284 4691 termino
1299 4617 1497 4710 supradicto
1514 4617 1685 4712 predictas

279 4753 466 4838 nongentas
486 4746 611 4840 viginti
631 4745 927 4848 quinquenarius
954 4745 1029 4818 auri
1055 4744 1101 4817 ad
1120 4741 1251 4816 dictum
1277 4741 1414 4836 pondus
1440 4740 1685 4813 mercatoribus
