4468 6010
239 679 417 762 ‘irnrcr.13.]
694 679 889 742 nls'rourn
910 677 1198 740 proconsules.
1592 675 1652 736 807

240 817 371 890 mensis
387 814 535 889 octobris
553 814 603 910 (i)
622 815 709 888 facte
733 816 893 906 inissent,
920 837 978 890 eas
1003 826 1120 890 temen
1141 811 1482 888 vicesimosecundo
1503 809 1652 905 proximi
1686 787 1690 796 ¹

241 941 393 1036 preteriti
415 939 705 1030 mensisjanuarii
719 961 918 1036 receperas,
937 951 1076 1036 propter
1098 938 1195 1033 quod
1211 938 1351 1033 petebas
1364 935 1460 1032 apud
1478 936 1656 1008 excellen-

243 1065 325 1134 tiam
342 1073 496 1136 nostram
513 1063 557 1135 de
574 1064 673 1156 lapsu
691 1065 853 1157 temporis
871 1065 1049 1152 excusari3
1076 1061 1271 1135 eelsitudini
1288 1067 1404 1137 n'ostre
1420 1067 1543 1154 greum
1559 1055 1657 1152 qnod

244 1185 289 1258 ad
307 1196 340 1259 te
355 1188 474 1260 lictore
488 1188 562 1280 ipse
579 1208 649 1259 non
668 1198 898 1282 pervenerunt
913 1209 992 1260 cum
1015 1187 1215 1282 pervenisse
1232 1185 1424 1281 potuerint,
1441 1193 1477 1257 et
1497 1185 1578 1256 licet
1594 1203 1657 1278 per

246 1323 278 1384 te
290 1331 363 1384 non
384 1311 515 1383 steterit
532 1311 617 1404 quin
633 1311 708 1404 ipse
726 1311 790 1382 tibi
808 1312 954 1384 inissent
974 1311 1076 1383 citius
1092 1311 1282 1403 assignate,
1305 1308 1464 1380 volumus
1487 1317 1602 1382 tamen
1623 1315 1658 1378 et

247 1435 456 1508 mandamus
474 1444 513 1508 ut
530 1433 672 1508 sollicite
695 1435 849 1528 inquiras
874 1436 919 1508 dc
941 1437 1102 1509 omnibus
1124 1435 1316 1508 rationibus
1334 1432 1458 1506 nostris
1478 1453 1548 1526 que
1570 1432 1659 1504 inira

249 1558 335 1633 illud
350 1567 489 1654 tempus
506 1557 552 1630 ed
565 1567 714 1630 nostram
736 1559 931 1632 debuerunt
943 1561 1000 1632 vel
1018 1567 1202 1660 potuerunt
1218 1559 1349 1631 curiam
1365 1555 1561 1652 pervenire;
1583 1565 1660 1628 stu-

251 1682 346 1756 diose
363 1703 552 1776 procurans
566 1682 661 1776 quod
675 1683 808 1754 nullum
822 1704 885 1756 nos
899 1683 1090 1779 dampnum
1109 1683 1180 1778 pati
1196 1681 1371 1774 contingat
1386 1681 1483 1774 lapsu
1499 1679 1661 1774 temporis

253 1804 440 1900 supradicti
447 1815 505 1896 ;et
515 1806 598 1900 quia
607 1807 722 1878 statim
733 1808 879 1902 receptis
893 1808 1018 1880 iioterr's
1030 1808 1169 1896 nostris,
1182 1808 1377 1899 juramento
1390 1804 1533 1898 prestito
1547 1824 1662 1877 coram
1691 1884 1694 1890 ,

254 1929 293 2002 Α.
316 1930 362 2002 de
381 1929 496 2002 Cieala
514 1929 694 2024 capitaneo
710 1953 731 2002 a
747 1931 889 2003 flumine
904 1932 1020 2004 Tronti
1037 1930 1210 2025 usquead
1228 1939 1360 2024 portam
1374 1928 1487 2002 Roseti
1505 1927 1549 2000 de
1565 1949 1663 2000 com-

257 2053 358 2126 misso
377 2053 441 2124 tibi
454 2053 733 2150 officiofideliter
746 2052 957 2144 exercendo,
972 2053 1098 2127 devote
1112 2063 1145 2126 te
1159 2053 1204 2128 ad
1220 2054 1333 2148 ipsum
1350 2052 1530 2126 servitium
1543 2060 1665 2124 contn-

257 2177 339 2269 bsti,
370 2177 595 2250 devotionem
625 2187 719 2250 tuum
748 2178 979 2250 favorabiliter
1009 2177 1303 2251 commendamus.
1333 2180 1384 2250 De
1416 2176 1521 2248 rebus
1549 2182 1665 2248 autem

259 2301 476 2374 ecclesiarum
502 2323 590 2395 quas
616 2323 679 2396 per
702 2299 875 2395 Angelum
903 2301 948 2376 de
975 2303 1089 2374 Merra
1114 2301 1221 2374 fuisse
1247 2299 1406 2374 venditas
1429 2299 1475 2372 ad
1498 2297 1666 2372 eutalium

260 2424 458 2518 significasti
475 2435 511 2496 ct
528 2425 609 2497 ideo
622 2425 712 2496 mele
724 2433 969 2519 procurantur,
985 2447 1064 2497 cum
1081 2425 1218 2517 jardina
1236 2434 1270 2496 et
1285 2424 1388 2496 vinee
1406 2423 1475 2495 sint
1492 2423 1620 2495 inculte
1633 2431 1668 2494 et

260 2551 383 2623 domus
396 2551 500 2621 etiam
514 2571 585 2643 que
600 2549 816 2643 reparatione
833 2549 990 2644 indigent
1006 2551 1201 2622 nullatenus
1218 2557 1439 2644 reparentur,
1455 2548 1617 2622 volumus
1634 2557 1669 2620 et

260 2671 466 2762 mandamus
488 2681 526 2742 ut
544 2670 683 2762 J'ardina
705 2679 739 2743 et
755 2670 878 2744 vineas
893 2671 1000 2744 vendi
1024 2693 1093 2744 non
1112 2671 1218 2743 iacias
1240 2691 1306 2743 nec
1328 2669 1530 2765 permictas,
1548 2669 1611 2742 sed
1628 2691 1670 2743 ea

262 2795 304 2868 de
324 2797 479 2890 ipsarum
500 2794 722 2867 ecelesiarum
743 2795 968 2889 proventibus
988 2797 1100 2868 excoli
1126 2795 1231 2867 iacias
1251 2794 1297 2866 ed
1323 2815 1412 2888 opus
1437 2801 1551 2865 nostre
1575 2794 1671 2866 curie

262 2919 459 3012 diligentem
475 2918 597 2990 domos
611 2917 713 2990 etiam
730 2940 799 3012 que
820 2918 959 2992 instanti
976 2917 1193 3012 reparatione
1210 2916 1368 3012 indigent
1383 2939 1428 2990 ne
1444 2916 1580 2988 ruinam
1599 2918 1671 3012 pati

262 3043 455 3136 contingat,
475 3042 542 3113 snb
563 3041 838 3136 competentibus
865 3042 1027 3137 expensis
1057 3041 1208 3138 reparari
1239 3041 1345 3114 iacies
1370 3040 1415 3114 de
1446 3040 1672 3138 proventibus

262 3165 474 3238 earumdem.
493 3165 605 3261 Super
627 3166 716 3237 iacto
741 3174 859 3237 autem
877 3166 978 3239 navis
997 3188 1102 3260 quam
1127 3166 1226 3238 nobis
1245 3164 1428 3240 emendam
1455 3165 1524 3237 tuis
1547 3165 1673 3238 lictoris

236 3292 240 3300 '
263 3289 417 3376 suasisti,
438 3309 520 3360 ecce
537 3285 661 3360 damus
678 3287 834 3360 Nicolino
853 3288 995 3382 Spinnle
1016 3288 1195 3361 ammirato
1220 3289 1344 3362 nostris
1365 3288 1491 3360 iictcris
1512 3288 1549 3360 in
1566 3310 1674 3361 man-

265 3411 352 3484 datis
365 3421 406 3484 ut
421 3431 499 3483 eam
517 3409 564 3484 ad
578 3411 719 3482 oculum
732 3411 863 3497 vident,
883 3419 917 3484 et
932 3411 962 3483 si
976 3410 1105 3484 viderit
1119 3411 1229 3506 ipsam
1248 3413 1320 3484 iore
1337 3419 1452 3484 nostre
1461 3411 1556 3484 curie
1570 3433 1674 3507 opor·

266 3545 402 3627 tunam,
417 3537 519 3628 juxte
536 3534 632 3629 quod
649 3535 722 3630 ipse
746 3535 808 3606 tibi
830 3535 973 3627 dixerit,
998 3557 1093 3609 emes
1115 3557 1203 3609 eam.
1223 3537 1381 3610 Deiecto
1406 3545 1522 3610 autem
1543 3546 1616 3610 sete
1640 3546 1675 3610 te

268 3679 457 3731 exonerare
474 3658 648 3746 volentes,
666 3658 725 3732 eiii
748 3659 927 3732 servitium
950 3661 1062 3753 ipsum
1089 3659 1324 3732 commisimus
1346 3658 1604 3753 exequendum.
1624 3661 1674 3734 De

269 3783 437 3856 frumento
455 3803 539 3854 vero
555 3781 651 3878 quod
667 3803 729 3878 per
742 3783 859 3878 galeas
871 3785 1025 3856 Pisarum
1042 3785 1182 3858 mietere
1202 3783 1371 3875 debuisti,
1395 3783 1485 3856 sieut
1500 3805 1521 3855 a
1538 3785 1674 3857 eelsitu-

268 3904 346 3978 dine
363 3914 481 3979 nostra
502 3904 661 4000 recepisti
677 3907 714 3976 in
735 3905 924 4000 mandatis,
943 3916 977 3979 et
998 3908 1097 4002 galee
1119 3908 1193 4003 ipse
1209 3907 1296 3980 illud
1315 3917 1449 4002 portare
1470 3908 1673 4001 noluerunt,

266 4029 316 4101 sic
331 4031 496 4102 volumus
512 4037 547 4102 et
561 4029 767 4103 mandemus
787 4039 910 4104 utnon
929 4052 991 4127 per
1006 4033 1143 4126 galeas,
1164 4031 1227 4104 sed
1246 4053 1307 4128 per
1321 4032 1388 4104 alia
1405 4033 1551 4105 vassella
1568 4053 1676 4126 parva

265 4153 445 4248 inquibus
461 4151 642 4226 commode
657 4162 691 4226 et
708 4175 828 4227 secure
846 4163 1015 4249 portetur,
1036 4157 1245 4228 frumentum
1262 4156 1375 4249 ipsum
1390 4156 1528 4228 mictere
1547 4155 1676 4229 debens

265 4275 313 4348 ad
333 4277 450 4348 locum
474 4297 577 4370 quem
603 4298 663 4372 per
682 4275 768 4350 alias
790 4277 924 4350 lictores
948 4285 1080 4350 nostras
1105 4277 1166 4350 tibi
1194 4275 1486 4370 significavimus,
1513 4299 1593 4350 cum
1616 4279 1676 4350 iila

264 4399 515 4494 cautelaquam
525 4397 682 4472 misimus
693 4381 930 4495 processurus,
944 4401 981 4472 in
997 4401 1062 4497 bys
1072 4410 1105 4473 et
1117 4401 1152 4472 in
1164 4401 1241 4475 nliis
1252 4402 1402 4474 servitiis
1414 4401 1536 4474 nostris
1547 4402 1597 4473 sic
1607 4402 1677 4474 sol-

264 4523 395 4616 licitus,
408 4532 475 4596 etc.
487 4524 645 4598 Preterea
657 4525 891 4598 intelleximus
905 4534 940 4598 et
954 4525 1121 4598 miramur
1136 4526 1233 4620 qnod
1244 4534 1433 4621 proventus
1448 4525 1493 4598 de
1510 4525 1677 4620 portubus

303 4796 341 4868 (t)
360 4795 476 4856 vidend
490 4796 671 4871 buncIocum,
685 4814 712 4873 p.
732 4800 793 4858 iit.
