4524 6012
510 657 570 718 646
1008 665 1220 727 l‘llllldlllcl
1241 667 1415 728 SECUNDl
1729 674 1808 754 [aar.
1827 677 1914 739 leto.

560 795 672 867 Tenor
689 796 824 870 cedule.
845 799 896 872 Do
910 801 990 892 jure
1018 812 1132 875 autem
1157 801 1252 896 quod
1274 802 1477 897 requiritur,
1503 804 1598 879 dicas
1621 808 1671 880 eis
1697 818 1731 882 et
1754 813 1916 886 ostendes

511 935 574 988 nos
590 917 711 989 iecisse
735 921 880 1013 gratiam
900 931 934 996 et
958 924 1097 998 dedisse
1119 925 1292 1000 licentiam
1312 926 1483 1002 universis
1504 927 1664 1003 fidelibus
1686 935 1810 1006 nostris
1830 958 1915 1010 ven·

511 1037 617 1110 dendi
636 1061 691 1112 res
709 1063 806 1134 suas,
826 1045 1028 1122 deferendas
1051 1059 1150 1121 extra
1173 1070 1338 1144 regnum,
1359 1061 1392 1148 et
1409 1050 1488 1124 ideo
1501 1052 1559 1144 jus
1575 1053 1687 1148 ipsum
1705 1056 1750 1128 ab
1768 1055 1914 1130 homini·
2049 1047 2054 1055 ’

510 1161 576 1234 bus
592 1164 719 1258 requiri
735 1186 796 1259 pm
813 1189 855 1241 eo
869 1169 965 1263 quod
983 1193 1037 1244 res
1050 1194 1132 1244 sues
1149 1172 1306 1246 vendunt
1319 1183 1352 1246 et
1369 1171 1416 1268 (a)
1436 1175 1568 1248 volunt.

784 1503 977 1512 -1--1--1———1-
983 1506 1027 1514 --·
1033 1507 1634 1520 ..m-...u--oe-mo—-a--qu—-a--u-

346 1817 446 1860 outre-
557 1792 790 1898 Fridericus,
821 1791 1080 1876 Romanorum
1103 1794 1323 1903 imperator,
1356 1795 1437 1904 regi
1466 1795 1683 1903 [Navarrael
1708 1809 1745 1880 et
1770 1824 1908 1882 cruce-

505 1924 663 2033 signatis
681 1925 852 2007 concedit
870 1927 974 2034 quod
992 1926 1138 2034 possint
1157 1928 1352 2010 extrahere
1370 1927 1544 2010 foderum
1561 1929 1610 2012 de
1635 1955 1754 2040 reguo
1777 1957 1847 2015 suo
1868 1933 1908 2014 in

504 2057 718 2142 subsidium
737 2058 874 2140 Terrae
892 2059 1063 2142 Sanctae.

585 2233 709 2313 (laedit.
730 2251 769 2294 ex
787 2235 853 2296 cod.
869 2233 1009 2296 Biblioth.
1028 2233 1127 2296 Cesar.
1150 2235 1258 2310 Paris,
1272 2233 1365 2315 fonds
1382 2235 1760 2318 Salat-ommonem,
1778 2249 1812 2300 n⁰
1835 2249 1905 2316 4⁵⁵,

622 2355 689 2416 pars
701 2339 757 2412 ΙΙΙ,
774 2349 808 2400 n⁰
823 2337 914 2418 CVI.)

550 2491 769 2580 Fredsricus,
800 2501 881 2583 etc,
908 2491 982 2586 regi
1015 2492 1166 2564 Navarre
1190 2499 1224 2563 et
1251 2493 1495 2585 crucesignatis
1520 2493 1664 2566 salutem
1690 2503 1724 2567 et
1750 2503 1904 2590 optatum

500 2615 549 2711 pii
568 2613 733 2711 pmpositi
751 2615 1051 2710 complementum.
1070 2613 1248 2687 Gratanter
1261 2614 1458 2709 accepimus
1472 2615 1600 2688 litteras
1614 2638 1702 2710 quas
1715 2617 1854 2690 misistis
1872 2627 1907 2691 et

499 2738 634 2830 signate
649 2759 767 2810 earum
781 2737 1014 2808 intelleximus
1028 2736 1226 2830 diligenter,
1248 2737 1359 2826 gavisi
1374 2757 1445 2808 uon
1466 2737 1641 2810 modicum
1658 2747 1692 2811 et
1708 2739 1807 2812 nobis
1823 2763 1905 2814 con-

499 2861 710 2955 gratulantes
736 2861 773 2932 in
798 2859 944 2933 Domino
974 2857 1070 2953 quod
1100 2881 1164 2932 vos
1189 2859 1236 2931 ad
1258 2859 1436 2932 servitium
1461 2881 1563 2931 suum
1594 2881 1655 2954 per
1678 2870 1758 2933 vote
1784 2864 1904 2936 salutis

498 2997 628 3058 erectos
642 2985 780 3058 calcatis
792 2986 905 3058 ventis
920 2993 955 3056 et
966 2984 1128 3056 fluctibus
1144 2984 1255 3056 salute
1272 2985 1399 3057 comite
1417 2983 1583 3057 direxerit
1600 2984 1636 3054 in
1650 2993 1798 3079 portum.
1817 2987 1905 3058 Hinc

499 3110 591 3182 euim
605 3113 677 3202 jam
693 3109 874 3183 evidenter
890 3108 1077 3202 accipimus
1097 3117 1265 3202 quantum
1288 3109 1421 3202 placeat
1438 3106 1585 3180 Domino
1600 3107 1771 3180 exercitus
1785 3109 1905 3182 militie

498 3233 603 3323 hujus
619 3231 680 3326 qui
697 3230 743 3303 de
753 3229 881 3302 finibus
898 3239 986 3302 terre
1002 3229 1039 3300 in
1056 3227 1189 3301 vexillo
1200 3231 1312 3302 crucis
1327 3239 1362 3302 ot
1376 3228 1460 3301 fidei
1473 3229 1590 3323 gladio
1608 3229 1644 3300 in
1660 3229 1775 3304 hostes
1793 3231 1904 3304 crucis

497 3349 690 3442 accingitur
703 3356 737 3420 et
753 3349 799 3421 ad
814 3345 977 3420 crucifixi
992 3346 1178 3420 servicium
1194 3354 1350 3442 potenter
1361 3355 1524 3419 armatur.
1541 3348 1629 3418 lliuc
1643 3349 1746 3422 etiam
1763 3371 1904 3441 surgere

497 3473 599 3545 vobis
615 3471 719 3546 debet
735 3495 769 3544 sv
786 3493 865 3565 spes
880 3471 1002 3545 certior
1020 3479 1054 3544 et
1070 3469 1277 3542 confidentia
1296 3470 1404 3561 major
1421 3467 1516 3562 quod
1533 3469 1570 3540 in
1584 3469 1712 3543 virtute
1733 3471 1809 3562 ejus
1821 3481 1902 3545 vota

498 3605 613 3670 vestra
637 3596 851 3692 complebitis
879 3615 983 3690 quem
1008 3594 1045 3665 in
1075 3595 1180 3666 vestri
1209 3591 1539 3666 consummationem
1561 3590 1691 3663 itineris
1719 3593 1816 3686 prins
1842 3593 1901 3666 ha·

497 3719 620 3792 buistis
631 3719 790 3792 comitem
802 3727 836 3792 et
847 3717 1037 3792 ductorem.
1048 3718 1076 3789 Ο
1089 3738 1194 3812 quam
1206 3716 1349 3808 longum
1357 3723 1394 3786 et
1403 3733 1467 3786 nos
1478 3713 1646 3808 gessimus
1654 3713 1770 3786 adhuc
1780 3725 1899 3788 votum

497 3853 532 3916 et
561 3842 711 3938 speciale
735 3841 947 3937 propositum
976 3841 1041 3913 luit
1065 3841 1164 3913 nobis
1188 3849 1227 3911 ut
1250 3838 1506 3911 restitueremus
1532 3837 1720 3910 Jerusalem
1745 3836 1834 3909 sicut
1863 3838 1899 3908 iu

498 3965 621 4038 diebus
648 3965 798 4060 anthuis
820 3973 855 4037 et
878 3966 953 4037 locu
970 3973 1120 4037 astantes
1142 3962 1218 4059 (sic)
1242 3961 1376 4036 deserte
1397 3961 1472 4052 ejus
1494 3959 1584 4032 sicut
1607 3958 1743 4032 hortum
1762 3961 1899 4032 Domini

496 4089 761 4162 sollicitudinem
774 4091 850 4182 ejus
860 4087 959 4182 quasi
978 4081 1119 4159 delicias
1134 4087 1352 4182 poneremus,
1365 4093 1401 4156 et
1414 4085 1485 4176 jam
1499 4083 1786 4176 cognoscentibus
1799 4081 1899 4156 vobis

495 4223 530 4285 ot
545 4213 716 4286 universis
732 4213 812 4285 aliis
824 4211 964 4304 regibus
977 4219 1012 4284 et
1027 4211 1230 4306 primatibus
1247 4207 1449 4282 orthodoxis
1468 4205 1692 4280 hereditatem
1709 4206 1846 4279 Domini
1862 4207 1898 4278 in

494 4357 563 4430 qua
577 4357 641 4409 nos
656 4337 722 4409 sibi
740 4335 943 4408 coheredem
962 4335 1137 4408 constitnit
1154 4333 1399 4429 eripuissemus
1416 4331 1454 4403 in
1473 4331 1573 4424 virga
1593 4331 1701 4404 ferrea
1717 4330 1763 4404 de
1785 4331 1897 4404 mani·

493 4458 561 4531 bus
573 4458 885 4553 blasphemantium
898 4475 979 4530 eum
992 4466 1027 4532 et
1039 4455 1406 4532 comminuissomusin
1417 4449 1897 4551 purtemllr)perpetuamossa

534 4649 576 4730 (a)
599 4651 735 4713 Forsltan
748 4647 903 4728 legendum
915 4646 967 4710 obi
978 4648 1026 4710 rel
1036 4652 1082 4709 ut.

533 4755 574 4836 (t)
596 4755 660 4831 Slc;
675 4755 871 4818 vcrlslmlllter
880 4755 1037 4834 legendum
1046 4768 1159 4834 pacem
