4374 6010
207 695 311 758 Imtcr.
329 691 392 776 la]
660 691 858 759 tttsroutn
882 691 1176 755 utrtottsttcn
1566 691 1626 754 883

258 826 486 919 Frcdericus,
505 827 1028 921 stc.‚1tincard0dottisaccia,
1049 838 1116 904 etc.
1135 827 1309 904 Fidciitati
1327 834 1386 900 tue
1402 825 1626 923 precipiendo

210 952 421 1026 mandamus
432 959 605 1046 qnatenus
622 949 660 1024 id
672 951 769 1047 quod
784 951 958 1026 lohannes
971 953 1089 1026 Morus
1104 951 1150 1026 dc
1162 973 1299 1024 camera
1311 959 1427 1026 nostra
1440 951 1549 1024 mictit
1563 950 1627 1024 tibi

210 1100 275 1175 per
289 1077 427 1152 listerus
443 1097 526 1150 suus
538 1074 585 1150 de
599 1075 743 1150 servitio
759 1075 917 1170 ejusdcm
936 1098 1073 1152 camere
1087 1085 1215 1166 nostre,
1235 1075 1421 1151 sinemuro
1440 1083 1476 1149 ct
1491 1073 1627 1150 deiectu

211 1199 345 1275 debeas
362 1200 566 1295 adimplere.

258 1325 388 1398 Datum
404 1323 566 1417 Lucerie,
584 1323 630 1394 VI
649 1322 793 1417 aprelis,
809 1321 888 1396 XIII
902 1321 1113 1395 indictionis.

259 1445 311 1520 Dc
332 1447 505 1542 tmperioli
523 1445 681 1518 mndata
703 1449 792 1539 [acto
814 1469 877 1540 per
898 1445 1068 1518 dominum
1085 1445 1268 1518 Iohannem
1296 1445 1426 1516 Morum
1451 1455 1483 1516 et
1504 1445 1629 1538 mepta-

211 1584 304 1645 tmct
319 1573 364 1643 R.
385 1573 426 1644 de
440 1573 709 1646 Petrcstnrmiuc
724 1571 859 1666 scripsit
877 1573 1080 1644 Laureattrc
1096 1595 1109 1640 .·

260 1694 484 1786 Fredericus,
511 1703 596 1784 ate,
622 1695 763 1768 Nicolac
786 1695 957 1768 Suraccno
980 1695 1026 1770 de
1051 1693 1250 1780 Juvenatio,
1273 1701 1340 1766 etc.
1365 1691 1571 1766 Mandemus
1594 1702 1629 1765 ct

213 1817 427 1914 precipimus
439 1815 596 1890 fidelitati
614 1826 674 1892 tue
688 1824 862 1912 quatenus
880 1819 995 1889 statim
1014 1817 1099 1890 visis
1119 1816 1186 1913 hys
1206 1816 1334 1889 lictoris
1357 1815 1404 1888 ad
1421 1815 1627 1911 presentiam

214 1951 334 2016 nostre
353 1941 541 2034 majestatis
556 1940 720 2028 aenedas,
738 1948 961 2037 promoturus
982 1947 1175 2014 caucanet
1194 1941 1252 2033 jus
1271 1940 1367 2014 curie
1386 1949 1502 2014 nostre
1524 1962 1629 2034 snper

213 2065 307 2139 mille
322 2065 525 2161 quingentis
544 2065 659 2139 unciis
675 2066 751 2139 auri
771 2087 860 2160 quas
873 2087 938 2161 per
961 2065 1097 2139 lieteras
1118 2073 1195 2138 tuas
1211 2064 1358 2138 Iohanni
1378 2065 1475 2138 Moru
1499 2063 1545 2137 de
1566 2086 1629 2137 ca-

214 2211 311 2264 mera
340 2193 458 2263 nostru
483 2188 680 2284 significare
708 2189 857 2282 curasti,
884 2190 997 2263 taliter
1032 2190 1219 2263 instructus
1245 2189 1389 2264 veniens
1414 2199 1448 2262 ct
1475 2189 1629 2262 munitus
1682 2231 1685 2236 ·

214 2314 309 2408 quod
324 2313 363 2386 in
377 2312 494 2386 verbis
509 2313 580 2386 tuis
595 2311 735 2388 debitus
751 2313 950 2388 inveniatur
965 2312 1132 2387 deiectus.

261 2439 390 2510 Datum
402 2436 562 2524 Iacetis,
583 2437 628 2509 VI
645 2437 790 2532 aprelis,
806 2437 884 2512 XIII
904 2437 1116 2510 indictionis.

259 2561 365 2633 Lator
387 2559 578 2654 Roggerius
597 2559 643 2633 dc
662 2558 799 2633 Abbate
815 2559 963 2664 nuntius
984 2557 1029 2631 Α.
1056 2559 1101 2633 de
1123 2558 1309 2654 Aquaviva
1331 2559 1508 2652 justitiarii
1528 2559 1630 2634 Terre

214 2681 376 2778 ldronti(
398 2683 427 2781 ).

415 2958 484 2966 ι---ι
488 2954 1413 2967 —m—-fflss-——u-——m

264 3207 446 3296 Mandata
480 3209 530 3292 ad
556 3207 782 3320 justitiarios
818 3210 1019 3321 regionum
1050 3237 1120 3322 pro
1152 3210 1378 3298 Lcmbardis
1412 3216 1631 3325 prisonibus
1719 3233 1734 3318 3
1769 3233 1794 3275 ⁶·

213 3342 431 3426 induendis.
1316 3385 1318 3390 ·

297 3563 422 3648 (Repat.
440 3565 541 3648 imper.
557 3563 675 3630 dieder.
690 3567 734 3643 11,
748 3567 801 3630 foi.
817 3576 854 3631 96
869 3585 970 3646 veram
985 3571 1017 3630 in
1034 3569 1106 3631 edit.
1123 3567 1262 3646 Curcum,
1276 3587 1307 3650 p.
1325 3573 1408 3652 tot.)

261 3763 313 3837 ue
334 3766 503 3861 commati
514 3765 674 3841 mdodatc
691 3772 781 3862 [acto
792 3791 856 3864 per
873 3767 1069 3863 muputrum
1085 3770 1127 3841 Ii.
1143 3770 1184 3842 dc
1204 3768 1356 3864 Trcjecto
1368 3776 1505 3869 scripsit
1527 3780 1568 3850 G.
1592 3781 1632 3853 de
1767 3775 1771 3782 ’

217 3887 395 3964 ementta:
1478 3897 1479 3900 '

262 4013 482 4108 FrederIcm,
501 4025 586 4108 etc,
602 4019 642 4090 B.
661 4017 804 4091 Pissouo
813 4017 1001 4114 justitiario
1016 4015 1170 4112 Aprutii‚
1196 4026 1263 4091 etc.
1284 4019 1455 4095 Fidelitati
1471 4034 1528 4097 tue
1550 4049 1630 4121 pre·

217 4135 376 4233 cipieudo
400 4140 608 4215 mandamus
632 4149 803 4236 quatenus
825 4163 945 4216 omncs
966 4141 1178 4216 Lombardos
1198 4143 1353 4236 prisoues
1375 4152 1445 4218 tam
1463 4147 1631 4224 Mediola-

218 4281 338 4337 neuses
352 4287 460 4359 quam
477 4265 695 4340 Placentinos
707 4273 742 4340 et
759 4267 1007 4363 undecumque
1022 4266 1149 4340 tuerint
1162 4287 1296 4340 necnon
1311 4280 1347 4340 ct
1360 4270 1497 4344 obsides
1512 4273 1630 4348 Padus

219 4391 253 4456 et
265 4385 411 4461 alimum
434 4390 586 4486 partium
610 4391 763 4464 marchio
782 4385 970 4484 Trivisine,
990 4391 1050 4486 qui
1070 4391 1107 4462 in
1130 4389 1287 4486 partibus
1300 4393 1549 4486 jurisdictionis
1573 4409 1632 4473 tue

168 4527 172 4536 ·
219 4510 478 4605 custodiuntur,
501 4514 607 4587 iacias
619 4536 681 4610 per
692 4536 752 4588 eos
765 4517 826 4610 qui
838 4516 940 4613 ipsos
956 4513 1155 4588 custodiunt
1172 4513 1272 4588 Iudui
1289 4515 1531 4593 condecenter.

265 4634 389 4709 Datum
402 4637 519 4733 Fugio,
542 4639 617 4712 VIII
633 4640 771 4734 aprelis,
789 4629 867 4714 XIII
884 4639 1098 4714 indictionis.

260 4800 300 4883 (a)
319 4806 562 4872 Huecudduutur
574 4827 612 4872 ex
625 4811 769 4890 margine.
