4468 6010
242 739 341 798 horn.
360 731 425 811 la]
695 729 891 792 tttsroattt
916 729 1209 792 ntrtottsrtca
1593 727 1655 789 818

244 871 340 966 lippo
355 867 403 940 de
414 865 571 939 Znnculo
585 863 636 960 (o)
654 865 690 937 in
704 865 841 939 forestis
854 866 979 938 nostris
993 866 1112 940 venari
1132 865 1241 940 fecisti
1256 885 1318 960 per
1330 873 1406 937 octo
1428 861 1504 935 dies
1520 871 1655 936 tautum

249 1013 312 1089 pro
325 989 547 1083 francigenis
557 988 803 1082 crucesignatis
815 989 877 1083 qui
890 989 926 1060 in
942 988 1098 1083 partibus
1111 989 1193 1083 ipsis
1204 997 1319 1078 erum,
1335 995 1370 1060 et
1384 985 1491 1081 captis
1504 994 1653 1058 tautum·

246 1115 354 1189 modo
364 1115 431 1186 XX
443 1113 556 1208 porcis
570 1113 606 1184 in
624 1111 726 1206 ipsis,
741 1131 801 1183 eos
819 1111 983 1206 predictis
999 1112 1244 1206 crucesignatis
1260 1131 1307 1184 ex
1324 1119 1418 1206 parte
1430 1109 1525 1183 curie
1542 1118 1657 1182 nostre

246 1237 439 1334 presentari
453 1235 576 1327 fecisti,
593 1234 721 1308 deinde
733 1233 842 1306 fecisti
855 1234 1002 1306 inhiberi
1015 1237 1157 1307 forestus
1169 1233 1340 1330 predictas
1353 1243 1388 1306 et
1399 1233 1659 1327 diligentissime

244 1359 412 1432 custodiri
430 1380 476 1430 ne
492 1359 617 1452 uliquis
634 1357 781 1430 ulterius
803 1378 841 1428 :n
857 1357 923 1428 illis
946 1358 1167 1450 aliquatenus
1186 1366 1388 1446 venaretnr;
1410 1377 1533 1452 porcos
1554 1355 1658 1429 etiam

245 1484 342 1555 curie
355 1491 488 1572 nostre,
501 1480 584 1574 quia
600 1478 746 1574 glandes
757 1477 968 1552 deficiebant
980 1491 1015 1552 et
1026 1491 1165 1575 possent
1176 1481 1212 1552 in
1226 1481 1417 1576 dampnum
1433 1481 1528 1554 curie
1543 1489 1659 1552 nostre

245 1625 479 1692 macrescere,
496 1602 607 1676 occidi
623 1603 731 1675 fecisti
746 1611 781 1674 et
796 1601 843 1675 ad
857 1623 946 1698 opus
958 1603 1054 1676 curio
1069 1613 1185 1676 nostre
1198 1601 1271 1676 lieri
1291 1625 1462 1699 pannones
1475 1625 1522 1675 ex
1539 1604 1607 1694 eis,
1625 1613 1660 1674 et

245 1729 343 1824 qnod
357 1730 405 1802 ad
420 1728 620 1801 mandatum
635 1736 791 1800 nostrum
806 1726 938 1801 exinde
950 1728 1013 1800 tibi
1028 1729 1171 1802 missum
1185 1728 1377 1802 custodiam
1391 1727 1521 1822 palatii,
1530 1726 1659 1822 jardini

244 1865 278 1926 et
292 1854 400 1926 vinee
416 1861 611 1925 nostrornm
627 1850 798 1940 Catbone,
815 1851 953 1925 Nicolao
964 1851 1009 1925 de
1026 1853 1177 1926 Sebnno
1190 1851 1244 1948 (t)
1256 1850 1349 1924 fideli
1362 1859 1478 1924 nostro
1492 1850 1660 1942 assignari

245 1975 375 2065 fecisti,
397 1974 554 2046 tribuens
569 1972 683 2046 eidem
708 1973 818 2046 boves
839 1973 958 2046 decem
977 1995 1041 2070 pro
1058 1974 1199 2047 duobus
1216 1974 1372 2068 parietis,
1388 1974 1554 2046 somerios
1572 1973 1661 2046 duos

245 2107 279 2168 ct
290 2097 548 2171 burdonarium
561 2117 671 2168 unum
684 2117 746 2190 pro
760 2096 903 2169 ferendo
916 2097 1063 2170 somerio
1079 2096 1126 2169 ad
1134 2097 1330 2189 J'urdinum,
1351 2094 1440 2169 duos
1453 2095 1662 2187 jardiuerios

246 2243 306 2314 pro
315 2219 452 2311 J'ardini
462 2227 497 2290 et
506 2219 688 2290 vinearum
701 2219 847 2306 cultura,
863 2217 953 2290 duos
963 2218 1170 2292 laboratores
1184 2241 1246 2315 pro
1257 2217 1444 2292 laborando
1455 2241 1535 2291 cum
1546 2218 1662 2290 bubus

224 2409 227 2417 .
248 2341 429 2436 predictis,
451 2349 485 2414 et
502 2338 591 2413 dnos
609 2340 695 2412 alios
713 2339 878 2414 custodes
896 2341 958 2434 qui
978 2362 1047 2413 una
1072 2362 1150 2412 cum
1171 2341 1323 2436 predicto
1345 2341 1485 2414 Nicolao
1503 2343 1662 2414 forestam

249 2473 401 2538 nostrum
419 2463 632 2555 custodiant;
649 2473 684 2536 et
700 2462 797 2558 quod
812 2485 875 2558 pro
890 2463 1091 2536 occidendis
1108 2467 1198 2560 lupis
1214 2475 1248 2537 et
1261 2465 1443 2560 vulpibus,
1460 2487 1505 2536 ne
1518 2467 1663 2559 parvula

248 2585 414 2658 animalia
436 2586 472 2656 in
490 2585 627 2658 forestis
644 2585 770 2656 nostris
794 2586 961 2658 coalentia
982 2585 1181 2672 destruant,
1202 2587 1385 2680 diligenter
1406 2587 1573 2670 intendis;
1598 2609 1662 2660 nec

249 2729 314 2782 non
329 2707 431 2802 qnod
444 2705 645 2802 significasti
659 2715 694 2779 te
704 2707 750 2779 ab
765 2707 965 2780 hominibus
979 2705 1118 2781 domine
1131 2709 1344 2781 Patemionis
1358 2707 1434 2782 CCC
1450 2709 1571 2783 uncias
1585 2711 1661 2782 auri

248 2832 293 2906 ud
308 2854 403 2927 opus
420 2831 516 2904 curie
531 2841 647 2904 nostre
665 2831 827 2924 colligere
843 2851 905 2925 pro
922 2830 999 2905 CCC
1022 2826 1136 2903 unciis
1150 2853 1238 2925 quas
1262 2831 1395 2904 eisdem
1413 2832 1602 2905 Riocardus
1618 2833 1662 2906 de

248 2955 466 3048 blontsnigro
490 2955 572 3028 olim
595 2955 758 3048 magister
782 2953 985 3046 justitiarius
1011 2956 1047 3026 in
1068 2953 1183 3026 Sicilia
1207 2955 1291 3026 citra
1316 2955 1444 3026 flumen
1465 2956 1602 3026 Salsum
1627 2967 1662 3028 et

248 3078 456 3150 Guillelmus
470 3077 515 3149 de
525 3077 705 3171 Sanginito
723 3077 759 3147 in
775 3097 867 3149 anno
883 3077 1043 3172 preterito
1057 3077 1119 3149 Xll
1131 3077 1329 3150 indictionis
1348 3078 1583 3172 imposuerunt
1599 3099 1662 3172 pro

248 3203 390 3274 collecta
406 3221 471 3272 nec
486 3199 602 3273 habite
613 3200 748 3272 fucrant
758 3199 804 3272 ab
817 3199 968 3292 eisdem;
988 3211 1024 3274 et
1035 3200 1131 3296 qnod
1146 3201 1192 3274 ad
1210 3200 1378 3274 tollendas
1390 3203 1506 3274 solitus
1523 3203 1662 3276 fraudes

247 3345 468 3419 campsorum
485 3331 521 3395 ct
539 3322 686 3394 aliorum
705 3324 973 3416 regacteriorum
984 3321 1035 3419 (2)
1055 3325 1228 3412 Messene,
1246 3333 1433 3420 catepanus
1450 3323 1570 3399 fideles
1591 3336 1661 3399 stu-

248 3443 342 3516 tuisti
358 3443 506 3527 ibidem,
526 3453 562 3516 et
577 3445 628 3516 sic
646 3445 684 3515 in
700 3445 863 3517 omnibns
879 3447 1009 3519 bonnm
1025 3447 1137 3519 forum
1153 3458 1188 3519 et
1204 3446 1378 3543 placidum
1392 3449 1566 3543 peregrini
1583 3469 1662 3522 mo-

249 3578 366 3640 rantes
379 3567 512 3641 ibidem
526 3567 723 3658 inveniunt,
737 3577 874 3659 gratum
890 3579 942 3640 est
953 3570 1157 3642 excellentie
1170 3579 1285 3642 nostre
1299 3580 1333 3642 et
1348 3572 1384 3642 in
1401 3572 1575 3666 premissis
1589 3593 1661 3644 om·

250 3691 366 3780 nibus,
381 3690 412 3760 si
431 3689 612 3762 utilitatem
625 3691 721 3762 curie
739 3700 853 3763 nostre
866 3691 1067 3786 respiciunt,
1085 3701 1185 3764 tuum
1199 3693 1351 3765 studium
1363 3693 1656 3765 commendamus.

249 3813 297 3884 lle
312 3811 497 3884 ammirato
515 3821 632 3885 nostm
648 3813 709 3906 qui
731 3814 817 3907 petit
833 3813 961 3886 babere
982 3823 1168 3907 proventus
1186 3815 1369 3886 marinarie
1386 3825 1420 3886 et
1434 3816 1659 3909 lignaminnm

247 3931 498 4025 jurisdictionis
514 3943 585 4021 tue,
600 3949 688 4028 quos
705 3957 768 4030 per
784 3936 933 4008 donnum
947 3947 1099 4008 nostram
1116 3937 1269 4030 recolligi
1284 3957 1360 4010 esse
1373 3939 1497 4010 asseris
1510 3959 1660 4011 consue-

251 4069 345 4146 tmn,
365 4055 504 4128 dudum
520 4055 584 4127 tibi
601 4077 707 4151 super
728 4057 967 4154 eodemnobis
981 4059 1144 4130 scribenti
1163 4059 1313 4153 capitulo
1333 4081 1393 4154 per
1410 4060 1495 4132 alias
1513 4082 1660 4155 respon·

250 4181 337 4252 soles
353 4189 491 4252 nostras
506 4179 689 4252 recolimus
701 4181 933 4276 respondisse,
955 4181 1146 4254 secundum
1163 4203 1311 4275 quarum
1326 4191 1479 4255 tenorem
1500 4185 1659 4256 volumus

291 4339 333 4420 (a)
355 4341 464 4419 Aptim
476 4339 633 4420 legendum
646 4343 794 4404 credimus
802 4358 859 4424 per
871 4340 1040 4423 Philippum
1052 4341 1088 4403 dc
1099 4340 1240 4404 Zuuotlo.

1117 4511 1393 4520 w-——a-n-—n--m
1403 4512 1658 4522 -μ--ο-κ-α---ς

286 4609 322 4681 (Ι)
341 4609 396 4666 iste
412 4615 502 4666 umen
522 4615 633 4667 vocatur
656 4610 788 4668 Nicotaus
810 4611 957 4684 sptuotrts
973 4611 1005 4667 ds
1026 4613 1100 4669 Mos
1122 4612 1149 4668 in
1168 4611 1300 4670 mandatis
1317 4628 1386 4684 qnae
1405 4627 1487 4686 supra
1503 4613 1538 4670 ud
1555 4613 1659 4671 initium

252 4705 357 4778 bugasti
368 4705 560 4778 ordinavimus,
574 4725 603 4781 p.
616 4709 680 4766 lto.

287 4802 323 4874 (i)
341 4801 389 4860 lsti
405 4801 519 4861 forsitan
532 4805 579 4877 qui
593 4803 688 4878 gallica
701 4805 859 4863 dicebantur
873 4806 1041 4878 τιμητείας.

351 4901 388 4962 V.
410 4917 466 4961 ru
478 4919 501 4961 s.
1447 4913 1500 4965 tot
