4384 6004
252 643 355 705 lanta.
373 642 435 722 la]
702 640 899 704 nlsvonllt
922 639 1216 703 nlvnollllllca
1585 642 1663 704 1079

253 777 350 870 pient
377 775 434 849 vel
459 775 694 869 submergent.
723 774 808 847 Cum
834 777 1019 871 navigatur
1042 777 1198 879 inportu
1220 776 1417 871 frequenter
1435 776 1663 871 evenitquod

252 899 480 974 concussione
501 899 602 974 navis
622 898 657 970 in
683 909 807 971 terram
829 901 886 972 vel
911 911 1041 996 petram
1070 907 1215 993 pereunt
1241 900 1445 994 navigantes
1467 899 1523 972 vel
1549 899 1664 970 subita

252 1033 435 1096 ventorum
452 1023 614 1117 impulsio
631 1021 775 1094 veniens
790 1043 836 1094 ex
852 1021 999 1094 adverso
1017 1022 1067 1094 sic
1082 1043 1140 1094 eos
1157 1043 1178 1094 a
1196 1031 1298 1117 portu
1308 1023 1442 1117 repellit
1459 1019 1555 1116 quod
1575 1041 1663 1094 con-

252 1147 399 1242 sumptis
413 1145 564 1237 cibariis,
579 1167 638 1219 eos
652 1146 688 1218 in
702 1145 790 1220 mari
804 1145 988 1218 latitudine
1001 1147 1231 1241 periculorum
1243 1147 1365 1219 sevitia
1379 1167 1484 1240 quam
1497 1148 1568 1238 Jam
1583 1166 1663 1218 eva·

251 1269 338 1341 sisse
348 1267 548 1358 credebant,
561 1269 693 1363 impetit
703 1277 737 1342 et
749 1267 893 1363 impellit
906 1267 968 1340 nbi
981 1267 1048 1339 nisi
1063 1268 1224 1362 periculis
1239 1277 1393 1363 pereant,
1404 1269 1524 1340 saltem
1537 1267 1592 1340 siti
1604 1268 1663 1339 vel

251 1393 342 1468 ianm
360 1392 533 1488 peribunt.
554 1393 669 1464 Preter
685 1391 751 1464 bec
768 1400 820 1464 est
841 1391 877 1462 in
903 1392 989 1464 mari
1011 1389 1163 1485 quedam
1186 1391 1412 1464 intolerabilis
1432 1391 1663 1486 periculorum

250 1514 486 1589 abhominatio
498 1537 604 1610 quam
621 1517 767 1588 tolerare
783 1515 840 1588 vel
858 1514 1008 1588 evadere
1026 1516 1143 1588 nullus
1159 1523 1291 1610 potest:
1312 1537 1420 1610 quare
1435 1536 1516 1588 cum
1533 1534 1663 1609 repen-

251 1641 342 1714 tinas
354 1641 562 1714 mutationes
576 1649 699 1713 natura
718 1661 786 1712 non
804 1641 984 1728 sustineat,
1002 1641 1345 1735 perimmutationem
1358 1641 1446 1714 aeris
1460 1649 1493 1712 et
1508 1639 1663 1712 ciborum

251 1784 293 1838 ac
308 1773 440 1838 motum
457 1765 648 1838 violentum
662 1772 697 1835 et
712 1763 912 1836 continuum
932 1764 1093 1836 continue
1114 1764 1312 1836 stomachus
1328 1764 1376 1834 ibi
1395 1773 1602 1859 provocatur
1618 1761 1664 1834 ad

253 1888 441 1977 vomitum,
460 1888 618 1981 quicum
636 1886 891 1960 abhominabile
913 1889 1045 1982 recepit
1063 1888 1194 1961 evomit
1209 1909 1289 1960 curn
1313 1885 1447 1977 dolore,
1468 1885 1573 1979 litque
1591 1887 1664 1958 lra-

250 2020 397 2104 quenter
409 2011 457 2084 ibi
474 2009 667 2083 secundum
685 2009 840 2083 diversas
854 2021 995 2084 naturas
1009 2009 1243 2084 diversimode
1255 2010 1291 2081 in
1309 2009 1456 2082 diversis
1474 2017 1569 2081 tanta
1581 2029 1665 2080 vcn-

251 2133 311 2206 tris
329 2133 534 2228 constipatio
552 2131 649 2227 qnod
671 2134 803 2206 ventris
821 2133 932 2204 virtus
952 2132 1152 2206 naturaliter
1170 2131 1356 2226 expulsiva
1372 2141 1502 2205 motum
1525 2133 1665 2206 omnino

251 2255 387 2347 cogitur
401 2257 555 2329 amittere
568 2256 778 2344 naturalem3
798 2256 1010 2350 quandoque
1021 2277 1104 2328 vero
1119 2265 1212 2328 tanta
1228 2265 1279 2328 est
1292 2254 1472 2328 dissolutio
1490 2253 1586 2347 quod
1603 2255 1665 2326 vix

251 2399 428 2452 remancre
447 2378 609 2452 videntur
630 2379 836 2451 intrinsecus
855 2379 1027 2452 intestina.
1046 2377 1201 2474 Cumque
1223 2378 1344 2466 navis,
1371 2377 1449 2450 licet
1467 2399 1599 2471 parva,
1619 2378 1665 2450 sit

250 2503 503 2596 receptaculum
519 2502 724 2591 mullorum,
745 2500 784 2574 lit
801 2503 1013 2576 indistinctio
1032 2503 1184 2575 locorum
1201 2501 1393 2574 secundnm
1408 2500 1664 2574 multitudinem

251 2634 501 2717 contentorum,
512 2635 547 2700 et
557 2647 719 2721 pressura
730 2636 907 2720 premente
921 2629 1122 2718 nnnsjuxta
1136 2625 1243 2698 alium
1256 2625 1457 2698 morborum
1468 2624 1665 2699 diversitate

250 2757 445 2841 torquetur,
468 2759 669 2844 motumque
688 2751 820 2824 ventris
835 2761 906 2823 tam
922 2750 1091 2824 violenter
1105 2771 1211 2845 quam
1225 2749 1425 2823 naturaliter
1439 2749 1663 2843 expulsivum

249 2871 411 2966 superius
423 2881 458 2944 et
475 2871 619 2945 inferius
638 2872 804 2967 patientes
820 2871 962 2965 infirmi,
978 2871 1123 2968 quidam
1141 2873 1276 2962 subtus,
1297 2872 1441 2968 quidam
1458 2895 1577 2967 supra,
1594 2893 1661 2948 non

250 2995 286 3066 in
312 2996 388 3068 loco
409 2996 537 3068 talibus
564 2993 748 3092 deputato,
775 2997 838 3071 sed
863 2996 1002 3092 publice
1033 2997 1121 3070 inter
1145 2997 1258 3069 omnis
1282 2997 1414 3069 ventris
1443 2996 1663 3092 putredinem

250 3126 422 3210 coguntur
439 3119 595 3192 emittere
611 3118 785 3194 delectum
801 3121 938 3193 virtutis
961 3121 1099 3217 proprie
1124 3130 1159 3193 et
1176 3129 1320 3209 nature;
1337 3120 1458 3214 sicque
1479 3123 1580 3213 juxta
1598 3143 1663 3215 pc-

249 3241 427 3334 regrinum
439 3242 560 3316 ultimo
575 3242 679 3316 modo
696 3244 841 3316 moritur
855 3244 1055 3340 peregrinus
1066 3253 1101 3317 et
1111 3244 1146 3316 in
1159 3245 1247 3316 mari
1262 3245 1441 3339 projicitur
1456 3244 1659 3338 semivivus,

249 3373 284 3438 et
300 3365 596 3440 abhominationes
612 3366 844 3440 intolerabiles
865 3377 1051 3442 extraneus
1075 3367 1120 3441 ab
1146 3379 1312 3442 extraneo
1340 3368 1473 3462 cogitur
1498 3371 1659 3459 tolerare,

249 3509 336 3582 quas
350 3490 582 3584 nequicquam
596 3491 632 3562 in
649 3500 740 3564 terra
756 3490 801 3564 de
818 3500 915 3586 patre
930 3491 985 3564 vel
1001 3489 1072 3563 lilio
1084 3491 1280 3566 sustineret.
1291 3491 1335 3563 Et
1347 3491 1377 3564 si
1388 3499 1544 3586 ροὶοοιοο
1559 3514 1663 3588 prop·

249 3620 299 3708 ter
316 3613 494 3706 potencias
507 3613 707 3706 hujusmodi
724 3635 903 3708 pressuras
916 3622 1119 3704 evaserunt,
1134 3615 1268 3688 fumum
1284 3625 1400 3688 umen
1412 3637 1494 3690 acra
1509 3637 1662 3692 corrum-

249 3743 387 3828 pentem
411 3745 695 3820 cxmortuornm
720 3747 755 3809 et
780 3734 995 3814 infirmorum
1026 3737 1304 3834 corruptionibus
1327 3738 1570 3814 ascendentem
1591 3761 1661 3814 non

249 3867 410 3952 poterunt
430 3859 572 3932 evitare.
597 3859 754 3953 Cumque
777 3859 821 3931 sit
843 3860 893 3932 ibi
912 3859 1125 3934 infirmorum
1150 3861 1273 3936 mixtio
1299 3871 1334 3935 et
1356 3883 1540 3951 sanorum,
1565 3864 1662 3938 volnt

249 3981 338 4073 ignis
367 3979 520 4054 ardentis
544 3979 771 4054 inflammatio
800 3981 838 4054 in
863 3982 985 4056 domos
1010 3983 1209 4076 contiguas,
1237 3983 1434 4056 morborum
1460 3985 1660 4078 contagiosa

248 4103 431 4178 diversitas
446 4105 491 4177 ab
513 4125 585 4178 nno
606 4105 643 4176 in
664 4105 770 4178 alium
794 4107 982 4179 transvolat
1002 4116 1036 4178 et
1053 4107 1263 4202 prorumpit,
1283 4109 1404 4200 sicque
1425 4105 1469 4181 de
1487 4108 1579 4181 mille
1596 4107 1659 4182 vix

250 4248 339 4300 unns
358 4227 496 4316 evadit,
522 4227 588 4300 nisi
608 4236 766 4302 mortuus
788 4229 844 4300 vel
861 4227 1031 4301 infirmus.
1055 4228 1203 4313 Quodsi
1223 4229 1339 4304 forsan
1355 4229 1481 4324 aliquis
1496 4231 1660 4304 remansit

248 4350 456 4441 semivivus,
485 4352 522 4422 in
544 4361 633 4424 terra
660 4352 764 4425 maris
782 4361 817 4424 et
843 4352 952 4426 morbi
972 4362 1138 4447 concepto
1163 4354 1323 4445 wnugm
1344 4354 1525 4445 morietur,
1545 4355 1603 4427 vel
1628 4355 1658 4428 si

248 4481 393 4545 mortem
407 4473 565 4559 evaserit,
581 4473 740 4546 morbum
753 4483 867 4546 umen
886 4475 1112 4548 incurabilem
1123 4497 1192 4548 non
1207 4475 1333 4550 evadet
1348 4485 1387 4548 ut
1397 4486 1565 4572 perpetuo
1581 4479 1656 4552 lan·

248 4615 332 4688 gone
343 4595 503 4670 delemus
518 4618 588 4671 non
602 4599 709 4692 possit
724 4597 861 4693 propria
875 4598 947 4672 vita
959 4600 1040 4690 lrni,
1053 4598 1115 4672 sed
1128 4599 1293 4672 continua
1308 4609 1417 4672 morte
1426 4601 1530 4692 mori;
1545 4601 1656 4674 multi

248 4739 318 4814 que
334 4719 424 4792 aeris
438 4720 657 4816 corruptione
669 4721 805 4796 infectis
821 4720 997 4817 spiritibus
1016 4722 1060 4796 de
1070 4721 1157 4796 mari
1174 4721 1321 4796 redeum
1335 4723 1386 4796 sic
1399 4726 1549 4821 corrupti
1561 4723 1657 4820 quod
