4524 6012
993 661 1213 722 unlnllalnl
1237 659 1410 722 SECUNDI
1593 661 1594 665 ’
1725 655 1804 738 [Arta.
1824 655 1913 720 late.

332 1271 452 1376 23:22?
562 1261 740 1345 Mandata
758 1259 952 1364 Friderici,
972 1259 1232 1374 Romanorum
1245 1255 1498 1364 imperatoris,
1519 1256 1569 1336 ad
1587 1253 1824 1363 Fulginates,
1846 1251 1917 1334 Vi-

509 1394 714 1476 terbienses
741 1403 778 1476 et
804 1392 1034 1502 lybnminos
1064 1389 1222 1497 scripta,
1251 1387 1392 1497 quibus
1415 1411 1480 1470 eos
1508 1386 1549 1468 in
1576 1387 1691 1469 tidem
1717 1410 1827 1468 suam
1851 1384 1918 1464 in-

510 1525 615 1607 ducit
631 1535 669 1606 et
689 1524 896 1629 confortat,
917 1541 1077 1606 monens
1099 1531 1142 1604 ut
1169 1520 1327 1604 firmiter
1348 1529 1482 1602 contra
1504 1544 1645 1628 papam
1667 1529 1704 1601 et
1726 1517 1821 1599 alios
1844 1515 1916 1598 sibi

511 1657 753 1742 adversantes
770 1657 970 1766 persistere
987 1680 1065 1737 non
1083 1641 1270 1736 omittant.

1201 1921 1228 1992 l.

594 2109 687 2189 (nult.
708 2126 755 2186 ap.
771 2109 855 2170 Petri
874 2106 909 2168 de
934 2109 1000 2169 Via.
1023 2109 1135 2188 Epist,
1151 2109 1203 2169 llb.
1226 2109 1271 2183 ll,
1288 2125 1353 2186 cap.
1370 2109 1458 2180 llll13
1481 2123 1561 2168 nunc
1580 2107 1647 2168 coll.
1670 2122 1738 2168 eum
1757 2105 1823 2167 cod.
1840 2103 1917 2166 nnn

632 2217 729 2278 Cesar.
738 2213 941 2295 Paris.,fonda
951 2211 1331 2294 subtemen-nortae,
1342 2225 1375 2275 n⁰
1383 2222 1454 2294 455,
1462 2214 1664 2288 notrannus,
1676 2209 1921 2291 aot,Aac.foada

631 2319 722 2399 neas,
738 2322 843 2401 aser.)

561 2491 776 2582 Frideriens,
800 2503 883 2586 ete,
913 2493 1167 2588 Fulginatibus,
1193 2501 1260 2567 etc.
1285 2491 1358 2565 Etsi
1376 2493 1528 2587 generali
1549 2513 1619 2585 qna
1640 2500 1781 2564 cunctos
1803 2488 1923 2562 fideles

513 2625 647 2689 nostros
661 2638 749 2713 pura
768 2618 895 2689 mentis
912 2616 1090 2689 allectione
1111 2617 1383 2711 complectimur,
1401 2637 1466 2688 vos
1485 2613 1673 2687 affectuose
1692 2616 1853 2709 prosequi
1874 2623 1923 2686 te·

513 2760 670 2830 neamur,
693 2739 859 2833 speciales
876 2759 979 2811 cause
1006 2751 1243 2812 verumtamen
1268 2737 1534 2832 cogitationibus
1556 2737 1682 2809 nostris
1702 2757 1741 2810 se
1762 2735 1920 2826 offerunt,

513 2883 583 2956 que
603 2861 648 2934 ad
674 2861 823 2934 civitatis
843 2871 958 2934 vestre
980 2861 1160 2935 commoda
1180 2861 1267 2933 inter
1295 2863 1380 2934 alias
1408 2861 1564 2933 civitates
1585 2861 1681 2933 ltalie
1706 2861 1923 2954 prerogativa

513 2983 665 3078 quadam
681 2984 913 3078 multiplieiter
933 3005 997 3057 nos
1014 2985 1176 3058 invitant.
1199 2985 1399 3060 lndncimur
1420 2983 1592 3077 siquidem
1613 3003 1658 3056 ex
1680 2983 1823 3076 antiquo
1842 2981 1923 3053 fidei
1998 2967 2000 2972 ’

514 3115 629 3180 vestre
642 3109 729 3198 zelo,
748 3128 853 3200 quam
870 3127 933 3179 nec
947 3117 1101 3180 vetustas
1114 3108 1277 3202 temporis
1291 3107 1470 3201 antiquata
1487 3105 1660 3193 debilitat,
1677 3127 1741 3178 nec
1756 3125 1924 3177 annorum

515 3229 633 3324 spacia
653 3229 804 3302 fastidita
828 3229 1067 3322 confringunt,
1093 3230 1156 3303 sed
1175 3240 1306 3324 quanto
1336 3231 1413 3326 plus
1435 3229 1646 3323 intempore
1671 3227 1811 3318 labitur,
1831 3237 1925 3301 tanto

516 3370 652 3444 semper
677 3351 712 3421 in
736 3349 806 3422 fide
830 3361 944 3424 nostra
967 3353 1135 3425 recentior
1153 3354 1338 3426 invenitur.
1357 3351 1562 3424 lndueimnr
1580 3353 1681 3424 etiam
1701 3374 1747 3424 ex
1764 3372 1850 3446 pure
1864 3351 1924 3424 de·

516 3473 666 3545 votionis
692 3482 809 3544 vestre
837 3475 1040 3564 constantia,
1066 3497 1136 3569 que
1164 3498 1229 3549 nec
1249 3477 1445 3549 vicinorum
1464 3473 1637 3547 interdum
1665 3475 1824 3568 exemplo
1843 3473 1925 3544 sub·

517 3604 623 3686 mota,
640 3617 705 3668 nee
722 3597 1018 3690 persecutionibus
1042 3599 1223 3672 hostilibus
1241 3600 1443 3694 stupefacta,
1473 3605 1637 3691 tanquam
1654 3617 1776 3669 serena
1793 3617 1926 3692 semper

519 3717 555 3788 in
572 3718 693 3791 nubilo
708 3740 750 3792 eo
768 3741 904 3815 semper
919 3723 1033 3794 extitit
1052 3723 1089 3794 in
1113 3721 1183 3796 tide
1205 3731 1320 3796 nostra
1337 3721 1536 3814 ferventior,
1559 3741 1630 3815 quo
1646 3720 1774 3793 damna
1792 3739 1928 3813 semper

519 3843 657 3935 pertulit
670 3843 843 3936 gravima.
861 3843 1062 3916 Inducimur
1080 3845 1303 3918 nihilominus
1319 3867 1366 3916 ex
1382 3845 1440 3920 illa
1458 3864 1564 3918 causa
1582 3843 1756 3938 potissime
1774 3839 1870 3935 qnod
1891 3841 1927 3910 in

520 3963 684 4057 Fulgineo
700 3965 833 4058 fulgere
850 3967 997 4059 pueritia
1015 3976 1132 4040 nostra
1153 3969 1242 4062 cepit
1262 3968 1333 4063 (l);
1359 3977 1392 4040 et
1411 3967 1461 4040 sie
1476 3967 1561 4040 dum
1582 3966 1756 4038 civitatem
1779 3975 1928 4036 vestram

520 4087 635 4159 locum
665 4088 836 4162 nutriture
861 4098 976 4161 nostre
1000 4091 1202 4178 recolimus,
1231 4091 1315 4163 dum
1345 4091 1525 4164 vobiscum
1551 4087 1652 4184 quasi
1677 4087 1824 4160 civiliter
1847 4107 1928 4156 eon-

521 4209 652 4282 vixisse
676 4231 883 4305 pensamus,
915 4233 997 4306 erga
1021 4234 1085 4286 vos
1113 4213 1372 4307 quodammodo
1399 4212 1609 4287 dominantis
1644 4209 1787 4283 modum
1823 4229 1930 4280 exce·

523 4330 656 4424 dimus,
680 4342 714 4404 et
730 4335 877 4405 naturali
896 4334 1047 4428 quadam
1069 4336 1262 4410 humilitate
1285 4337 1420 4410 seducti
1445 4336 1493 4411 ad
1512 4344 1664 4409 vestrum
1689 4332 1826 4405 salubre
1842 4331 1931 4426 regi·

523 4475 603 4525 men
632 4454 842 4527 familiariter
868 4457 1075 4551 obligamur.
1102 4460 1288 4552 sicigitur
1314 4460 1360 4533 de
1387 4482 1469 4533 cura
1493 4469 1607 4532 vestra
1630 4456 1764 4531 solliciti
1793 4452 1933 4526 firmiter

1478 4645 1662 4656 a--na—--o-

566 4741 602 4814 lt)
621 4741 663 4800 Gt.
678 4741 743 4814 quid
755 4757 837 4816 supra
847 4743 1037 4818 disseruimus,
1050 4751 1070 4803 t.
1084 4746 1111 4816 l,
1126 4763 1154 4820 p.
1170 4750 1201 4818 l,
1216 4753 1271 4806 not.
1285 4751 1313 4807 2.
