4384 6004
579 663 656 726 1068
1075 659 1288 721 autentici
1312 661 1487 722 secubet
1794 663 1875 741 [Aur.
1892 663 1976 724 latu.

578 795 733 872 fidelitati
751 804 810 866 tue
830 793 1033 866 mandamns
1056 801 1227 886 quatenus
1255 805 1372 868 tenore
1393 794 1537 891 predicti
1562 797 1679 892 scripti
1701 805 1736 869 et
1757 797 1980 870 instrumento

577 928 693 992 nestro
717 917 900 1009 diligenter
923 913 1092 1010 inspecte,
1113 917 1216 1007 juxta
1240 927 1391 989 tenerem
1416 916 1526 1013 ipsius
1551 917 1677 990 dietam
1698 920 1878 992 ecelesiam
1903 942 1982 991 cum

577 1042 738 1114 omnibus
758 1038 966 1135 supradietis
982 1061 1044 1133 pro
1067 1049 1163 1132 parte
1186 1051 1302 1113 nestra
1322 1040 1453 1113 eisdem
1474 1041 1592 1114 abbati
1616 1051 1651 1113 et
1672 1043 1855 1113 conventui
1881 1043 1985 1144 iacias

578 1165 745 1259 assignari
760 1174 794 1236 et
809 1163 1012 1258 responderi
1027 1163 1072 1234 ab
1088 1163 1285 1236 bominibus
1299 1165 1385 1258 ipsis
1405 1164 1450 1235 de
1462 1165 1624 1236 omnibns
1639 1187 1708 1257 que
1722 1175 1893 1252 tenentur,
1908 1188 1984 1259 pre-

579 1291 657 1362 latis
672 1287 824 1378 exeniis,
847 1284 1056 1377 redditibus,
1078 1287 1234 1358 serviciis
1252 1287 1366 1382 operis
1382 1296 1416 1358 et
1433 1287 1509 1358 aliis
1524 1287 1662 1380 juribus
1682 1287 1782 1358 nobis
1807 1287 1931 1359 debitis
1952 1299 1985 1358 et

578 1433 649 1507 que
662 1410 781 1483 deberi
798 1408 947 1481 inveniri
965 1417 1144 1503 peterent,
1161 1418 1274 1503 preter
1286 1410 1346 1500 jus
1358 1417 1575 1502 patronatus,
1595 1409 1640 1483 ad
1659 1431 1749 1504 opus
1763 1411 1858 1482 curie
1871 1421 1984 1482 nostre

580 1535 775 1608 reservatis.

630 1659 715 1730 Data
738 1657 773 1726 in
801 1655 980 1728 obsidione
1005 1654 1187 1743 Ferentio,
1214 1655 1360 1750 septime
1388 1655 1600 1746 decembris,
1626 1654 1822 1727 indictionis
1845 1664 1983 1748 quarte-

582 1781 727 1853 decime.

630 1903 792 1975 Veientes
810 1903 915 1994 igitur
933 1921 1073 1994 presens
1094 1901 1269 1994 imperiale
1287 1900 1491 1974 mandatum
1509 1899 1743 1995 principaliter
1758 1911 1793 1971 et
1809 1899 1987 1971 efficaciter

583 2027 783 2121 adimplere,
802 2026 913 2096 vicem
929 2033 1092 2114 nestram,
1109 2025 1247 2096 eumad
1265 2045 1406 2117 presens
1420 2032 1556 2117 tempus
1573 2023 1651 2094 aliis
1667 2023 1904 2116 imperialibus
1918 2045 1987 2094 ser·

583 2150 684 2222 viciis
706 2147 863 2242 occupati
886 2168 955 2218 non
981 2167 1165 2242 possemus
1190 2167 1266 2218 esse
1293 2158 1487 2240 presentes,
1513 2146 1613 2218 vobis
1636 2146 1804 2219 duximus
1830 2145 1988 2218 commic-

584 2273 735 2346 endam.
759 2269 962 2342 Mandantes
981 2271 1080 2342 vobis
1098 2291 1144 2341 ex
1161 2279 1258 2364 parte
1276 2269 1443 2364 imperiali
1458 2280 1494 2374 et
1510 2270 1795 2362 auctoritateque
1816 2269 1992 2362 fungimur

584 2395 727 2468 tirmiter
745 2396 964 2487 injungentes
985 2402 1157 2488 quatenus
1171 2393 1406 2486 supradictam
1423 2394 1602 2478 ecclesiam
1618 2393 1731 2464 Sancti
1753 2391 1890 2485 Georgii
1915 2414 1991 2463 enm

583 2519 746 2592 omnibus
762 2516 1036 2610 possessionibus
1050 2525 1085 2588 et
1098 2515 1260 2587 omnibus
1276 2516 1467 2586 rationibus
1487 2524 1521 2586 et
1543 2515 1755 2610 pertinentiis
1772 2515 1864 2604 suis,
1887 2513 1993 2585 salvis

584 2639 745 2713 omnibus
773 2639 927 2726 exeniis,
954 2637 1163 2726 redditibus,
1190 2638 1303 2730 operis
1328 2637 1484 2710 serviciis
1504 2649 1539 2710 et
1560 2639 1839 2731 quibuscumque
1857 2637 1993 2730 juribus

586 2783 655 2853 que
673 2773 742 2833 tam
758 2761 803 2831 ab
826 2760 1011 2832 abbatibus
1034 2759 1191 2850 ejusdcm
1210 2760 1355 2832 ecclesie
1379 2781 1484 2853 quam
1504 2759 1548 2831 ab
1572 2759 1768 2830 bominibus
1787 2757 1994 2853 supradictis

586 2883 772 2978 imperialis
788 2883 880 2953 curia
897 2893 1049 2976 tempore
1062 2882 1212 2953 felicium
1227 2903 1347 2974 regum
1366 2881 1495 2954 babere
1510 2882 1708 2972 consuevit,
1725 2883 1828 2973 iuxta
1850 2883 1993 2952 termam

586 3007 893 3102 suprascriptarum
908 3005 1137 3100 imperialium
1154 3005 1341 3077 litterarum
1359 3016 1395 3077 et
1409 3014 1562 3077 tenerem
1579 3005 1794 3076 instrumenti
1811 3027 1874 3100 per
1891 3006 1996 3100 impe·

588 3133 705 3202 rialem
720 3131 852 3201 curiam
868 3128 950 3200 inde
971 3129 1068 3218 iacti,
1095 3131 1227 3223 prciato
1244 3129 1360 3200 abbati
1382 3138 1416 3200 ct
1439 3129 1625 3200 conventui
1641 3129 1754 3201 Sancti
1772 3129 1937 3222 Stephani
1953 3127 1998 3201 de

589 3255 695 3326 Bosco
712 3253 914 3346 consignare
931 3251 1100 3340 debeatis,
1120 3251 1341 3322 immittentes
1356 3251 1449 3344 ipsos
1465 3251 1501 3322 in
1519 3253 1727 3346 corporalem
1747 3253 1997 3345 possessionem

589 3386 657 3449 tam
677 3377 819 3448 ecclesie
832 3397 935 3467 quam
952 3375 1131 3445 bominem
1147 3373 1393 3468 predictorum.

639 3503 722 3572 Data
743 3501 908 3586 Messene,
929 3497 1035 3570 XVlll
1051 3497 1181 3591 aprilis,
1202 3495 1401 3568 indictionis
1416 3498 1504 3568 XIV.

639 3624 707 3694 Nos
726 3631 841 3693 antem
864 3621 924 3713 qui
943 3641 1047 3714 snpra
1068 3620 1188 3690 Petrus
1211 3619 1256 3690 de
1272 3619 1361 3690 Melo
1382 3629 1416 3690 ct
1435 3619 1607 3690 lebannes
1629 3617 1674 3690 dc
1696 3618 1841 3689 Domine
1863 3618 2001 3690 Plutine

593 3745 744 3816 volentes
765 3743 966 3816 mandatum
988 3744 1299 3837 suprascriptarum
1320 3743 1494 3813 literarum
1513 3741 1669 3832 ejusdem
1686 3741 1817 3814 demini
1831 3743 2000 3836 capitanei

592 3869 728 3963 plenius
753 3867 936 3960 diligenter
962 3874 998 3936 et
1024 3865 1207 3936 efficaciter
1228 3865 1344 3938 debite
1372 3865 1568 3936 executioni
1594 3865 1777 3954 mandere,
1801 3865 1878 3936 vise
1896 3873 1932 3936 ct
1949 3866 2001 3935 in-

592 4001 710 4086 specte
727 3992 891 4084 rescripte
910 3997 945 4060 et
960 3988 1140 4082 privilegio
1162 3989 1341 4082 imperiali,
1364 3990 1467 4078 juxta
1493 3997 1643 4061 tenorem
1668 3997 1703 4060 et
1725 3989 1867 4058 termam
1894 3988 2003 4081 ipsius

594 4113 780 4208 imperialis
795 4111 968 4208 privilegii
980 4133 1022 4184 ac
1037 4111 1146 4205 ipsius
1168 4109 1321 4182 mandati
1338 4111 1469 4182 domini
1486 4109 1654 4204 capitanei
1671 4108 1874 4204 supradicti,
1894 4111 2004 4182 eccle·

595 4235 681 4307 siam
695 4235 809 4308 Sancti
826 4233 961 4326 Georgii
986 4233 1031 4306 de
1051 4233 1220 4305 Bubalino
1240 4253 1320 4304 cnm
1336 4231 1552 4324 bominibus,
1568 4231 1786 4324 molendinis,
1804 4233 2004 4305 nemoribus

595 4368 630 4431 et
651 4357 812 4429 omnibus
836 4355 1130 4451 possessionibus,
1156 4356 1346 4428 rationibus
1359 4365 1394 4426 ct
1415 4355 1553 4446 juribus
1575 4355 1648 4426 suis
1671 4353 1801 4427 eisdem
1826 4353 1944 4426 abbati
1972 4365 2005 4426 et

597 4482 784 4554 conventui
811 4481 955 4553 ecclesie
974 4480 1089 4554 Sancti
1117 4480 1281 4574 Stephani
1305 4478 1350 4552 de
1372 4478 1482 4550 Bosco
1510 4499 1571 4573 pro
1594 4489 1689 4574 parte
1713 4479 1823 4573 ipsius
1845 4479 2001 4568 ecclesie,

598 4603 802 4676 auctoritate
824 4602 924 4675 nobis
942 4602 1123 4674 commissa
1143 4623 1204 4697 per
1221 4623 1325 4696 supra
1347 4601 1490 4696 scriptas
1513 4603 1642 4674 litteras
1667 4601 1797 4674 domini
1818 4603 2002 4696 capitanei,

599 4726 635 4797 in
658 4727 827 4820 presentia
852 4725 983 4798 domini
1006 4724 1149 4818 Torgisii
1174 4724 1219 4797 de
1238 4725 1392 4814 Sabuoo,
1414 4724 1546 4797 demini
1566 4725 1704 4798 lloberti
1727 4725 1873 4798 Luciferi
1897 4727 2005 4820 impe-
