4384 6004
558 587 636 648 leue
1062 591 1275 652 FlllllElllCl
1301 591 1475 654 SECUNDl
1780 592 1860 677 [dun.
1880 594 1968 656 latu.

555 744 668 795 rerum
685 724 893 797 turbidinem
911 735 1088 820 superaret
1100 725 1213 800 fidelis
1228 737 1263 800 et
1277 749 1419 801 concors
1435 727 1642 800 unanimitas
1656 729 1887 804 voluntatum.
1898 732 1970 804 Nos

554 857 669 918 autem
688 848 833 943 predicti
850 849 907 922 avi
925 849 1031 922 nostri
1047 848 1294 923 recordationis
1312 852 1427 924 inclite
1436 850 1593 942 vestigiis
1609 851 1818 942 inherentes,
1829 854 1893 948 qui
1906 875 1970 928 ros

554 979 588 1042 et
602 971 774 1043 civitatem
790 981 938 1045 vestram
954 973 1228 1069 privilegiorum,
1244 973 1415 1048 bonorum
1432 984 1467 1048 et
1479 975 1677 1048 libertatum
1691 975 1871 1053 beneficiis
1884 977 1971 1050 libc-

554 1096 669 1168 raliter
688 1097 886 1192 ampliavit,
907 1119 948 1170 ea
971 1099 1086 1171 omnia
1107 1100 1208 1172 vobis
1230 1099 1397 1172 duximus
1418 1101 1575 1173 alacriter
1596 1101 1850 1194 confirmanda,
1875 1111 1970 1175 tanto

553 1221 673 1292 merita
689 1229 804 1293 vestra
817 1221 987 1293 continuis
1000 1224 1162 1318 prosequi
1177 1223 1400 1318 disponentes
1418 1225 1612 1318 augmentis
1623 1233 1755 1319 quanto
1765 1245 1826 1322 per
1841 1235 1970 1298 mortes

552 1352 587 1415 et
601 1365 758 1416 carceres
778 1343 1046 1418 dominationem
1065 1355 1215 1420 nostram
1234 1347 1374 1420 avidius
1389 1345 1636 1442 assumpsistis.
1660 1349 1751 1441 Ergo
1768 1358 1855 1445 gens
1870 1349 1970 1422 here-

552 1465 675 1540 ditarie
689 1465 785 1558 fidei,
804 1469 953 1563 populus
969 1469 1058 1541 inter
1074 1467 1193 1542 fideles
1209 1471 1361 1542 Ecclesia
1375 1471 1469 1543 sulus
1484 1470 1521 1542 in
1540 1467 1674 1543 invidia
1691 1479 1726 1543 et
1745 1493 1828 1544 neee
1841 1471 1970 1544 lledio·

551 1591 743 1663 lunensium
760 1592 891 1684 positus
906 1600 940 1663 et
956 1592 1148 1686 plantatus,
1165 1593 1210 1664 ab
1223 1614 1343 1664 eorum
1360 1593 1494 1664 insidiis
1513 1593 1613 1666 vohis
1627 1602 1747 1666 cavete
1761 1596 1969 1690 propensius

551 1712 659 1806 quod,
681 1713 771 1786 sicut
790 1712 1002 1804 audivimus,
1025 1736 1096 1788 non
1114 1724 1259 1788 terrores
1275 1724 1309 1788 et
1326 1715 1522 1808 minasque
1538 1715 1737 1788 investram
1752 1739 1820 1789 non
1835 1717 1969 1790 eadunt

552 1836 734 1908 audaciam
750 1837 873 1908 frustra
897 1837 1065 1926 inserunt,
1090 1858 1158 1910 non
1176 1837 1414 1931 frequentibus
1430 1838 1635 1932 intemptent
1652 1838 1848 1912 incursibus
1867 1850 1906 1910 ut
1921 1839 1969 1912 ad

550 1977 668 2028 eorum
680 1954 858 2050 perfidiam
872 1956 1002 2050 possint
1014 1957 1192 2052 vos(quod
1201 1967 1334 2030 avertat
1343 1959 1524 2052 Dominus)
1536 1979 1708 2050 revocare,
1718 1981 1814 2032 nunc
1825 1961 1970 2056 promis·

550 2079 665 2150 siones
680 2087 715 2150 et
732 2079 918 2151 blanditias
936 2079 1084 2151 offerunt
1102 2090 1141 2150 ut
1159 2081 1346 2172 seducant,
1368 2103 1447 2153 cum
1466 2103 1585 2154 revera
1601 2103 1670 2154 non
1688 2081 1769 2155 lidei
1788 2093 1969 2180 parcerent

550 2223 614 2274 nec
626 2223 740 2274 rerum
755 2202 863 2296 copiis
876 2201 1096 2296 indulgerent
1108 2203 1138 2275 si
1152 2211 1301 2276 vestram
1319 2205 1564 2296 constanciam,
1580 2205 1669 2277 sicut
1687 2214 1856 2301 temptant
1871 2218 1905 2278 et
1920 2205 1967 2278 ad

549 2325 603 2397 sui
624 2324 749 2398 doloris
769 2327 946 2396 cumulum
966 2326 1148 2399 inveniunt
1168 2327 1426 2419 inconcussam,
1451 2327 1590 2400 valeant
1606 2327 1891 2422 promissionibus
1912 2329 1966 2400 vel

463 2471 464 2474 ’
548 2449 665 2542 aliquo
678 2448 795 2522 federe
812 2447 961 2521 fictionis
979 2450 1024 2520 ab
1040 2451 1314 2522 incommutabili
1332 2447 1413 2523 fidei
1431 2459 1545 2524 vestre
1564 2451 1738 2546 proposito
1756 2449 1861 2526 modo
1879 2475 1967 2548 quo·

547 2572 631 2644 libet
651 2573 806 2645 alterare.
829 2571 1040 2645 Confidimus
1055 2583 1170 2645 tamen
1190 2573 1226 2644 in
1244 2573 1343 2646 vobis
1356 2573 1453 2667 quod
1472 2571 1590 2646 infidis
1605 2573 1914 2648 adinventionibus
1932 2585 1967 2646 et

548 2695 728 2768 conatibus
750 2693 964 2792 perfidorum
987 2716 1051 2768 vos
1070 2705 1266 2770 constanter
1283 2706 1318 2768 et
1331 2695 1473 2769 viriliter
1489 2697 1592 2788 juxta
1610 2697 1749 2773 solitum
1762 2698 1962 2792 opponatis,

547 2819 630 2912 quia
647 2819 755 2892 nichil
778 2817 875 2892 aliud
895 2819 1072 2892 elaborant
1094 2817 1161 2890 nisi
1182 2829 1223 2890 ut
1243 2827 1445 2914 potestatam
1470 2819 1634 2892 baberent
1658 2820 1693 2892 in
1719 2819 1820 2892 vobis
1838 2817 1898 2918 [et]
1917 2820 1964 2892 ad

546 2943 735 3016 vindictam
753 2965 859 3037 quam
881 2955 998 3015 contra
1013 2963 1076 3015 vos
1094 2941 1234 3033 sitiunt,
1252 2942 1297 3014 de
1315 2943 1366 3016 eis
1383 2943 1513 3035 justins
1529 2943 1567 3014 in
1586 2944 1710 3016 vestris
1728 2943 1890 3016 manibus
1909 2965 1965 3014 re·

547 3077 737 3155 servatam,
760 3067 849 3138 sicut
866 3065 1002 3161 decepti
1021 3065 1216 3161 desipiunt,
1236 3063 1440 3138 desevirent.
1457 3067 1507 3138 De
1525 3065 1626 3139 nobis
1642 3077 1759 3138 autem
1775 3073 1885 3138 certos
1897 3087 1964 3139 vos

546 3211 621 3262 esse
642 3191 803 3262 volumus
822 3199 856 3261 et
876 3189 1030 3284 plenarie
1047 3191 1256 3262 confortatos
1278 3187 1374 3283 quod
1397 3189 1609 3262 necessitatis
1636 3199 1750 3262 vestre
1771 3189 1963 3262 continuati

546 3335 702 3386 rumores
722 3313 854 3384 felicem
874 3311 1065 3385 adventum
1084 3323 1238 3385 nostrum
1256 3311 1304 3384 ad
1322 3322 1476 3386 vestrum
1491 3311 1689 3387 subsidium
1708 3323 1743 3386 et
1756 3333 1962 3386 succursum

547 3439 582 3508 in
602 3438 732 3510 ltaliam
751 3446 986 3526 maturarunt3
1006 3438 1053 3517 ita
1074 3437 1169 3532 quod
1185 3439 1219 3508 in
1238 3437 1473 3510 Romaniolam
1490 3439 1670 3512 venientes
1687 3445 1722 3512 et
1741 3437 1882 3509 civitate
1897 3436 1963 3508 lle·

546 3581 659 3632 venne
681 3561 843 3652 subacta,
861 3561 1069 3633 Favenciam
1091 3561 1127 3631 in
1151 3561 1332 3632 transitum
1358 3562 1415 3633 vie
1434 3559 1579 3655 positam
1601 3571 1636 3634 et
1659 3559 1786 3634 nostris
1806 3559 1962 3632 serviciis

547 3682 784 3756 adversantem
807 3706 876 3756 nen
892 3683 1045 3756 vidimus
1070 3683 1315 3776 omittendam,
1334 3706 1439 3778 quam
1463 3685 1639 3756 obsessam
1660 3683 1788 3756 arctius
1813 3683 1963 3754 circum-

545 3829 686 3902 quaque
711 3817 745 3879 at
765 3807 895 3880 bellicis
914 3807 1082 3880 machinis
1106 3817 1141 3880 at
1162 3807 1430 3903 propugnaculis
1450 3809 1570 3901 procul
1595 3805 1704 3880 dubio
1724 3815 1960 3902 expugnatam

545 3931 704 4026 proximo
726 3929 931 4004 bellatorum
955 3951 1121 4024 aggressu
1149 3930 1370 4003 intendamus
1391 3930 1574 4002 instantius
1594 3928 1770 4017 obtinere;
1797 3938 1832 4000 et
1854 3929 1906 4000 sio
1924 3929 1960 4000 in

544 4064 647 4126 antea
663 4053 720 4126 via
738 4053 871 4125 viribus
883 4063 917 4125 et
933 4053 1023 4124 ferro
1037 4061 1171 4147 parata,
1190 4073 1252 4147 per
1265 4060 1397 4124 rectum
1410 4050 1474 4124 iter
1488 4050 1693 4124 lombmdia
1708 4071 1832 4125 versus
1845 4059 1960 4145 partes

545 4181 637 4274 ipsas
657 4176 892 4271 disposuimus
912 4195 1094 4270 properare
1112 4186 1150 4248 nt
1167 4185 1342 4271 resumpta
1360 4174 1405 4247 de
1425 4175 1582 4248 hostibus
1599 4175 1733 4247 ultione
1757 4174 1819 4268 qni
1839 4184 1959 4248 contra

545 4323 608 4374 nos
629 4301 751 4373 acriter
773 4299 1048 4391 debacchantur,
1072 4309 1200 4372 statum
1224 4309 1377 4372 vestrum
1399 4299 1436 4369 in
1454 4297 1698 4393 tranquillitate
1716 4297 1833 4370 debita
1850 4299 1959 4370 reler-

544 4445 692 4513 memus,
708 4405 890 4494 universos
904 4431 939 4494 et
954 4422 1108 4516 singulos
1124 4421 1280 4494 vestrim
1297 4421 1471 4494 beneficiis
1488 4431 1522 4493 et
1535 4421 1726 4493 honoribus
1738 4419 1954 4515 ampliantes.

543 4549 613 4619 llus
631 4547 736 4640 igitur
756 4545 791 4617 in
814 4544 895 4618 fidei
913 4555 1080 4620 consuete
1095 4546 1218 4618 robore
1236 4545 1462 4619 consistentes
1481 4544 1527 4618 ad
1553 4524 1786 4640 receptionem
1802 4551 1956 4617 nostram

544 4669 766 4745 devotissime
784 4691 850 4742 vos
866 4671 1010 4766 paretis,
1027 4669 1223 4742 resistentes
1242 4668 1506 4764 magnanimiter
1524 4666 1766 4742 communibus
1783 4665 1954 4756 inimicis,
