4524 6012
313 653 409 714 innam.
428 651 488 736 la]
755 653 951 716 ursuoutn
979 651 1272 715 DIPLOMATICA.

370 1148 546 1232 Mandata
568 1151 617 1232 de
645 1151 819 1260 expensis
840 1151 978 1234 dandis
1000 1151 1155 1236 Nioolao
1173 1151 1221 1233 de
1243 1149 1369 1231 Trono
1395 1146 1549 1230 valletto
1573 1167 1722 1226 mares-
1747 1136 1926 1246 ‘'iiim''

319 1279 438 1362 oallne
454 1281 521 1391 qui
549 1307 637 1364 oum
655 1283 764 1393 equis
786 1283 912 1367 euriae
939 1284 989 1366 ad
1015 1282 1267 1393 praesentiam
1290 1279 1470 1390 principis
1498 1305 1537 1362 se
1553 1278 1723 1361 eonserre

319 1413 463 1496 debeat.
616 1417 620 1433 ’

399 1595 528 1677 (nepot.
543 1597 646 1676 imper.
659 1595 775 1658 uada.
791 1597 832 1676 11,
847 1597 898 1658 fot.
917 1607 953 1660 se
969 1615 1068 1672 verso;
1084 1601 1114 1658 in
1127 1550 1199 1659 edtt.
1215 1599 1351 1667 caream,
1366 1614 1397 1674 p.
1416 1593 1498 1671 ete.)

368 1743 414 1810 De
429 1741 595 1834 intpsnod
611 1743 768 1816 mndata
786 1747 875 1836 [aeto
891 1766 954 1837 per
971 1743 1139 1818 moenum
1155 1745 1300 1834 Romen
1311 1741 1351 1812 de
1367 1741 1584 1812 Trenteaario
1594 1740 1725 1832 scripsit

322 1864 548 1940 Laurentes:
1157 1844 1159 1852 Ι

369 1985 585 2078 Frederions,
603 1997 686 2079 ete,
704 1989 842 2062 Nieotao
863 1989 909 2062 de
929 1991 1040 2062 Trano
1059 1989 1255 2061 marescallo
1274 1987 1435 2077 valteoto,
1453 1996 1518 2058 ete.
1538 1986 1629 2072 Quia
1645 1987 1727 2080 eqni

325 2107 422 2180 nobis
439 2120 521 2181 sunt
540 2111 724 2204 plurimum
739 2113 912 2206 oportuni,
939 2111 1144 2185 mandamus
1161 2120 1331 2203 qnatenus
1348 2109 1462 2182 statim
1480 2109 1566 2182 visis
1577 2109 1644 2203 hys
1661 2109 1727 2194 lic-
1854 2201 1862 2209 ἱ

325 2232 404 2302 teris
417 2253 498 2303 enm
516 2233 616 2327 equis
633 2235 795 2308 omnibus
814 2235 910 2310 euris
928 2244 1047 2306 nostre
1064 2256 1155 2327 qnos
1173 2233 1271 2306 doois
1289 2233 1336 2306 ad
1356 2233 1562 2328 presentiam
1577 2241 1727 2306 nostram

234 2399 235 2402 π
325 2354 465 2427 studeas
484 2365 518 2426 te
542 2358 712 2446 conferre,
729 2378 788 2451 per
813 2357 1037 2450 viamquam
1058 2357 1195 2430 noveris
1211 2357 1393 2446 tutiorem,
1411 2365 1446 2428 et
1467 2376 1548 2428 eoos
1570 2353 1729 2448 quodde

325 2479 486 2572 expensis
514 2479 598 2574 ipsis
632 2479 732 2574 equis
762 2489 796 2552 et
825 2480 888 2559 tibi
915 2477 1059 2570 dandis,
1083 2479 1133 2552 A:
1157 2477 1228 2554 filio
1259 2479 1396 2552 Henriei
1428 2479 1563 2552 tioteras
1597 2489 1730 2550 nostras

330 2602 496 2674 duximus
509 2602 744 2676 destinandas.

373 2727 497 2798 Datum
515 2723 610 2820 apud
624 2725 799 2814 Aradum,
814 2725 861 2797 xl
871 2725 1039 2820 prunarii,
1056 2724 1136 2797 x111
1154 2724 1363 2801 indiotionis.

372 2851 481 2920 item:
885 2912 889 2937 ‚

373 2971 590 3060 Frederiens,
607 2981 692 3060 ete,
709 2970 911 3064 Alexandro
931 2970 1001 3044 tilio
1023 2971 1180 3059 Bennoi,
1197 2979 1263 3042 eto.
1282 2969 1372 3056 Quia
1394 2969 1555 3045 volumus
1574 2977 1612 3040 ut
1630 2968 1733 3042 Nico·

327 3094 402 3167 taus
416 3094 462 3166 de
476 3095 606 3180 Trano,
622 3101 705 3181 eto,
727 3114 805 3165 eum
826 3095 924 3187 equis
942 3096 1069 3168 nostris
1083 3115 1172 3188 quos
1188 3093 1304 3184 ducit,
1320 3115 1382 3189 pro
1397 3092 1527 3186 quibus
1546 3112 1626 3164 enm
1647 3091 1734 3164 hao-

330 3225 429 3288 tenus
448 3217 669 3306 miseramus,
697 3215 743 3286 ad
766 3218 974 3311 presentiam
997 3227 1111 3289 nostre
1133 3217 1318 3308 majestatis
1344 3215 1502 3306 accedat,
1529 3214 1734 3288 mandamus

330 3347 501 3432 quatenus
523 3337 569 3412 ad
593 3337 854 3432 requisitionem
877 3339 959 3412 dicti
983 3340 1113 3414 Nicolai
1133 3341 1300 3414 sonterios
1326 3349 1494 3434 quotquot
1527 3338 1735 3412 neeessarios

330 3461 488 3534 habuerit
500 3471 535 3533 et
547 3469 676 3533 statuto
694 3483 797 3556 super
813 3463 976 3557 expensis
993 3462 1159 3536 iaciendis
1177 3463 1294 3558 aliquo
1312 3464 1388 3536 viro
1404 3461 1551 3558 provido
1566 3471 1601 3536 et
1619 3461 1732 3548 fideli,

331 3605 502 3680 expensas
519 3585 729 3657 necessarias
744 3607 855 3680 nsque
872 3585 918 3658 ad
935 3587 1141 3681 presentiam
1157 3595 1307 3658 nostram
1324 3607 1384 3682 pro
1403 3585 1503 3659 dictis
1518 3587 1634 3679 equis,
1655 3607 1734 3682 seu-

331 3709 436 3797 teriie,
450 3706 573 3780 eodem
590 3707 742 3797 Nioolso,
757 3687 901 3780 duobus
913 3709 1084 3792 scuteriis,
1098 3719 1134 3782 et
1147 3709 1259 3782 trihus
1274 3685 1374 3802 equis
1388 3709 1510 3803 ipsius,
1532 3709 1578 3781 de
1588 3710 1734 3804 pecunia

332 3830 553 3902 onnenostrs
569 3851 639 3923 qne
655 3841 706 3903 est
724 3851 785 3925 per
804 3841 1039 3917 modestum,
1061 3831 1189 3905 dabam
1206 3833 1384 3906 exhibere.
1415 3872 1418 3884 ·

380 3953 503 4024 Datum
523 3951 722 4052 [esmant

848 4219 1075 4232 anm-n-
1084 4223 1186 4231 ——n-u—
1193 4215 1529 4234 maa-*m

387 4390 565 4503 Mandata
583 4403 631 4505 od
650 4423 876 4534 justitiarios
893 4394 1075 4518 uthonos
1097 4433 1223 4518 mulos
1240 4433 1408 4517 invenire
1426 4432 1602 4516 studeant
1619 4439 1656 4514 et
1673 4453 1738 4513 eos
1763 4453 1945 4508 rauranum.

473 4551 482 4566 .
1785 4508 1923 4564 resumo.

337 4547 386 4628 ad
403 4575 549 4654 sunam
566 4556 730 4642 mittant.

421 4737 547 4820 (uque
564 4743 666 4825 torpor.
682 4747 800 4810 &edm
816 4751 854 4825 11,
864 4751 919 4814 tot
937 4756 1135 4832 enverso31n
1147 4751 1217 4815 edtt.
1233 4752 1370 4832 Carmo,
1385 4769 1415 4831 p.
1434 4749 1523 4830 ets),
