4524 6012
284 707 377 762 lemur.
397 697 457 780 lta]
729 697 924 758 HISTORIA
952 693 1243 758 ntrtortnnlca
1630 695 1690 758 655

284 837 398 932 phano
416 835 461 908 dc
483 834 659 930 Philippo,
679 832 822 906 Tibaldo
840 835 935 908 tratri
956 835 1049 925 ejns,
1071 833 1177 906 Panlo
1201 831 1432 924 Malagrnmo,
1456 829 1595 902 Nicolao
1615 833 1690 902 Ste-

285 960 385 1054 phani
404 959 450 1032 de
475 958 633 1053 Philippo
657 967 692 1030 et
715 959 807 1030 Luce
829 956 874 1031 de
897 959 1054 1046 Ianuar,
1077 955 1323 1028 mercatoribus
1347 955 1510 1026 Romanis
1529 951 1690 1026 fidelihus

285 1084 423 1174 nonum,
450 1103 512 1176 pro
535 1081 648 1154 nnciis
672 1082 749 1154 auri
768 1080 843 1154 CCC
861 1090 894 1152 et
918 1082 1031 1170 llel,
1051 1080 1097 1152 ad
1122 1079 1282 1172 generale
1302 1076 1440 1174 pondus
1463 1077 1581 1170 regni,
1602 1097 1690 1171 quas

286 1208 478 1280 debuerunt
491 1204 645 1299 recipere
662 1204 708 1278 de
722 1225 858 1278 camera
871 1213 988 1278 nostra
1003 1203 1099 1298 apud
1112 1203 1311 1277 Cremonam
1330 1223 1392 1298 per
1407 1210 1517 1274 totum
1538 1221 1690 1273 mensem

287 1330 436 1404 octubris
452 1329 528 1402 Xlll
546 1328 762 1415 indictionis,
779 1351 843 1424 pro
858 1338 979 1400 mutuo
998 1327 1094 1421 qnod
1108 1329 1260 1400 lecerunt
1277 1347 1413 1398 camere
1429 1335 1544 1398 nostre
1561 1325 1597 1396 in
1615 1345 1689 1398 cas·

287 1453 342 1524 tris
360 1453 457 1546 apud
474 1452 708 1526 landrianum
726 1453 771 1524 lll
788 1451 933 1547 predicti
948 1452 1078 1525 mensis
1100 1451 1271 1542 octubris,
1292 1449 1375 1544 quia
1391 1447 1544 1544 predicto
1563 1451 1641 1520 loco
1656 1457 1691 1520 et

287 1577 429 1648 termino
446 1575 590 1670 quietati
601 1575 647 1650 dc
664 1573 816 1669 predicta
832 1576 977 1670 pecunia
991 1596 1061 1648 non
1079 1577 1219 1648 luerunt
1230 1593 1295 1646 nec
1312 1581 1470 1668 poterant
1487 1572 1533 1646 ad
1550 1591 1690 1667 presens

287 1701 318 1770 in
333 1701 430 1772 curia
445 1708 561 1772 nostra
576 1699 726 1792 persolvi
746 1699 792 1772 de
809 1701 956 1794 pecunia
973 1697 1087 1772 delata
1102 1699 1147 1771 de
1170 1719 1278 1792 regno
1294 1717 1356 1792 per
1373 1696 1558 1771 ilenricnm
1573 1695 1689 1768 Abba·

287 1835 350 1896 tem
365 1823 504 1898 fidelem
516 1834 670 1896 nostrum
683 1821 875 1896 secundnm
889 1824 1151 1896 conventionem
1163 1822 1215 1894 eis
1231 1823 1369 1906 iactam,
1383 1831 1419 1893 et
1433 1841 1552 1892 eornm
1566 1821 1691 1894 solutio

286 1969 394 2042 usqne
416 1948 463 2020 ad
484 1947 650 2020 kalendas
672 1947 777 2020 madii
806 1948 965 2042 pmximn
987 1949 1092 2020 iutnri
1118 1947 1223 2040 hujus
1247 1946 1323 2018 Xlll
1354 1944 1551 2018 indictionis
1576 1945 1691 2018 extitit

285 2081 483 2167 prorogata;
497 2070 592 2144 unde
604 2071 700 2142 cuda
713 2080 827 2144 nostra
840 2072 1002 2144 convenit
1014 2072 1078 2160 cis,
1089 2071 1295 2166 computatis
1307 2069 1467 2164 dampnis
1481 2080 1514 2140 et
1527 2070 1691 2142 interesse

285 2195 512 2288 predictorum
534 2216 599 2267 sex
616 2194 804 2284 mensium,
824 2193 869 2266 de
888 2195 1034 2288 singulis
1062 2197 1173 2267 tribus
1190 2195 1303 2267 unciis
1323 2202 1472 2288 quatuor
1497 2193 1619 2266 uncias
1641 2195 1691 2267 ia·

285 2339 359 2390 nere
375 2317 534 2390 exhiberi
552 2339 623 2412 qne
641 2317 774 2390 suntin
799 2339 935 2392 summu
959 2319 1062 2392 uncie
1088 2319 1164 2391 nuri
1182 2317 1440 2392 CCCCXXVllll
1460 2327 1493 2390 et
1510 2317 1617 2390 tareni
1635 2319 1687 2408 X,

284 2441 328 2516 ud
342 2443 502 2534 generula
523 2441 679 2537 pondns;
698 2442 918 2536 pmmisimns
936 2442 1031 2537 quod
1049 2444 1218 2516 Obbertns
1235 2442 1520 2516 Fallamonaclrns
1540 2450 1691 2514 secretus

284 2565 460 2656 Panormi,
485 2564 597 2640 fidelis
620 2577 755 2652 noster,
776 2587 837 2660 pro
862 2575 960 2660 parte
984 2567 1080 2640 curia
1101 2579 1235 2658 nostre,
1256 2567 1302 2640 de
1317 2567 1466 2663 pecunia
1483 2565 1693 2639 venditionis

285 2689 485 2762 victualium
508 2700 544 2762 et
560 2697 792 2784 proventuum
807 2698 969 2784 portuum
987 2690 1102 2763 Sicilie
1117 2692 1207 2763 ultra
1223 2691 1352 2764 llumen
1374 2692 1528 2782 Salsum,
1549 2711 1619 2785 quc
1641 2699 1694 2764 est

284 2834 344 2908 per
360 2834 487 2886 manns
500 2833 600 2902 suus,
623 2812 659 2884 in
677 2812 842 2908 predictis
859 2813 1018 2888 kalendis
1037 2814 1145 2888 madii
1163 2816 1286 2888 nncias
1309 2816 1403 2910 ipsas
1425 2813 1588 2908 predictis
1606 2836 1695 2887 mer·

284 2937 457 3010 autoribus
470 2937 529 3010 vel
544 2936 642 3009 altori
653 2957 791 3027 eornm,
808 2937 884 3010 sive
896 2947 989 3010 certo
1002 2940 1131 3012 nuncio
1146 2941 1202 3011 vel
1221 2938 1433 3034 procuratori
1451 2939 1603 3032 ipsorum
1620 2939 1695 3012 sine

284 3059 484 3134 difficultate
508 3068 545 3133 et
560 3060 699 3153 majoris
717 3080 813 3133 more
832 3059 1016 3156 dispendio
1040 3063 1167 3136 debeat
1188 3061 1359 3156 quietam
1378 3069 1413 3134 et
1430 3062 1460 3133 si
1475 3062 1562 3134 torte
1579 3062 1695 3156 aliquo

284 3182 463 3255 accidente
478 3205 575 3274 casn,
593 3182 688 3277 qnod
704 3184 845 3256 omnino
857 3185 1031 3277 nolumus,
1050 3186 1225 3280 predictus
1239 3187 1418 3258 solutionis
1435 3186 1603 3259 terminus
1615 3207 1694 3281 psr-

284 3309 459 3398 transiret,
478 3307 605 3382 deinde
619 3308 656 3380 in
670 3317 771 3381 antea
789 3309 959 3403 quamdiu
971 3310 1097 3382 solutio
1112 3310 1319 3402 differretur,
1335 3311 1380 3385 de
1395 3309 1541 3402 singulis
1557 3319 1695 3382 centnm

285 3431 394 3504 unciis
422 3431 467 3504 de
496 3441 567 3505 tota
594 3431 749 3527 predicta
780 3433 973 3526 quantitate
997 3433 1251 3508 CCCCXXVllll
1281 3435 1460 3507 unciarum
1490 3441 1525 3506 et
1554 3442 1694 3507 tareno-

285 3575 359 3627 rnm
374 3557 420 3646 X,
441 3563 512 3628 tres
526 3555 647 3628 uncias
664 3556 741 3627 anri
761 3555 809 3630 ad
828 3559 990 3649 generale
1007 3557 1145 3653 pondus
1165 3579 1398 3654 parmensem
1414 3557 1696 3630 idemObbcrtus

284 3699 346 3771 pro
363 3677 526 3772 dampnis
544 3687 579 3750 ct
594 3679 759 3752 interesse
781 3679 833 3752 cis
850 3681 983 3755 solvere
1000 3689 1156 3755 teneatur
1181 3692 1216 3755 ct
1235 3681 1376 3768 debeat,
1400 3690 1435 3754 et
1451 3679 1693 3754 nichilominus

284 3799 416 3893 integro
427 3808 463 3872 et
474 3801 549 3874 sinc
559 3799 761 3874 difficultate
776 3803 910 3876 solvere
929 3803 1014 3898 ipsis
1032 3805 1152 3878 uncias
1168 3803 1399 3900 supradictas.
1418 3801 1535 3892 Unde,
1549 3811 1615 3874 etc.

330 3923 456 3993 Datum
472 3922 567 4017 apud
585 3925 709 4016 Senos,
729 3925 803 3996 Vlll
817 3925 984 4018 januarii,
1006 3927 1081 3999 Xlll
1098 3927 1307 4001 indictionis.

330 4042 397 4115 Pro
421 4045 543 4118 mrtem
567 4049 701 4141 scripsit
719 4047 869 4140 predicto
901 4046 1041 4122 Obiertc
1067 4062 1189 4122 scente
1216 4049 1376 4122 Panormi
1401 4048 1532 4119 lictores
1559 4049 1691 4120 amasos

276 4167 383 4256 juctc
400 4170 544 4260 somam
558 4170 742 4262 predictum
754 4193 816 4265 per
829 4174 941 4244 omnic
955 4184 987 4245 ct
1002 4174 1180 4246 omaciusit:
1195 4174 1310 4259 Quare
1329 4145 1485 4245 fidelitati
1502 4181 1561 4244 tue
1579 4174 1692 4266 preci-

280 4287 410 4382 piando
438 4291 645 4366 mandamns
668 4302 840 4388 paunus
860 4296 1068 4370 adveniente
1088 4297 1234 4371 termino
1263 4295 1486 4392 supradicto,
1519 4297 1691 4391 predictas

280 4411 534 4488 uuucxxvtltl
549 4417 670 4489 undas
686 4427 722 4490 ct
740 4428 875 4492 tarenos
897 4421 929 4490 X
949 4420 995 4492 ud
1015 4421 1175 4515 generale
1196 4419 1335 4516 pondus
1354 4419 1494 4514 pretatis
1523 4431 1690 4493 mercato-

279 4535 377 4608 ribus
401 4539 458 4610 vel
483 4540 580 4612 alteri
605 4559 724 4614 eornm
752 4541 830 4615 eive
858 4551 951 4617 certe
977 4546 1105 4617 nuncio
1133 4565 1196 4617 sen
1225 4544 1435 4639 procuratori
1464 4545 1616 4639 ipsorum
1645 4544 1690 4616 de

280 4659 429 4752 pecnnia
462 4659 671 4736 venditionis
698 4664 900 4738 victualium
933 4676 966 4739 et
995 4679 1225 4762 proventuum
1257 4678 1419 4763 portuum
1452 4667 1568 4738 Sicilie
1599 4669 1688 4739 ultra

279 4779 409 4856 tlumsn
423 4783 578 4875 Salsum
596 4807 666 4881 quc
684 4797 737 4860 est
757 4809 817 4883 per
833 4810 955 4862 manus
972 4799 1061 4878 tuas,
1081 4791 1156 4864 sine
1169 4791 1368 4865 difficultate
1384 4801 1420 4864 et
1438 4790 1575 4882 majoris
1593 4811 1688 4863 more
