4468 6010
280 617 372 676 barm.
391 609 451 696 la]
723 608 920 670 HISTORIA
944 607 1238 672 lilPLOMATlCd.
1627 611 1685 670 757

324 752 371 820 lle
386 745 544 819 merloto
557 741 660 843 [sodo
668 766 730 840 per
741 745 937 836 capisam
950 743 1088 817 Petrum
1102 745 1143 818 de
1159 741 1275 844 Vinea]
1288 746 1421 840 aripuit
1434 745 1476 818 P.
1490 745 1530 818 dc
1543 746 1659 840 Capua
1673 771 1682 815 ε

208 887 212 894 ’
323 871 543 961 Frederieus,
569 877 653 959 ete,
668 867 708 940 B.
729 867 887 940 Pisciouo
902 867 1087 960 justitiario
1109 865 1291 965 [Aprutii],
1313 877 1379 942 etc.
1398 869 1687 944 Denunciatioues

281 993 445 1090 quasdam
461 976 575 1087 nuper
591 999 707 1064 nostre
724 990 821 1064 curie
839 998 1051 1086 pmentubs
1067 991 1241 1066 mictimus
1258 992 1321 1065 tibi
1342 993 1561 1088 presentibus
1579 993 1687 1066 inter-

281 1121 407 1206 clusas,
430 1125 466 1190 et
487 1137 606 1188 aarum
631 1113 833 1208 exemplum
858 1113 1033 1188 innostra
1058 1135 1194 1190 munera
1217 1124 1455 1190 conservatur.
1480 1115 1687 1192 blandamus

283 1241 384 1336 igitur
395 1249 433 1312 et
450 1237 660 1335 precipimus
680 1235 838 1310 fidelitati
853 1244 912 1308 tue
928 1245 1100 1328 quatenus
1115 1237 1160 1310 de
1176 1239 1337 1312 omuibus
1354 1239 1439 1334 ipsis
1458 1238 1688 1313 denuntiatio·

282 1366 379 1436 nibus
395 1362 652 1456 inquisitionem
665 1359 805 1433 studeas
818 1360 930 1432 iacere
945 1358 1158 1452 diligentem,
1173 1369 1208 1434 et
1221 1383 1264 1434 ea
1280 1363 1381 1451 tacu,
1395 1383 1484 1456 quos
1498 1363 1688 1459 culpabiles

280 1499 311 1562 et
333 1486 530 1582 puniendos
549 1485 723 1557 inveneris
739 1503 802 1578 per
820 1481 1002 1572 eamdem,
1019 1483 1193 1558 mediante
1211 1485 1344 1577 justitia
1366 1487 1506 1580 punias,
1524 1487 1572 1560 itu
1589 1485 1687 1582 quod

281 1613 368 1684 illata
383 1609 666 1702 delinquentibus
681 1629 771 1702 penu
794 1605 839 1678 sit
855 1605 980 1679 similia
999 1607 1230 1700 cogitantibus
1250 1607 1298 1682 ad
1317 1615 1484 1682 terrorem
1499 1617 1535 1682 et
1550 1619 1688 1684 revooet

282 1755 371 1808 eona
390 1733 563 1828 proposito
582 1727 822 1824 delinquendi.

323 1859 449 1930 Datum
463 1854 559 1951 apud
576 1853 712 1948 Aquam
726 1855 901 1948 Spartam,
920 1852 982 1924 XV
996 1851 1177 1944 februarii,
1196 1855 1274 1926 Xlll
1292 1853 1500 1928 indictionis.

323 1983 425 2053 lator
440 1980 505 2051 fuit
526 1979 646 2051 Petrus
663 1975 804 2050 Berurdi
824 1976 992 2050 lobannis
1014 1976 1184 2050 senterius
1206 1977 1252 2050 de
1275 1978 1440 2052 Sulmona
1456 1974 1530 2075 [qui
1546 1979 1688 2054 dennu-

285 2105 443 2178 ciationea
455 2103 538 2176 iecit
552 2098 627 2198 (o)].

325 2230 372 2298 lte
382 2225 493 2298 eodem
505 2224 664 2296 madata
680 2223 811 2317 scripsit
823 2220 913 2294 idem
929 2249 942 2294 .·

322 2349 545 2438 Fredericus,
562 2357 646 2434 eta,
668 2348 707 2418 li.
730 2345 900 2437 Pisoiono‚
917 2361 983 2420 etc.
1003 2345 1287 2420 Denuntiationea
1303 2346 1471 2440 quasdam
1485 2370 1546 2445 per
1559 2349 1687 2424 loben-

284 2495 355 2546 nem
375 2472 421 2547 de
444 2473 535 2546 bleta
556 2469 692 2544 fidelem
715 2479 871 2542 nosbum
894 2491 1005 2565 nuper
1028 2479 1143 2542 nostre
1167 2469 1262 2542 curie
1285 2481 1495 2564 presentatus
1514 2473 1686 2546 mictimus

285 2595 337 2666 tibi
355 2595 574 2690 presentibus
598 2593 820 2682 interclusas,
848 2601 883 2666 et
904 2614 1024 2666 eurum
1041 2592 1240 2687 exemplum
1258 2593 1427 2667 innostra
1445 2617 1583 2668 camera
1599 2618 1686 2671 cou-

281 2729 443 2792 sarratur.
459 2716 666 2791 blaudumus
682 2716 787 2808 igitur
798 2725 833 2789 et
849 2717 1060 2812 precipimus
1074 2715 1228 2789 fidelitati
1253 2725 1311 2788 tue
1326 2727 1499 2809 quatenus
1514 2719 1559 2793 de
1574 2721 1687 2794 omui·

278 2840 342 2912 bus
360 2841 447 2936 ipsis
459 2838 778 2912 denuntiationibus
799 2839 1057 2932 inquisitionem
1072 2839 1177 2912 lacius
1196 2838 1410 2932 diligentem,
1428 2852 1463 2914 et
1480 2844 1604 2916 iactam
1619 2845 1685 2918 sub

280 2963 390 3054 sigillo
412 2973 473 3036 tuo
489 2963 535 3036 ad
552 2965 682 3038 coriam
698 2973 849 3035 nostram
865 2964 997 3036 mictus.

324 3087 450 3158 Datum
470 3083 521 3182 [ut
537 3067 669 3184 supro}

326 3211 427 3283 Lator
440 3210 507 3281 luit
521 3209 615 3284 idem
632 3211 807 3286 lohannes
824 3210 869 3286 de
884 3211 988 3286 Meta.

524 3507 1444 3519 sufflo-..m

330 3768 505 3852 Mandata
526 3770 577 3852 ad
591 3769 782 3880 Angelum
801 3771 849 3853 de
865 3769 991 3856 Marna
1008 3781 1046 3856 et
1062 3771 1288 3856 Riocardum
1305 3773 1354 3857 de
1371 3772 1532 3858 Pulcaro
1548 3775 1597 3858 de
1619 3799 1688 3858 as-
1722 3788 1885 3888 affirm-345

286 3897 466 4008 signando
488 3912 613 3984 castro
636 3901 841 3985 Salvatoris
865 3903 915 3986 ad
936 3903 1040 3990 Mare
1062 3903 1224 3988 iohanni
1249 3904 1298 3987 de
1319 3905 1456 3992 Amato
1481 3932 1552 4016 pro
1578 3931 1688 3992 mora

285 4028 454 4116 dominae
470 4033 733 4142 imperatricis.

359 4227 488 4311 (licum.
502 4231 605 4310 iaopm
618 4229 735 4292 Freder.
757 4232 796 4306 11,
814 4231 866 4294 lot.
888 4241 925 4294 tt
940 4239 1036 4308 [οπως
1050 4236 1083 4295 ln
1100 4235 1171 4296 edit.
1185 4235 1323 4316 Curcum,
1335 4253 1367 4314 p.
1385 4235 1467 4316 tte.)

328 4401 372 4472 lic
388 4401 546 4473 mandato
560 4406 647 4496 soctp
663 4425 725 4497 per
739 4407 938 4498 magistrum
957 4407 1095 4478 Petrum
1117 4407 1156 4478 de
1176 4410 1279 4480 Vinea
1296 4410 1428 4502 scripsit
1446 4409 1486 4480 G.
1507 4409 1547 4481 de
1563 4412 1684 4484 Tocco:

328 4523 546 4616 Fredericus,
567 4536 652 4618 eta,
668 4526 801 4620 Angelo
819 4527 865 4600 de
880 4529 1004 4618 Murra,
1020 4538 1088 4602 eto.
1108 4530 1198 4616 Quia
1218 4533 1330 4626 placet
1352 4533 1555 4607 excellentie
1569 4545 1685 4608 nostre

321 4688 361 4769 (a)
381 4690 462 4752 lluee
475 4695 560 4754 nuda
573 4695 688 4756 inclusa
700 4692 851 4756 adduntur
864 4711 881 4754 a
894 4697 1037 4775 margine.

373 4796 413 4860 V.
433 4811 523 4858 rma
1489 4813 1527 4866 et
