4564 6038
577 711 657 774 tarr
1101 712 1284 780 sonuum
1309 711 1462 784 ounurr
1799 715 1881 794 [sas.
1899 717 1982 778 retr.

574 845 692 918 multis
715 847 831 940 regnis
854 859 889 922 et
917 849 1016 925 terris
1043 849 1225 926 destructis
1244 851 1316 942 jam
1344 847 1431 922 fines
1453 849 1673 942 Magantinas
1694 849 1895 922 invaserunt
1916 849 1979 944 (t),

573 969 765 1042 faceremus
779 993 915 1045 crucem
932 997 993 1068 per
1009 983 1160 1048 nostram
1176 972 1340 1047 diocesim
1355 971 1540 1066 predicari,
1554 973 1804 1066 cumquesicnt
1821 974 1981 1066 frequen·

573 1103 625 1166 ter
649 1115 669 1166 a
693 1093 764 1168 lide
790 1095 905 1189 dignis
927 1099 1146 1194 accepimns,
1169 1095 1361 1170 communis
1386 1095 1516 1166 utilitas
1538 1102 1572 1167 et
1594 1095 1702 1168 totius
1726 1095 1980 1169 christianitatis

573 1217 758 1291 necessitas
776 1217 814 1290 id
829 1229 1011 1311 exposcat,
1029 1219 1271 1293 discretionem
1290 1225 1440 1292 vestrum
1463 1237 1625 1310 rogemus
1642 1227 1677 1289 et
1702 1218 1927 1292 exhortamur
1944 1219 1978 1290 in

572 1339 729 1428 Domino,
743 1341 843 1416 vobis
858 1341 894 1414 in
909 1343 1144 1416 remissionem
1160 1340 1399 1436 peccaminum
1414 1341 1634 1434 injungentes
1647 1350 1685 1411 ut
1695 1363 1844 1428 crucem,
1854 1363 1979 1413 secun·

571 1460 656 1535 dum
676 1465 820 1536 formam
846 1477 880 1538 et
904 1467 1154 1560 indulgentiam
1176 1465 1308 1539 edicto
1335 1464 1476 1537 domino
1496 1463 1754 1558 archiepiscopo
1776 1475 1854 1537 cte
1880 1465 1979 1538 nohis

571 1585 730 1660 traditam
753 1589 820 1680 (2),
842 1611 903 1684 per
921 1601 1073 1664 nostram
1092 1589 1269 1686 dyocesim
1290 1587 1492 1685 predicctis,
1510 1608 1632 1660 omnes
1648 1586 1771 1658 Christi
1789 1586 1909 1660 fideles
1933 1588 1978 1661 ad

479 1785 484 1794 ,
569 1711 881 1803 crucesignandum
903 1736 966 1808 pro
989 1714 1188 1788 defensione
1213 1711 1362 1785 nominis
1382 1710 1557 1783 christiani
1584 1719 1619 1784 et
1641 1710 1750 1806 patrie
1776 1708 1924 1784 fideliter
1945 1721 1978 1784 et

568 1834 753 1906 efficaciter
774 1834 986 1910 inducendo.

616 1959 739 2030 Datum
755 1958 968 2050 Constantio,
989 1978 1081 2030 anno
1097 1958 1233 2030 Domini
1251 1957 1298 2030 M.
1319 1955 1382 2028 CC.
1403 1956 1490 2047 ΧΗ,
1508 1955 1765 2030 Vllldralendas
1778 1955 1883 2048 junii.

790 2265 955 2276 ——n--um—
965 2263 1743 2276 nnn-——u-n--u-—n-ffl

472 2567 485 2596 ⁰
619 2541 838 2650 Concedam
858 2545 1118 2628 Romanorum
1143 2545 1182 2626 in
1202 2569 1330 2656 regem
1348 2543 1517 2649 electus,⁴
1529 2543 1716 2626 universis
1738 2542 1972 2651 principibus

564 2683 601 2757 et
617 2674 810 2759 nobilibus
828 2675 867 2756 in
887 2677 1060 2784 pertibus
1081 2677 1293 2760 Germanic
1315 2675 1505 2758 inferioris
1527 2674 1741 2757 constitutis
1759 2675 1911 2757 nuntiat
1933 2699 1972 2755 se

564 2832 714 2890 cmcem
734 2810 836 2916 apud
856 2808 1056 2918 Esslingen
1080 2809 1332 2917 assumpsisse
1349 2819 1482 2892 contre
1500 2808 1697 2914 Tartarus,
1716 2817 1754 2890 et
1765 2807 1969 2889 exercitum

563 2939 663 3023 circa
680 2941 824 3049 primos
843 2940 929 3049 julii
947 2941 1028 3024 dies
1047 2943 1149 3050 apud
1166 2941 1404 3051 Nuremberg
1420 2939 1698 3024 convocavisse.

391 2566 507 2663 azecha]

644 3165 778 3239 (Edlder.
802 3167 977 3242 Sensum,
1004 3165 1137 3228 vomu.
1158 3163 1262 3245 litter„
1283 3174 1307 3228 t.
1330 3167 1362 3242 1,
1382 3186 1413 3246 p.
1435 3177 1505 3230 20⁴.
1520 3199 1562 3214 -
1581 3167 1697 3242 hans,
1717 3165 1848 3226 Mutum.
1872 3164 1966 3228 Gaas.

682 3269 766 3349 tce,
776 3278 801 3335 t.
816 3273 871 3352 tv,
885 3293 916 3353 p.
929 3273 1013 3355 889.)

610 3472 787 3545 Conradne
796 3473 868 3546 divi
878 3474 1016 3568 angusti
1031 3471 1966 3568 imperatorisFridericifilins,1leigratiallomanorum

560 3597 597 3668 in
615 3617 733 3690 regem
753 3597 894 3689 electus,
913 3619 1049 3694 semper
1061 3605 1230 3693 anguetns
1250 3607 1285 3672 et
1302 3597 1402 3672 heres
1416 3597 1514 3690 regni
1528 3595 1812 3688 ierosolimitani,
1832 3595 1968 3668 dilectis

560 3718 628 3790 sihi
644 3719 816 3792 universis
830 3721 1063 3816 principibus,
1083 3721 1265 3793 comitibus
1284 3732 1320 3794 et
1336 3721 1509 3794 nobilibus
1525 3721 1718 3815 ceterisque
1733 3719 1866 3814 imperii
1881 3717 1968 3791 fide·

559 3840 652 3914 libus
675 3841 710 3912 in
733 3842 888 3938 partibus
910 3843 1128 3916 interioribus
1145 3844 1337 3916 constitutis
1353 3844 1499 3938 gratiam
1520 3853 1674 3917 suamet
1698 3863 1801 3915 omne
1820 3843 1965 3915 bonnm.

558 3964 624 4038 Pro
639 3965 771 4038 honore
788 3967 868 4038 lesu
885 3965 1007 4039 Christi
1027 3977 1062 4040 et
1077 3967 1275 4040 defensione
1297 3965 1378 4040 fidei
1392 3967 1594 4057 christiane,
1618 3965 1872 4040 communicatu
1884 3985 1967 4036 con·

559 4089 637 4162 silio
651 4089 846 4185 principum
869 4093 1079 4182 multorum,
1095 4101 1333 4184 magnatorum
1346 4089 1424 4188 (sic)
1443 4101 1477 4164 et
1491 4091 1636 4164 aliorum
1653 4090 1787 4186 imperii
1811 4087 1967 4162 fidelium

559 4211 620 4305 qui
635 4211 782 4286 aderant
796 4212 833 4285 in
851 4214 937 4287 sesto
952 4211 1167 4287 Pentecostes
1179 4213 1253 4306 jam
1270 4215 1433 4310 preterito
1450 4213 1517 4310 (3),
1533 4225 1653 4289 contra
1671 4223 1790 4308 gentes
1803 4211 1967 4284 barbaras

591 4517 628 4593 (t)
647 4517 755 4576 Scilicet
775 4518 947 4593 episcopatus
968 4521 1128 4593 Prsgsnscm
1148 4533 1177 4579 et
1196 4519 1421 4590 Ollmntzeusem‚
1442 4520 1490 4594 qui
1512 4519 1667 4594 hlsgnntino
1694 4519 1857 4593 suffraganci
1878 4517 1965 4578 hube-

553 4616 688 4788 btptprpd
700 4712 775 4786 prius
788 4711 988 4782 documentum,
999 4712 1070 4785 quod
1081 4727 1174 4788 supra,
1187 4713 1324 4772 alluditur.

590 4810 627 4886 (a)
648 4807 754 4869 minut
767 4813 800 4868 ts
813 4808 885 4869 maii.
