4358 5996
1088 537 1104 612 t

220 663 324 727 tnta.
342 665 404 743 ra]
672 659 867 721 nrsronrn
891 659 1182 722 nrrnouarrcn
1554 657 1631 720 tuor

224 801 428 898 proponitur
450 795 547 893 quod
566 817 630 892 pro
653 794 887 868 munificentie
905 805 1022 869 nostre
1045 794 1219 869 beneficiis
1238 793 1366 866 babere
1383 801 1418 865 te
1444 792 1632 866 debeamus

224 933 369 1019 paterne
385 921 468 996 fidei
484 942 527 996 ac
547 919 684 994 servicii
699 941 943 992 successorem.
963 922 1118 1016 Cumque
1135 927 1250 991 motus
1267 917 1372 989 animi
1390 916 1496 989 nostri
1515 925 1633 989 contra

223 1059 259 1120 te
281 1049 331 1120 tui
355 1047 486 1143 peccati
503 1043 726 1138 transgressio
742 1052 779 1116 et
795 1044 946 1138 maligna
962 1043 1195 1140 quorumdam
1214 1041 1390 1136 suggestio
1407 1039 1630 1128 concitasset,

226 1173 315 1243 sicut
335 1179 370 1243 te
385 1190 455 1241 non
473 1167 644 1241 credimus
662 1167 837 1261 ignorare,
855 1164 916 1265 [et]
933 1167 979 1242 ad
995 1166 1253 1264 reprimendum
1268 1164 1440 1256 juveniles
1458 1165 1509 1234 tui
1528 1163 1634 1236 animi
1756 1197 1764 1216 ·

227 1303 341 1366 motus
356 1313 445 1386 quos
460 1293 559 1365 etatis
575 1292 612 1363 in
629 1301 663 1362 te
678 1291 852 1364 temeritas
869 1292 915 1364 ad
935 1291 1212 1364 inconvenientia
1225 1289 1463 1362 vehementius
1481 1288 1636 1383 impelle·

227 1415 307 1506 bat,
327 1425 446 1489 contra
459 1425 493 1488 te
507 1415 686 1508 insurgere
702 1413 924 1505 deberemus,
944 1423 1086 1511 paterne
1102 1423 1216 1486 tamen
1237 1433 1318 1506 erga
1337 1422 1371 1485 te
1388 1411 1422 1482 in
1440 1411 1636 1484 ollensionis

229 1537 364 1609 terrore
379 1557 449 1610 non
462 1537 638 1632 potuimus
651 1536 830 1609 clementio
844 1537 1023 1628 oblivisci,
1041 1537 1077 1607 in
1093 1537 1145 1609 ira
1158 1533 1394 1608 misericordie
1406 1543 1638 1607 memorantes

230 1681 274 1732 ne
298 1671 331 1732 te
353 1662 457 1754 juxta
472 1661 660 1732 multorum
674 1658 847 1734 desideria
866 1661 1085 1756 puniremus;
1113 1679 1261 1753 quorum
1286 1659 1375 1730 sicut
1397 1657 1459 1730 tibi
1481 1666 1638 1732 constare

231 1805 302 1856 non
319 1784 548 1877 ambigimus,
570 1783 617 1856 ad
640 1783 707 1857 hoc
728 1783 825 1878 apud
844 1805 909 1856 nos
929 1784 1098 1856 contraria
1116 1782 1284 1854 instancia
1305 1781 1446 1854 sollicite
1461 1781 1640 1854 laborabat

233 1915 272 1978 nt
296 1915 414 1980 contra
432 1917 466 1979 te
488 1908 525 1978 in
544 1916 747 2002 perpetuam
768 1905 1059 2000 adjudicationem
1079 1927 1234 2002 persone,
1255 1904 1397 1976 honoris
1414 1925 1456 1976 ac
1472 1913 1640 1976 terrarum

158 2105 161 2114 ,
233 2039 372 2102 tuarum
389 2052 451 2125 per
465 2030 668 2102 sententiam
686 2030 880 2125 principum
897 2031 1082 2125 procedere
1095 2029 1319 2118 deberemus,
1335 2048 1483 2122 quorum
1499 2034 1641 2100 conatus

233 2153 416 2246 gratiosius
434 2153 601 2227 elidentes
618 2163 653 2226 te
669 2153 795 2226 nostris
814 2175 855 2226 ac
876 2153 1010 2248 imperii
1030 2152 1182 2225 serviciis
1200 2150 1346 2248 provide
1364 2152 1641 2241 reservavimus;

234 2278 390 2350 nolentes
405 2287 476 2350 tarn
493 2281 662 2350 famosum
678 2277 868 2373 principem
882 2278 919 2348 in
936 2276 1156 2372 dispendium
1172 2276 1307 2371 imperii
1328 2297 1391 2371 per
1407 2275 1641 2349 detruncatio·

235 2421 315 2472 nem
334 2411 405 2472 tam
420 2399 545 2471 nobilis
561 2398 708 2472 membri
721 2401 812 2491 ejus,
828 2420 849 2471 a
863 2399 1103 2471 communione
1119 2409 1154 2472 et
1168 2419 1311 2470 numero
1321 2398 1516 2493 principum
1528 2419 1644 2491 segre-

234 2545 332 2618 gare.
355 2522 457 2607 Quod
477 2522 507 2593 si
526 2519 614 2594 fides
632 2522 783 2594 bominis
800 2522 929 2618 pendet
949 2521 994 2594 ab
1015 2543 1140 2618 opere,
1159 2523 1320 2594 voluntas
1339 2531 1411 2594 tam
1430 2520 1513 2594 fidei
1531 2531 1646 2594 nostre

237 2667 343 2740 quarn
373 2643 560 2716 voluntatis
584 2644 726 2717 affectus
750 2653 869 2741 aperte
895 2643 1129 2718 demonstrant
1159 2644 1255 2739 quud
1281 2645 1371 2719 circa
1401 2645 1647 2718 correctionem

238 2781 333 2841 tuam
345 2769 478 2862 virgam
492 2768 619 2840 amoris
631 2769 746 2862 potius
760 2768 1019 2842 extenderimus
1032 2791 1136 2863 qnam
1150 2769 1288 2860 suroris,
1305 2777 1344 2840 ut
1354 2777 1495 2864 paterne
1509 2789 1571 2864 per
1583 2790 1648 2842 nos

239 2901 308 2964 tarn
321 2891 438 2965 verbis
455 2912 562 2987 quam
582 2891 785 2964 verberibus
799 2892 985 2986 castigatus
998 2913 1060 2988 per
1073 2891 1247 2964 assiduam
1262 2900 1403 2986 paterne
1418 2892 1649 2987 castigationis

240 3016 442 3088 memoriam
459 3034 571 3087 mores
587 3024 665 3088 tuus
680 3015 867 3088 honestatis
883 3017 1068 3111 disciplina
1083 3015 1260 3110 animique
1277 3015 1460 3110 prudentia
1475 3023 1510 3088 et
1523 3014 1649 3088 nativis
1674 3045 1712 3076 --e

242 3139 426 3211 virtutibus
442 3139 658 3210 informares.
675 3141 765 3212 Sane
780 3163 860 3212 cum
876 3139 991 3211 adbuc
1007 3147 1097 3212 etate
1112 3139 1148 3210 in
1165 3147 1200 3210 te
1220 3137 1427 3212 llorentead
1444 3157 1555 3212 annos
1579 3138 1650 3233 pri·

240 3283 335 3333 mum
365 3261 520 3357 preciose
543 3261 743 3355 perveneris
764 3263 957 3353 juventutis
982 3262 1018 3333 in
1045 3285 1115 3356 qua
1144 3262 1297 3334 maxime
1322 3260 1510 3334 delectatur
1536 3261 1650 3334 virtus

242 3382 390 3455 hominis
413 3384 574 3474 excimri,
605 3384 683 3456 totis
709 3385 772 3456 tibi
799 3385 924 3458 virium
950 3385 1130 3458 conatibus
1155 3385 1333 3457 credimus
1353 3384 1584 3459 insistendum
1612 3396 1651 3458 ut

243 3527 303 3600 per
315 3507 515 3580 continuum
531 3505 614 3580 fidei
626 3528 667 3580 ac
676 3507 843 3580 virtutum
858 3501 1061 3581 exercitium
1075 3507 1203 3600 dignus
1218 3507 1362 3580 laudum
1375 3507 1544 3604 preconiis
1555 3506 1652 3603 apud

244 3640 392 3703 remotos
414 3639 449 3703 et
472 3631 650 3726 proximos
672 3631 862 3720 extollaris,
884 3641 924 3703 ut
940 3652 1002 3726 per
1026 3631 1169 3704 assidua
1190 3640 1249 3704 tue
1275 3631 1467 3705 devotionis
1485 3632 1652 3726 obsequia

245 3754 352 3826 nostri
370 3755 495 3828 favoris
510 3775 552 3828 ac
571 3754 686 3848 gracie
704 3754 957 3849 plenitudinem
979 3757 1069 3828 circa
1086 3755 1136 3827 tui
1152 3764 1261 3828 status
1281 3759 1506 3847 augmentum
1524 3764 1559 3827 et
1574 3777 1650 3827 am-

245 3876 445 3970 pliationem
465 3877 605 3950 honoris
624 3878 792 3972 consequi
807 3878 981 3952 merearis.
1005 3884 1164 3951 Preterea
1176 3876 1413 3972 significamus
1425 3877 1471 3951 ad
1484 3878 1652 3972 gaudium

245 3999 307 4070 tibi
324 3999 421 4095 quod
434 4001 471 4071 in
489 4010 635 4074 tractatu
651 4002 747 4096 pacis
762 4003 852 4074 inter
867 4024 931 4075 nos
949 4011 984 4074 et
995 4002 1183 4075 Ecclesiam
1199 4004 1270 4094 jam
1286 4000 1375 4075 adeo
1393 4011 1445 4074 est
1455 4023 1654 4096 processum

246 4122 343 4216 quod
357 4122 406 4196 ad
418 4122 653 4198 desideratum
667 4125 743 4216 ejus
761 4126 1050 4222 complementum
1065 4147 1257 4220 speramus,
1274 4125 1392 4198 divina
1409 4134 1572 4220 operante
1586 4128 1654 4199 cle·

246 4245 387 4337 mentia,
407 4246 443 4316 in
462 4247 623 4342 proximo
641 4247 832 4342 pervenire.
855 4249 1008 4342 Cumque
1022 4249 1090 4320 tuis
1105 4249 1285 4323 desideriis
1303 4248 1424 4322 deceat
1441 4249 1478 4320 in
1494 4249 1655 4322 omnibus

248 4367 432 4460 gratiosius
453 4390 517 4442 nos
538 4371 666 4463 lavere,
688 4371 859 4466 quicquid
877 4372 922 4445 de
939 4372 1034 4466 pacis
1053 4394 1216 4468 processu
1237 4374 1293 4447 vel
1315 4375 1391 4466 ejus
1412 4373 1655 4471 impedimento

249 4487 328 4583 fiat,
348 4491 395 4563 ob
410 4491 593 4585 specialem
617 4494 770 4566 savorem
792 4516 896 4588 quem
918 4503 1051 4589 ergata
1073 4496 1265 4592 specialiter
1288 4496 1439 4589 gerimus
1460 4506 1493 4568 et
1514 4497 1656 4589 negocia

249 4622 329 4704 tua,
352 4611 433 4712 [tuis
449 4611 496 4712 et]
516 4613 700 4689 multorum
720 4640 841 4714 regum
863 4627 897 4691 ct
918 4618 1113 4716 principum
1134 4619 1269 4692 nunciis
1290 4619 1462 4692 licentiam
1486 4618 1657 4693 concessi·

252 4755 330 4810 mus
348 4735 394 4809 ad
413 4737 532 4812 sedern
557 4741 776 4834 apostolicam
799 4741 1005 4835 accedendi,
1032 4743 1120 4819 circa
1147 4743 1419 4838 prosecutionem
1440 4742 1657 4836 negotiorum
