4358 5996
217 672 319 734 hules.
339 667 402 746 lu]
667 661 866 726 HISTORIA
890 656 1185 724 uletoull'rlclt.

273 1178 438 1262 Litterae
469 1177 707 1289 responsales
734 1177 882 1290 Angelo
917 1179 1083 1264 Frisario
1113 1179 1162 1264 de
1189 1180 1382 1265 frumento
1411 1181 1572 1265 emendo
1597 1193 1635 1266 et

218 1320 354 1421 postea
371 1311 509 1395 melius
525 1311 725 1397 vendendo
742 1313 793 1395 ad
811 1311 938 1396 cunae
955 1313 1221 1420 commodum,
1240 1313 1289 1396 de
1307 1314 1485 1424 granario
1506 1315 1634 1399 euriae

221 1445 426 1528 statuendo
448 1445 489 1527 in
510 1446 628 1528 domo
653 1444 826 1528 Rioeardi
852 1447 901 1529 de
925 1445 1164 1556 Montenigro
1190 1445 1294 1555 apud
1320 1446 1560 1557 Augustam,
1586 1447 1635 1530 de

220 1579 399 1686 expensis
415 1579 658 1685 nuntiorum,
677 1578 726 1660 de
745 1577 939 1662 frumento
956 1604 1055 1664 novo
1075 1579 1125 1663 ad
1142 1577 1309 1665 valorem
1327 1579 1530 1663 unciarum
1551 1583 1634 1663 auri

222 1711 523 1820 quingentarum
537 1711 739 1794 ammirato
756 1711 865 1822 regni
884 1711 1129 1822 assignando.

306 1933 437 2018 (naor.
450 1937 555 2017 rape.
569 1934 689 1998 aaa.
703 1937 748 2012 11,
763 1936 815 1998 ro.
834 1943 965 2012 arom
980 1939 1012 1998 a
1025 1937 1096 1999 ant.
1111 1938 1249 2013 caron,
1263 1955 1294 2018 p.
1311 1939 1392 2019 aar.)

274 2137 454 2210 Mordoula
470 2139 603 2212 dentice
619 2141 816 2235 imperatore
827 2160 892 2232 per
906 2139 1103 2232 muoritrcm
1118 2137 1318 2212 Riccordum
1332 2140 1468 2235 scripsit
1483 2144 1635 2214 notorius

222 2263 267 2336 R.
285 2262 325 2334 de
341 2260 481 2338 Salemo
497 2287 511 2332 .·

183 2471 186 2480 ,
274 2385 490 2480 Friderions,
517 2397 602 2480 etc,
629 2387 762 2484 Angelc
785 2387 950 2475 Frisario,
980 2395 1047 2460 etc.
1074 2384 1284 2479 Significasti
1306 2386 1499 2462 celsitudini
1521 2397 1637 2464 nostre

223 2511 321 2605 quod
339 2509 368 2583 si
386 2509 432 2584 de
448 2511 596 2605 pecnnia
615 2511 711 2586 curie
728 2519 842 2584 nostra
856 2531 927 2606 que
941 2519 995 2582 est
1011 2531 1074 2604 per
1094 2530 1219 2582 manns
1237 2518 1332 2600 tuas,
1350 2531 1481 2594 amares
1496 2510 1543 2584 de
1557 2513 1638 2584 irn-

223 2632 348 2708 mento
354 2632 607 2726 jurisdictionis
627 2643 704 2726 tue,
721 2635 796 2708 sive
810 2633 999 2708 vendendo
1021 2630 1109 2705 illud
1129 2633 1166 2704 in
1181 2634 1349 2727 portubus
1364 2634 1427 2708 tibi
1446 2635 1638 2708 commissis

225 2757 302 2830 sive
324 2756 500 2830 mietendo
524 2757 612 2830 illud
640 2757 688 2830 ad
716 2755 941 2830 vendendum
965 2763 1063 2828 extra
1087 2776 1250 2848 regnum,
1276 2764 1390 2848 posset
1415 2757 1638 2830 commodum

226 2888 342 2954 nostre
359 2880 454 2954 enne
472 2880 659 2975 procurari.
682 2880 759 2953 Tibi
777 2881 889 2954 taliter
906 2878 1155 2975 respondemus
1176 2877 1272 2972 quod
1289 2879 1400 2974 planet
1418 2880 1521 2953 nobis
1542 2861 1640 2974 quod

226 3003 437 3076 frumentum
450 3001 497 3076 de
510 3003 658 3098 pecnnia
673 3003 768 3076 eoric
785 3011 900 3076 nostra
915 3023 1010 3076 emas
1023 3001 1059 3073 in
1069 2999 1307 3092 jurisdictione
1322 3010 1396 3090 tua,
1411 3011 1446 3074 et
1461 3000 1548 3075 illud
1564 3003 1640 3078 sive

136 3189 142 3196 .
228 3125 264 3196 in
277 3126 447 3220 portubus
463 3126 548 3221 ipsis
559 3124 693 3199 vendas
707 3127 782 3200 sive
795 3125 918 3198 miotas
930 3123 976 3198 ad
993 3123 1216 3197 vendendum
1231 3133 1330 3196 extra
1347 3145 1506 3218 regnum,
1521 3134 1561 3198 ut
1576 3127 1640 3199 tibi

228 3249 353 3322 melius
377 3247 556 3322 videbitur
571 3249 618 3323 ad
635 3257 749 3322 nostre
771 3249 867 3322 curie
888 3247 1109 3322 commodum
1130 3246 1312 3342 expedire,
1333 3247 1422 3320 sient
1439 3247 1640 3340 significasti

231 3423 568 3446 .........
594 3369 1642 3466 g............deqnintapartentilitas

230 3494 327 3566 curie
343 3503 459 3567 nostre
481 3495 676 3590 proveniat.
695 3495 808 3589 Super
822 3515 865 3567 eo
890 3515 974 3566 vero
990 3493 1086 3588 quod
1103 3491 1304 3586 significasti
1328 3496 1525 3586 panarium
1549 3495 1643 3570 curie
1781 3561 1785 3581 ,

229 3625 345 3690 nostre
363 3615 459 3711 quod
479 3626 532 3689 est
553 3617 590 3689 in
607 3616 765 3710 Angusta
790 3618 838 3690 ita
857 3615 1074 3689 devastatum
1096 3637 1172 3688 esse
1191 3617 1287 3710 quod
1307 3617 1473 3690 victualia
1489 3641 1559 3714 qua
1576 3619 1642 3692 ibi·

231 3737 312 3812 dem
329 3749 563 3834 reponuntur,
578 3747 781 3835 putrescunt
794 3748 829 3812 et
846 3739 1084 3825 devastantur,
1104 3736 1200 3811 unde
1214 3739 1310 3811 curia
1323 3749 1439 3812 nostra
1453 3762 1500 3812 ex
1517 3763 1559 3814 eo
1572 3742 1643 3814 sin·

230 3861 323 3956 gulis
347 3863 449 3935 annis
471 3883 542 3962 non
567 3861 744 3936 modicum
770 3862 915 3934 incurrit
939 3861 1201 3954 detrimontum,
1225 3871 1368 3958 propter
1392 3863 1489 3958 qnod
1513 3865 1645 3938 bonum

231 3982 373 4057 videtur
390 3985 454 4057 tihi
467 3984 563 4080 qnod
578 3986 743 4058 victualia
762 3985 839 4080 ipsa
855 3984 890 4056 in
906 3985 1009 4058 domo
1026 4005 1095 4079 qne
1110 3984 1175 4056 luit
1189 3985 1347 4059 Rioeardi
1368 3985 1414 4059 do
1430 3988 1645 4082 Montenigro

229 4108 404 4200 justitiarii
417 4109 519 4182 Terre
534 4107 689 4200 laboris,
703 4107 815 4182 fidelis
832 4109 952 4201 nostri,
970 4130 1041 4203 que
1053 4117 1105 4182 est
1118 4109 1155 4182 in
1170 4106 1340 4205 Angusta,
1358 4112 1480 4206 reponi
1497 4111 1646 4184 debeant

232 4230 280 4304 nd
292 4232 474 4305 utilitatem
486 4241 603 4306 nostre
618 4233 714 4307 curio
727 4232 1429 4328 procurandam‚volnmnsatmandamus
1442 4235 1580 4330 quodsi
1593 4244 1647 4310 est

233 4356 669 4450 itasicntscribis‚indomo
679 4357 832 4453 predicta
841 4357 888 4432 nd
895 4358 1077 4432 utilitatem
1084 4359 1178 4433 ouria
1187 4360 1353 4435 nostrede
1363 4361 1646 4436 ceteroviotualia

233 4489 458 4576 reponantur,
475 4479 587 4554 donee
602 4479 801 4574 manerium
815 4489 969 4556 nostrum
985 4491 1161 4579 reparetur
1174 4483 1220 4558 de
1232 4486 1380 4580 pecunia
1394 4485 1489 4558 curie
1511 4494 1643 4578 nostre,

234 4600 324 4674 siem
347 4602 481 4676 utilitati
498 4603 571 4692 fisci
588 4603 696 4678 nostri
716 4603 885 4701 expedire
904 4605 1103 4701 reperietur.
1126 4609 1237 4706 Super
1259 4629 1302 4682 eo
1318 4630 1402 4682 vero
1418 4608 1514 4704 quod
1535 4610 1647 4706 scrip-

236 4725 309 4800 sisti
326 4736 362 4800 te
378 4735 536 4824 oportere
554 4747 726 4823 expensas
748 4729 861 4802 lacere
878 4728 999 4802 tamin
1022 4729 1162 4804 noenia
1179 4739 1215 4803 st
1231 4731 1428 4806 hominibus
1446 4732 1647 4807 necessariis
