4564 6038
342 723 439 782 lonver.
459 715 519 800 ll.]
793 709 990 772 HISTORIA
1015 708 1307 772 hirholtavlclt.
1679 710 1757 772 1175

391 855 517 928 Actum
542 871 636 926 anno
658 848 832 924 dominice
856 848 1100 922 incarnationis
1123 845 1170 924 hl.
1192 845 1254 919 CC.
1270 845 1460 932 xxxviii,
1482 845 1594 940 primo
1618 846 1752 937 martii,

343 979 530 1054 indictione
543 976 604 1050 Xl.

391 1103 517 1176 Datum
529 1095 625 1195 apud
640 1099 852 1191 Hagenorve.

398 1677 616 1783 Conradus,
636 1677 677 1760 in
694 1677 956 1763 Romanorum
979 1703 1109 1788 regem
1136 1677 1296 1785 electus,
1323 1676 1536 1761 Guidonem
1564 1673 1753 1756 Gamera-
1835 1664 1886 1744 13⁰

344 1838 495 1896 oensem
508 1813 688 1919 electum,
702 1824 853 1922 recepto
871 1813 921 1896 ah
939 1839 984 1896 eo
998 1813 1190 1896 fidelitatis
1203 1821 1241 1896 et
1257 1811 1427 1920 homagii
1442 1817 1693 1912 sacramento,
1706 1806 1755 1890 de

344 1945 536 2054 regalibus
566 1945 719 2030 investit
740 1948 975 2054 mandatque
1002 1947 1169 2054 capitulo
1198 1955 1237 2030 et
1262 1945 1409 2028 civibus
1434 1941 1628 2027 Cameraoi
1653 1949 1695 2024 ut
1720 1941 1755 2024 ei

344 2076 504 2161 fideliter
533 2079 734 2161 intendant
762 2089 800 2161 et
831 2078 959 2162 ablata
985 2081 1018 2160 si
1045 2105 1145 2189 quae
1171 2078 1313 2162 fuerint
1341 2077 1560 2184 restituant,
1588 2101 1678 2158 oum
1705 2075 1756 2157 oh

344 2211 753 2293 recommendationem
791 2211 1061 2320 archiepiscopi
1089 2210 1302 2321 Mogontini
1331 2211 1508 2294 eumdem
1543 2207 1757 2292 Gnidoncm

346 2343 555 2452 specialiter
571 2343 713 2427 habere
734 2344 823 2427 velit
838 2345 1161 2428 commendatum.

426 2557 522 2636 (Edit.
545 2575 595 2635 ap.
619 2557 757 2618 namuro
774 2573 854 2636 pour
872 2558 941 2638 Myr
964 2554 1156 2639 l'orclcotqac
1177 2556 1212 2620 da
1230 2557 1388 2638 Gomlroy,
1413 2559 1517 2634 Paris,
1546 2567 1638 2631 1772,
1661 2562 1755 2635 in-40,

463 2665 565 2726 Pieres
574 2665 798 2744 justificativcs,
813 2674 848 2726 n⁰
861 2663 986 2744 XXIV.)

394 2848 574 2922 Conradus
589 2848 664 2922 divi
682 2851 821 2943 augusti
836 2851 1050 2945 imperatoris
1072 2851 1243 2923 frederici
1259 2850 1363 2940 filins,
1380 2851 1441 2922 Dei
1459 2851 1568 2943 gratia
1584 2851 1758 2924 Romano·

344 2993 420 3044 rum
437 2973 473 3043 in
490 2995 607 3067 regern
625 2975 755 3046 electus
773 2996 909 3069 semper
927 2984 1096 3068 augustus
1109 2985 1144 3046 et
1156 2975 1256 3048 heres
1267 2974 1364 3067 regni
1377 2975 1663 3071 lerosolymitani‚
1679 2995 1757 3072 pre·

346 3097 471 3190 posito,
483 3096 618 3171 decano
630 3098 762 3191 totique
771 3098 937 3193 capitulo,
950 3097 1087 3170 civibus
1101 3107 1136 3170 et
1149 3098 1320 3171 universis
1334 3096 1494 3170 fidelibus
1503 3097 1758 3172 Cameracensis

345 3221 488 3291 ecclesie
507 3221 669 3294 fidelibus
688 3223 760 3294 suis
778 3222 925 3316 gratiam
944 3241 1043 3294 suam
1066 3229 1102 3295 et
1122 3222 1386 3296 omnebonum.
1403 3221 1624 3296 Universitati
1643 3230 1757 3296 vestre

346 3341 514 3417 duximus
535 3346 766 3420 intimandum
787 3345 885 3442 quod
902 3366 967 3418 nos
984 3345 1217 3420 venerabilem
1239 3347 1430 3442 prinoipem
1451 3345 1646 3419 (luidonem
1667 3347 1757 3420 alec·

345 3475 419 3540 tnm
434 3479 586 3542 vescum
600 3471 893 3566 ametropolitano
907 3491 971 3544 suo
984 3471 1148 3544 canonice
1162 3467 1415 3560 confirmatum,
1430 3470 1519 3544 sicut
1531 3491 1646 3544 coram
1659 3471 1759 3546 nohis

345 3590 498 3680 legitime
515 3594 767 3688 comprobavit,
787 3594 990 3667 auctoritate
1004 3593 1136 3666 domini
1150 3603 1185 3668 et
1202 3594 1310 3688 patris
1326 3593 1432 3668 nostri
1444 3596 1657 3690 imperatoris
1665 3615 1758 3671 sere·

346 3714 478 3788 nissimi
489 3717 548 3810 qui
559 3717 604 3790 ad
612 3717 826 3813 parcendum
835 3716 1012 3791 laboribus
1025 3727 1058 3792 et
1072 3717 1236 3815 expensis
1247 3718 1554 3793 ecclesiasticorum
1566 3719 1760 3815 principum

347 3841 555 3912 recommisit
572 3841 673 3914 nobis
690 3864 796 3939 super
814 3841 881 3915 hoc
898 3841 1092 3938 specialiter
1108 3842 1205 3916 vices
1222 3864 1315 3933 suas,
1333 3843 1576 3918 investivimus
1587 3853 1693 3940 prout
1709 3852 1763 3918 est

344 3961 433 4054 juris
447 3973 509 4035 ant
526 3974 559 4036 et
577 3965 694 4049 moris,
713 3967 887 4060 regalibus
906 3989 976 4062 que
994 3966 1039 4040 de
1054 3967 1164 4062 gratia
1180 3966 1317 4064 imperii
1331 3967 1543 4058 obtinentur,
1561 3977 1700 4064 recepto
1715 3968 1760 4042 ah

347 4105 390 4156 eo
411 4083 528 4160 debite
552 4085 726 4162 fidelitatis
754 4099 788 4162 et
811 4090 966 4184 homagii
992 4101 1218 4165 sacramento.
1246 4091 1319 4165 Sub
1350 4092 1492 4166 obtentu
1521 4092 1627 4185 igitur
1653 4093 1762 4186 gratie

348 4205 480 4280 domini
506 4219 540 4282 et
565 4212 672 4306 patris
696 4213 804 4286 nostri
831 4235 872 4286 ac
893 4223 1011 4288 nostre
1032 4215 1240 4288 mandamns
1265 4216 1481 4290 universitati
1508 4225 1622 4292 vestre
1648 4218 1762 4314 preci·

347 4330 477 4426 piendo
495 4332 647 4408 districte
664 4345 835 4431 quatenus
849 4337 916 4433 ipsi
935 4339 1044 4411 electo
1055 4347 1169 4412 vestro
1182 4338 1335 4413 debitam
1350 4361 1411 4436 per
1424 4341 1541 4414 omnia
1556 4341 1761 4416 exhibentes

347 4456 577 4529 reverentiam
601 4467 635 4531 et
656 4459 835 4554 honorem,
862 4461 908 4534 de
928 4461 1090 4535 omnibus
1107 4485 1177 4559 que
1194 4463 1312 4558 adjus
1332 4485 1435 4537 suum
1458 4474 1493 4538 et
1508 4463 1761 4542 Cameracensis

349 4578 493 4651 ecclesie
506 4583 677 4676 pertinere
689 4591 892 4675 noscuntur,
906 4595 1010 4680 prout
1026 4587 1201 4680 tenemini,
1215 4586 1362 4662 fideliter
1379 4587 1564 4662 intendatis
1581 4590 1709 4680 eidem,
1722 4603 1761 4666 ut

350 4697 523 4776 fidelitatis
539 4713 652 4778 vestre
663 4705 882 4780 devotionem
898 4709 1042 4804 perinde
1054 4710 1175 4784 merito
1188 4712 1430 4786 commendare
1446 4713 1618 4809 possimus
1635 4724 1670 4790 et
1686 4715 1762 4812 ipse

351 4826 476 4900 vestris
492 4827 655 4904 inductus
669 4831 800 4905 maritis
813 4829 874 4906 liat
889 4834 989 4909 vohis
1007 4835 1204 4909 favorabilis
1219 4844 1253 4910 et
1268 4836 1454 4929 benignus.
1469 4837 1525 4912 Ad
1538 4839 1602 4914 heo
1618 4839 1763 4917 manda·
