4358 5996
225 683 320 740 rnre.
339 676 399 762 rs]
665 675 863 737 ursronrn
889 678 1183 740 orrnounrror.
1554 673 1630 733 roos

224 836 304 908 ceps
319 811 510 886 catholicus
530 819 565 884 et
583 807 675 882 filius
698 831 768 883 non
786 811 941 906 ingratus
959 836 1041 908 erga
1060 815 1168 909 ipsam
1188 812 1395 908 gesserimus
1419 809 1532 883 cordis
1557 830 1630 880 am·

224 935 388 1032 plexibus
403 933 630 1006 reverentiam
650 931 806 1024 filialem,
832 937 925 1008 Deus
950 946 1064 1010 tamen
1085 937 1178 1031 pacis
1199 947 1341 1027 ametor,
1359 935 1404 1008 ad
1421 935 1506 1008 tanti
1521 931 1630 1006 seda-

224 1061 352 1133 tionem
368 1056 503 1130 dissidii
517 1057 575 1152 pie
589 1065 716 1147 motus,
727 1058 815 1153 patri
826 1060 1014 1154 apostolico
1030 1082 1134 1154 quem
1150 1062 1245 1156 pacis
1261 1059 1435 1133 credimus
1447 1058 1629 1130 zelatorem

222 1203 335 1276 nuper
351 1180 533 1253 salubriter
548 1179 730 1275 inspiravit
745 1180 842 1273 quod
862 1183 957 1276 pacis
972 1183 1253 1256 relormacionem
1268 1181 1312 1254 ad
1334 1181 1483 1254 invicem
1503 1202 1628 1276 perop-

223 1315 350 1379 temus.
367 1305 530 1398 Magister
544 1303 684 1376 enimC.
704 1303 888 1378 cardinalis
899 1304 963 1402 (l),
983 1307 1019 1378 in
1034 1328 1103 1400 quo
1115 1305 1287 1400 siquidem
1301 1315 1436 1378 nonest
1452 1305 1566 1396 dolus,
1584 1306 1629 1379 de

223 1429 369 1524 predicti
380 1427 486 1523 patris
497 1435 531 1499 et
543 1436 659 1500 nostro
667 1448 836 1500 consensu
847 1431 1067 1502 commissum
1081 1451 1191 1526 nuper
1204 1429 1382 1523 negotium
1393 1431 1429 1500 in
1442 1450 1480 1501 se
1491 1450 1626 1522 gerens,

225 1574 368 1626 sumens
388 1553 486 1624 velut
507 1550 611 1624 bomo
629 1551 755 1624 missus
774 1573 796 1624 a
819 1553 964 1625 Domino
986 1575 1055 1647 que
1077 1554 1257 1626 malefacta
1279 1561 1360 1624 sunt
1384 1561 1488 1645 atque
1505 1550 1629 1624 redar-

227 1697 338 1771 goens
355 1675 392 1746 in
406 1664 567 1768 utroque,
583 1673 630 1746 ad
644 1675 923 1748 relormaoionem
937 1675 1125 1770 predictam
1139 1677 1305 1748 instanter
1317 1684 1350 1747 et
1365 1674 1536 1748 indefesse
1549 1695 1630 1770 pro-

227 1799 334 1888 cedit,
353 1809 388 1872 et
404 1808 559 1894 speratur
579 1795 719 1870 firmiter
735 1797 832 1892 quod
845 1820 1024 1892 processus
1040 1801 1128 1892 ejus,
1144 1799 1216 1872 Deo
1233 1798 1382 1894 desuper
1400 1799 1545 1892 gratiam
1562 1799 1629 1870 mi·

227 1923 405 2014 nistrante,
419 1922 526 2016 optati
540 1919 619 1992 bnis
637 1921 674 1991 in
690 1921 849 2016 proximo
866 1923 1065 2017 preconium
1085 1922 1284 2017 reportabit.
1299 1922 1344 1993 lit
1356 1923 1439 2016 quia
1452 1933 1530 2016 post
1545 1924 1630 1994 tanti

227 2046 519 2120 confirmationem
534 2043 660 2136 negotii
676 2044 772 2139 quod
792 2045 828 2116 in
847 2044 1011 2142 expedito
1027 2045 1192 2134 consistit,
1212 2046 1315 2140 plena
1329 2044 1442 2118 cordis
1461 2045 1632 2120 delibera-

227 2173 319 2246 tione
345 2168 559 2266 providimus
584 2167 697 2240 Ytalie
718 2169 854 2261 negotia
879 2177 1034 2263 potenter
1058 2169 1220 2264 prosequi
1241 2179 1342 2265 prout
1371 2168 1488 2260 decet,
1516 2169 1564 2242 ad
1590 2193 1631 2242 ea

228 2294 373 2368 totaliter
386 2292 592 2388 provisionis
606 2298 721 2362 nostre
733 2290 849 2362 titulos
866 2301 901 2363 et
913 2291 1152 2364 sollicitudinis
1167 2292 1363 2364 instantiam
1379 2304 1629 2386 convertentes,

228 2416 381 2490 fidelitati
403 2425 461 2487 tue
476 2413 682 2486 mandamus
703 2413 866 2505 quatinus
881 2414 1060 2486 universes
1077 2423 1112 2486 et
1127 2415 1281 2509 singulas
1303 2415 1459 2488 civitates
1477 2415 1633 2490 fidelium

228 2537 432 2614 lombardie
452 2548 487 2610 et
506 2535 658 2608 lllarcbie
683 2535 866 2608 Trevisane
889 2537 1096 2610 submoneas
1119 2548 1153 2610 et
1174 2538 1335 2632 injungas
1358 2550 1396 2610 ut
1417 2540 1462 2612 de
1482 2539 1635 2634 predicte

229 2665 323 2760 pacis
342 2661 596 2748 reformatione,
615 2679 685 2753 que
704 2680 766 2754 pro
783 2669 875 2732 certo
885 2660 958 2752 jam
976 2659 1122 2732 babetur
1137 2661 1172 2731 in
1186 2662 1316 2752 janule,
1341 2673 1375 2733 et
1396 2663 1529 2756 quoda
1553 2685 1637 2757 pre-

230 2787 399 2861 dictorum
420 2784 641 2880 negociorum
667 2783 906 2878 prosecutione
925 2783 1054 2856 nullius
1077 2785 1127 2856 rei
1150 2806 1253 2858 causa
1279 2787 1352 2857 vitu
1375 2796 1489 2858 amen
1514 2788 1638 2861 comite

230 2930 448 3006 nequaquam
471 2906 628 2980 revocari
651 2906 860 3000 poterimus,
884 2907 1080 2980 nullatenus
1105 2906 1321 2999 dubitantes,
1353 2910 1457 2981 armis
1479 2909 1639 2984 decenter

230 3055 267 3107 se
282 3035 414 3106 interea
429 3029 591 3104 studeant
610 3050 804 3124 preparare,
822 3051 932 3123 quum
950 3029 1092 3102 infelici
1113 3041 1148 3104 et
1164 3031 1265 3104 celeri
1283 3030 1439 3104 adventu
1456 3042 1571 3106 nostro
1591 3033 1639 3108 ad

230 3166 344 3253 partes
367 3156 460 3250 ipsas
480 3153 526 3226 ad
549 3152 801 3226 conculcandos
830 3153 975 3226 rebelles
999 3152 1135 3247 imperii
1158 3155 1264 3228 nostri
1296 3155 1380 3250 ipsis
1400 3156 1639 3230 assistentibus

230 3278 422 3370 comitivis,
444 3286 484 3350 ut
504 3285 666 3372 optamus
685 3284 720 3349 et
739 3273 899 3371 expedit,
922 3275 1104 3350 efficaciter
1124 3277 1363 3373 procedamus.

283 3831 517 3940 Fridericus,
556 3831 815 3914 Romanorum
853 3831 1078 3940 imperator,
1115 3833 1303 3918 Friderico
1336 3837 1424 3926 duci
1466 3839 1641 3923 lustriae
1702 3867 1805 3953 fflgpg,

234 3963 364 4046 scribit
386 3989 427 4046 se
447 3963 597 4046 nullam
620 3963 799 4045 adbibere
816 3963 932 4046 fidem
954 3965 1171 4048 rumoribus
1188 3966 1294 4048 falsis
1314 3969 1417 4051 unde
1434 3969 1538 4052 lema
1558 3973 1641 4082 ejus

233 4095 424 4178 obfuscari
446 4097 623 4204 potuerit.
646 4095 701 4177 De
717 4120 810 4203 pace
830 4097 928 4178 inter
946 4121 987 4178 se
1004 4106 1042 4178 et
1057 4097 1264 4180 Ecclesiam
1285 4099 1529 4184 reformanda
1552 4130 1641 4186 eum

233 4229 429 4311 certiorem
447 4227 552 4330 lacit,
574 4252 734 4311 monens
752 4229 857 4338 quod
875 4241 946 4312 stet
965 4255 1119 4313 securus
1137 4231 1229 4340 quia
1245 4231 1372 4340 ipsum
1390 4236 1494 4317 omni
1514 4235 1642 4320 lavore

234 4359 411 4470 prosequi
428 4357 602 4441 intendit.

271 4675 306 4746 lt)
324 4673 529 4752 Sieinutmqoe
539 4676 645 4749 eodioe;
657 4676 800 4750 legendum
814 4692 877 4734 vero
890 4676 996 4734 videtur
1008 4677 1137 4748 maptater
1146 4677 1178 4734 0.
1191 4677 1424 4752 Tleutoaioorom,
1436 4680 1534 4756 dequo
1547 4699 1642 4762 supra,

236 4786 264 4844 p.
276 4773 328 4828 986
343 4777 371 4828 et
381 4787 470 4847 seqq,
486 4790 572 4849 quum
582 4773 663 4848 hujus
675 4774 725 4834 viri
740 4773 866 4847 legationi
879 4773 947 4833 baec
956 4774 1069 4848 epistole
1083 4789 1113 4834 se
1125 4774 1226 4848 optime
1239 4777 1431 4835 accommodet.

317 4867 354 4930 V.
376 4881 466 4932 Perat.
1426 4886 1481 4941 127
