4468 6010
537 633 597 695 818
990 693 994 702 .
1033 643 1245 708 nnlnnnlcl
1272 649 1446 710 SECUNDl
1752 654 1832 732 [llus.
1850 654 1934 718 124st

535 769 636 860 equis
650 789 822 864 expensas
839 773 987 864 tribuas,
1005 778 1198 854 monadum
1212 782 1313 875 qood
1328 784 1531 861 Taenarius
1544 783 1590 860 de
1603 785 1799 862 Brundusio
1815 787 1938 882 prede·

534 911 648 963 cessor
661 901 741 965 tuus
755 894 838 969 dare
851 899 1029 972 cousuevit
1039 900 1167 996 eidem,
1181 915 1215 977 et
1227 906 1373 1002 recipias
1387 909 1433 980 ab
1445 929 1487 980 eo
1500 907 1546 982 de
1560 909 1625 1005 hys
1638 911 1786 1006 quesibi
1800 911 1937 1002 dadolo

534 1013 735 1110 apodixem.

581 1138 706 1212 Datum
724 1140 876 1236 Corneli,
898 1144 1076 1238 Xmarlii,
1096 1147 1174 1220 Xlll
1192 1147 1403 1224 indictionis.

583 1796 763 1880 Mandata
788 1799 893 1882 varia
920 1800 1105 1883 debonis
1132 1803 1328 1912 quondam
1357 1803 1539 1888 Iohannis
1561 1807 1609 1888 de
1636 1808 1773 1891 Amato
1805 1833 1934 1892 anno

530 1928 656 2010 tandm
673 1939 712 2012 et
729 1930 777 2012 de
798 1930 936 2014 Iacobo
956 1931 1090 2042 Capina
1108 1935 1147 2015 in
1166 1935 1295 2018 locum
1312 1935 1483 2046 ejusdem
1500 1938 1681 2022 Iohannis
1699 1967 1769 2048 pro
1787 1941 1935 2025 secutio

530 2061 657 2146 curiae
675 2061 923 2170 imperatricis
942 2065 1155 2148 statuendo.

612 2283 741 2366 (depost.
755 2285 858 2365 imper.
871 2283 988 2346 arma.
1008 2285 1048 2361 11,
1065 2287 1117 2348 lol.
1139 2295 1177 2350 88
1191 2293 1288 2362 nectua
1302 2289 1335 2348 ln
1351 2287 1423 2350 cdlt.
1437 2289 1575 2370 cerem„
1588 2308 1619 2368 p.
1635 2292 1718 2372 869.)

579 2486 627 2555 De
653 2482 823 2577 imperiali
849 2483 1005 2556 mendac
1025 2485 1117 2574 sacto
1136 2504 1200 2578 per
1221 2483 1423 2578 manistram
1445 2484 1628 2565 dodonaeas
1653 2486 1706 2582 (i)
1728 2486 1768 2560 da
1797 2487 1936 2562 Gomara

530 2609 659 2703 scripsit
673 2609 901 2680 Laurentius:

578 2731 791 2823 Fridericus,
821 2739 905 2822 etc,
939 2726 1126 2826 [Roggerio
1156 2725 1202 2801 do
1229 2727 1358 2803 Amicis
1376 2730 1561 2822 justitiario
1586 2730 1675 2804 ultra
1702 2731 1831 2804 damen
1858 2733 1932 2805 Sal·

529 2878 621 2948 sum,
636 2851 791 2954 etc.](o).
807 2853 898 2940 Quia
912 2853 1084 2926 lohannes
1097 2851 1278 2924 delimato
1292 2852 1354 2948 qui
1369 2854 1469 2948 plura
1485 2852 1530 2926 de
1541 2853 1689 2926 servitiis
1704 2855 1828 2926 nostris
1840 2875 1935 2926 exar-

530 2981 601 3053 cuit
618 2988 652 3051 et
668 2977 830 3051 debonis
853 2987 967 3049 nostro
987 2975 1082 3048 curio
1099 2975 1314 3070 procuravit,
1338 2986 1478 3072 propter
1498 2997 1567 3070 que
1585 2977 1762 3049 ratiocinio
1780 2977 1932 3050 nondum

530 3086 640 3200 posito
662 3101 754 3173 bona
780 3121 844 3172 sua
868 3108 1045 3171 remanant
1070 3098 1187 3171 adhuc
1212 3107 1329 3172 nostre
1354 3100 1450 3173 curia
1475 3099 1648 3192 obligata,
1675 3121 1785 3195 nuper
1805 3101 1841 3172 in
1866 3101 1935 3174 lato

530 3225 709 3313 concessit,
729 3221 936 3295 mandamus
952 3231 1123 3317 qnatenus
1139 3223 1307 3296 adhibeas
1324 3232 1435 3296 tecum
1452 3233 1600 3317 quatuor
1619 3223 1744 3296 divites
1762 3235 1797 3296 ot
1817 3222 1936 3300 fideles

529 3370 571 3423 ac
583 3346 738 3444 ydoneos
753 3345 909 3418 homines
927 3345 1086 3417 Panormi
1103 3366 1215 3418 coram
1235 3347 1364 3440 quibua
1383 3347 1419 3418 in
1438 3347 1608 3418 Pauormo
1628 3355 1662 3418 et
1682 3353 1781 3420 extra
1799 3370 1861 3442 per
1875 3349 1933 3440 ju·

528 3470 763 3545 risdictionem
785 3477 880 3541 tuam
908 3468 1065 3563 inquiras
1085 3476 1120 3542 et
1145 3469 1266 3542 videas
1294 3469 1386 3542 bona
1417 3469 1595 3563 quondam
1622 3469 1731 3564 ipsius
1755 3480 1791 3544 et
1813 3469 1934 3546 eadam

528 3595 634 3672 facias
652 3593 828 3682 annotari,
847 3599 887 3662 ut
904 3612 964 3688 por
981 3591 1102 3666 eadem
1119 3591 1209 3664 bona
1228 3591 1275 3664 ad
1290 3591 1547 3686 requisitionem
1561 3601 1710 3664 nostram
1724 3593 1769 3666 de
1787 3592 1853 3690 hys
1866 3614 1936 3690 que

529 3717 625 3791 curia
641 3725 756 3789 nostra
773 3713 967 3808 requisierit
983 3711 1138 3806 satisfiat,
1158 3736 1376 3808 quecumque
1394 3715 1568 3788 inveneris
1583 3713 1743 3787 distincte
1757 3715 1858 3788 nobis
1874 3735 1936 3809 par

529 3853 606 3914 tuas
626 3840 761 3912 licteras
787 3837 1026 3932 rescripturus.
1044 3837 1212 3932 Requiras
1236 3838 1479 3910 nichilominus
1499 3859 1613 3910 coram
1635 3837 1798 3932 predictis
1822 3835 1934 3908 homi·

527 3963 631 4034 nibus
651 3981 796 4034 uxorem
816 3957 993 4054 quondam
1017 3959 1172 4053 ejusdem
1193 3959 1356 4032 Iohannis
1386 3967 1426 4030 ut
1450 3959 1495 4062 de
1519 3961 1622 4031 rebus
1644 3959 1741 4032 curia
1768 3967 1882 4036 nostre
1906 3959 1936 4030 si

525 4109 613 4184 quas
629 4085 752 4175 habet,
773 4081 835 4156 tibi
851 4104 915 4178 pro
930 4090 1026 4176 parte
1045 4091 1159 4154 nostra
1176 4104 1289 4154 coram
1305 4081 1437 4154 eisdem
1452 4081 1618 4176 assignet,
1635 4103 1740 4178 super
1757 4081 1885 4177 quibus
1901 4089 1935 4154 et

524 4207 687 4306 predictis
708 4205 870 4280 omnibus
887 4203 1023 4275 licteras
1043 4208 1121 4275 tuas
1141 4203 1188 4277 ad
1204 4226 1373 4277 cameram
1392 4213 1543 4275 nostram
1562 4203 1695 4276 mictas.

573 4333 699 4404 Datum
713 4325 858 4402 Viterhii
876 4335 954 4422 post
972 4326 1123 4399 reditum
1139 4349 1160 4400 a
1175 4327 1337 4416 Corneto,
1352 4327 1414 4400 Xll
1433 4325 1559 4418 martii,
1576 4325 1654 4398 Xlll
1670 4324 1881 4398 indictionis.

573 4454 708 4527 Similes
728 4451 909 4524 Gnillelmo
926 4449 972 4523 da
990 4449 1146 4545 Angloue
1163 4449 1350 4542 justitiario
1373 4451 1458 4524 citra
1476 4446 1622 4548 [flumen
1643 4447 1794 4548 Salsum]
1820 4458 1932 4546 preter

525 4577 611 4652 illud
628 4576 760 4650 uxoris.

566 4741 608 4822 (a)
628 4741 708 4803 llaec
721 4757 739 4802 e
752 4745 824 4801 uota
836 4738 992 4819 marginal
1004 4737 1187 4815 supplentur.
