4374 6010
525 618 587 682 854
1025 616 1241 680 FlllllElllCl
1265 614 1440 678 sscttttttt
1749 616 1832 696 [dn.
1849 617 1934 681 1240.

524 751 631 846 aliqui
649 750 695 824 ad
714 751 938 847 reparationis
962 751 1142 826 servitium
1161 760 1355 826 teneantur.
1372 749 1446 823 Sibi
1468 769 1554 822 vero
1579 769 1753 844 expensas
1768 750 1935 824 exhibeas

522 877 626 969 juxta
641 875 785 948 assisam
801 875 897 950 curie
915 885 1031 950 nostre
1055 898 1118 972 pro
1135 897 1195 968 se,
1215 877 1328 948 tribus
1342 873 1501 948 scntcdis
1513 881 1548 948 et
1570 881 1720 967 quatuor
1736 873 1854 968 equis,
1871 873 1937 970 hys

525 998 628 1072 certis
646 997 770 1073 diebus
785 998 913 1093 quibua
934 999 1123 1074 morabitur
1144 999 1181 1074 in
1197 998 1341 1074 servitio
1357 998 1424 1072 sibi
1443 996 1627 1072 commisso
1650 997 1764 1092 ipsum
1783 997 1936 1073 officium

524 1142 704 1194 exercens.

573 1247 697 1318 Datum
710 1242 763 1344 [ut
778 1241 909 1342 tumul.

577 1799 799 1886 Mandatum
824 1801 875 1884 ad
908 1799 1095 1884 Criscium
1130 1799 1405 1884 Amalfitanum
1434 1809 1479 1884 ut
1505 1799 1686 1914 sylvestri
1717 1803 1765 1887 de
1796 1803 1935 1891 Sancto

524 1933 643 2017 Paulo
662 1934 712 2016 ab
730 1933 853 2017 officio
869 1934 975 2044 quod
993 1932 1192 2017 exercebat
1208 1942 1352 2044 amoto,
1366 1933 1447 2044 ipse
1463 1934 1665 2044 pecuniam
1682 1947 1719 2019 et
1731 1947 1936 2047 proventus

523 2066 651 2150 curiae
677 2065 832 2174 recipiet
860 2077 899 2149 et
924 2092 1023 2176 quae
1050 2066 1090 2148 in
1117 2065 1331 2150 munitione
1355 2076 1570 2152 castrorum
1596 2067 1746 2178 Aprutii
1774 2071 1934 2179 expendi

522 2196 686 2282 debeant
702 2197 903 2308 expendat.

603 2421 732 2504 (Repeti.
747 2421 850 2502 imper.
866 2418 982 2482 diedo.
998 2421 1040 2500 11,
1055 2419 1106 2482 iol.
1123 2429 1162 2482 89
1176 2426 1271 2495 recto;
1285 2423 1317 2482 tn
1330 2421 1402 2484 edit.
1418 2422 1556 2497 Cmcnn„
1570 2439 1602 2502 p.
1619 2421 1702 2500 aso.)

568 2615 653 2686 item
666 2637 679 2682 .·

567 2736 786 2828 Fredericus,
803 2745 887 2824 eto„
916 2735 1044 2808 Griscio
1065 2733 1271 2808 Amalfitana
1295 2732 1341 2806 de
1357 2733 1491 2830 Capua,
1512 2741 1580 2808 etc.
1602 2734 1779 2809 lenientis
1801 2736 1849 2809 ad
1868 2758 1933 2810 nos

520 2860 687 2956 Sylvestri
703 2859 748 2933 de
763 2861 888 2932 Sancto
901 2859 1009 2932 Paulo
1028 2857 1141 2931 lidelis
1163 2859 1270 2932 nostri
1291 2858 1412 2931 relatio
1432 2877 1496 2930 nos
1512 2857 1654 2931 induxit
1668 2857 1764 2952 quod
1779 2881 1859 2932 oum
1877 2882 1933 2934 re-

519 2983 729 3056 collectionis
745 2982 897 3056 officium
910 2983 982 3074 jam
997 2979 1063 3054 eibi
1082 2981 1303 3053 commissum
1319 3003 1382 3077 per
1395 2982 1530 3053 nullum
1547 2981 1654 3054 alium
1674 2983 1722 3054 ita
1740 2983 1829 3055 bene
1841 2983 1933 3056 sicut

518 3129 582 3202 per
590 3105 813 3199 justitiarium
831 3114 867 3178 at
884 3113 918 3178 te
936 3113 1051 3198 posset
1068 3103 1104 3176 in
1117 3104 1263 3199 Aprutio
1274 3105 1443 3195 exemeri,
1460 3104 1610 3178 rationes
1622 3103 1817 3200 probabiles
1829 3107 1934 3181 indu·

518 3229 647 3318 condo,
670 3231 783 3324 ipsum
803 3228 848 3300 ab
871 3227 994 3300 eodem
1015 3247 1177 3300 amovere
1199 3226 1312 3301 officio
1338 3227 1574 3322 dignaremur.
1598 3229 1650 3301 Ne
1674 3237 1789 3301 autem
1815 3239 1932 3304 nostra

518 3351 659 3426 servitia
681 3351 902 3446 dispendium
927 3349 1070 3445 aliquod
1096 3371 1156 3422 seu
1183 3349 1356 3423 delectum
1379 3373 1427 3424 ex
1453 3350 1653 3444 hujusmodi
1682 3353 1930 3427 mutationibus

517 3495 605 3570 quas
623 3475 757 3548 inducit
771 3473 934 3568 temporis
951 3473 1151 3563 necessitas,
1170 3473 1338 3568 patiatur,
1355 3472 1512 3547 fidelitati
1524 3483 1585 3548 tue
1596 3473 1818 3571 precipiendo
1831 3497 1931 3549 man·

518 3599 642 3674 damus
657 3609 830 3694 quatenus
847 3601 949 3692 juxta
968 3595 1064 3691 quod
1084 3617 1146 3692 per
1166 3597 1252 3669 alias
1273 3597 1408 3671 litteras
1431 3607 1564 3671 nostras
1583 3598 1646 3670 tibi
1668 3598 1925 3692 mandarimus,

517 3723 700 3818 pecuniam
717 3731 752 3794 et
770 3731 955 3817 proventus
970 3720 1067 3792 curie
1083 3730 1199 3792 nostre
1206 3737 1221 3810 ,¹
1232 3720 1322 3792 sieut
1333 3721 1612 3816 percipiebantur
1627 3720 1792 3794 hactonus
1807 3743 1828 3794 a
1844 3743 1931 3816 pre-

518 3847 756 3922 decessoribus
772 3847 856 3937 mis,
870 3856 906 3918 et
919 3853 956 3918 tu
970 3845 1102 3918 ratione
1116 3843 1221 3917 officii
1238 3845 1401 3940 recipias,
1422 3865 1493 3940 que
1510 3846 1547 3916 in
1564 3845 1632 3940 hys
1647 3844 1778 3939 quibus
1797 3867 1926 3941 expen-

516 3970 689 4045 debantur
701 3989 763 4065 pro
773 3969 923 4042 servitiis
935 3967 1059 4041 nostris
1071 3967 1236 4060 exigente
1245 3966 1359 4041 officio
1370 3969 1460 4040 sicut
1472 3968 1509 4039 in
1521 3968 1712 4042 munitione
1723 3977 1926 4062 castrorum,

516 4094 677 4168 videlicet
701 4093 738 4164 in
763 4091 884 4166 solidis
902 4100 937 4164 et
958 4091 1166 4165 victualibus
1187 4112 1322 4165 necnon
1344 4091 1421 4163 aliis
1446 4113 1516 4186 que
1538 4111 1602 4163 nos
1627 4090 1694 4186 ipsi
1718 4089 1929 4186 precipimus

515 4239 577 4312 per
594 4217 730 4290 licturus
745 4215 931 4313 speciales,
952 4214 1144 4310 expendas.
1160 4215 1365 4289 Mandamus
1384 4215 1489 4289 etiam
1511 4225 1551 4288 ut
1566 4213 1714 4287 iohanni
1733 4213 1779 4287 de
1795 4215 1928 4311 llaymo

514 4339 684 4434 provisori
702 4349 890 4412 castrorum
914 4337 951 4410 in
972 4325 1118 4432 Aprutio
1135 4358 1198 4434 pro
1214 4359 1269 4430 se,
1293 4337 1405 4410 tribus
1423 4338 1581 4412 scuteriis
1602 4347 1637 4410 at
1656 4347 1805 4433 quatuor
1827 4339 1928 4432 equis

510 4461 614 4554 juxta
632 4461 775 4536 assisam
798 4461 892 4534 curie
906 4481 1078 4556 expensas
1101 4459 1229 4534 debeas
1243 4461 1432 4554 exhibere,
1447 4461 1513 4558 hys
1534 4462 1637 4535 cerus
1657 4461 1782 4534 diebus
1797 4462 1926 4556 quibus

512 4585 702 4657 morabitur
715 4584 752 4655 in
763 4583 904 4658 servitio
919 4583 986 4656 sibi
1004 4583 1187 4656 commisso
1204 4583 1320 4678 ipsum
1337 4581 1490 4659 officium
1508 4583 1716 4659 exmcendo.

562 4708 685 4781 Datum
702 4705 845 4797 Arroni,
862 4707 969 4782 XVlll
986 4706 1115 4794 martii,
1136 4707 1215 4780 Xlll
1231 4707 1443 4782 indictionis.
