4524 6012
285 707 468 786 laatcr.13.]
733 709 929 770 lllS'l'ORlA
953 702 1245 768 nlrnouttttctt
1632 699 1687 760 681

286 843 384 916 solita
401 843 595 937 recepimus
609 843 745 916 licterns
770 855 867 936 tuas,
886 855 953 919 etc.
974 847 1086 940 Super
1101 862 1144 914 eo
1165 849 1281 912 auteur
1301 835 1398 932 quod
1417 836 1506 910 sicut
1529 835 1693 932 scripsisti

287 964 442 1038 homines
455 965 641 1058 Uguiznuis
659 967 704 1038 de
718 967 898 1040 Saxolcrte
917 967 963 1042 de
977 969 1103 1040 Sancto
1120 961 1335 1055 Archangelo
1356 959 1440 1032 dare
1457 959 1522 1032 sibi
1542 960 1693 1032 subven-

287 1087 411 1160 tionem
426 1109 489 1182 pm
504 1090 544 1159 B.
562 1086 633 1162 lilio
648 1111 714 1162 suo
736 1090 896 1164 iaciendo
914 1091 1022 1164 milite
1037 1097 1238 1176 renuerunt,
1252 1092 1367 1180 spreta
1385 1103 1475 1176 pena
1488 1083 1572 1177 ipsis
1583 1083 1694 1177 irnpe-

285 1210 346 1282 sita
361 1231 427 1304 per
445 1219 546 1281 tuum
563 1211 729 1282 nuncium
748 1213 930 1307 specialem
947 1223 983 1284 et
999 1209 1191 1307 specialiter
1206 1215 1355 1302 quatuor
1373 1205 1501 1298 quibus
1521 1227 1583 1300 per
1597 1227 1695 1278 eum·

285 1331 362 1405 deur
383 1333 544 1403 nuntium
564 1342 684 1406 taxare
701 1338 882 1430 pecuniam
896 1357 960 1431 pro
972 1333 1205 1408 subventione
1219 1330 1296 1426 ipsa
1313 1339 1348 1402 et
1365 1338 1516 1400 taxatam
1534 1328 1696 1420 colligere

286 1455 529 1542 mandabatur,
548 1455 706 1528 fidelitati
720 1467 780 1532 tue
796 1459 1017 1555 precipiendo
1031 1457 1236 1531 mandamus
1248 1461 1419 1548 quatenus
1432 1451 1588 1525 homines
1603 1452 1696 1546 ipsos

285 1580 399 1651 Sancti
410 1578 614 1674 Archangeli
629 1583 786 1677 compelli
802 1585 907 1655 iacias
919 1583 1117 1656 cobertione
1127 1601 1198 1675 qno
1211 1577 1421 1652 convenitut
1431 1575 1695 1648 subventionem

286 1703 437 1775 tribuant
455 1725 518 1798 pro
534 1704 655 1777 militia
672 1707 712 1778 Β.
732 1705 878 1802 predicti
901 1707 962 1778 lilii
977 1705 1165 1802 Uguinonie
1184 1702 1296 1776 lidelis
1316 1701 1440 1790 nostri,
1467 1699 1556 1773 sicut
1578 1710 1629 1772 est
1650 1701 1696 1776 de

285 1825 536 1900 cousuetudine
559 1829 657 1922 regni
679 1839 714 1900 et
734 1831 860 1902 nostris
884 1828 1185 1902 constitutionibus
1207 1833 1259 1898 est
1276 1833 1453 1898 statutum.
1475 1825 1586 1920 Super
1606 1847 1696 1919 pena

284 1972 367 2024 vam
380 1952 619 2047 percuntium
637 1963 733 2025 tuum
757 1955 915 2050 imposita
934 1966 969 2028 et
987 1955 1179 2049 specialiter
1196 1961 1345 2046 quatuor
1366 1949 1411 2022 ab
1434 1949 1519 2046 ipsis
1533 1961 1694 2046 accepta,

284 2074 453 2170 prcoedas
466 2083 584 2148 contra
598 2097 660 2150 eos
674 2077 807 2169 justitia
826 2079 1012 2152 mediante.

335 2199 461 2272 Datum
479 2199 573 2295 apud
591 2199 790 2295 Cortonam,
803 2203 880 2276 xv}
891 2201 1059 2294 januarii,
1073 2199 1149 2272 Xlll
1165 2197 1375 2272 indictionis.

500 2509 1133 2524 ——n——uu-*a-—n--u--u-n
1139 2511 1157 2520 -ι
1165 2511 1173 2522 ι
1179 2507 1484 2521 m

338 2769 569 2876 fridericus,
594 2771 855 2854 Romanorum
878 2773 1098 2881 imperator,
1114 2773 1379 2856 Buiamontem
1408 2770 1691 2877 Cavalcantem,
1775 2846 1808 2880 ,ω
1866 2870 1873 2890 .

284 2905 479 3012 quondam
509 2904 649 3015 Ugcnis
678 2905 839 2990 Oeconis
865 2905 1010 3013 filium,
1046 2906 1242 3015 publicum
1274 2904 1515 2988 tabellionem
1557 2915 1594 2986 et
1619 2903 1691 3013 ju-

282 3037 405 3120 dicem
433 3039 669 3121 ordinarium
691 3039 840 3150 imperii
862 3041 1068 3124 constituit.

367 3257 539 3334 (Memorat.
555 3263 588 3320 ln
605 3261 703 3339 Epist.
720 3261 828 3321 llaec.
851 3261 989 3322 amna
1007 3279 1056 3340 ap.
1068 3259 1182 3322 Ante.
1196 3268 1267 3322 clar.
1290 3259 1430 3340 wenc,
1443 3261 1567 3338 append.
1588 3269 1622 3322 n·
1641 3271 1691 3342 ιι,

406 3379 438 3440 p.
450 3373 566 3444 ⁴⁶⁵,ex
580 3369 681 3446 regist.
692 3373 787 3428 veter.
797 3373 929 3428 constan.
942 3373 1007 3428 not.
1018 3369 1175 3429 maecum
1188 3370 1219 3428 ln
1228 3367 1343 3430 arebla.
1353 3383 1463 3430 comm.
1473 3368 1606 3442 Certen,
1617 3368 1641 3428 l.
1653 3377 1692 3429 ao

402 3469 515 3549 uerso.)

329 3663 544 3756 fridericus,
562 3665 624 3736 Dei
641 3665 750 3758 gratia
771 3667 1000 3738 Romanorum
1021 3665 1205 3760 imperator
1225 3689 1362 3762 semper
1385 3677 1573 3762 augustus,
1590 3669 1694 3742 Jeru-

282 3787 387 3859 salem
404 3797 440 3859 et
460 3787 575 3861 Sicilie
593 3807 669 3862 rex.
690 3790 754 3861 Per
769 3810 910 3883 presens
931 3789 1095 3884 scriptum
1118 3799 1238 3862 notum
1258 3791 1404 3862 lecimus
1427 3791 1598 3863 universis
1620 3793 1693 3864 im·

283 3909 368 4004 perii
380 3907 543 3982 fidelibus
561 3919 631 3984 tam
648 3911 865 4006 presentibus
878 3933 983 4006 quam
999 3911 1122 3984 tuturis
1138 3911 1233 4006 quod
1246 3932 1310 3985 nos
1324 3911 1534 3985 confidentes
1550 3912 1594 3986 de
1611 3939 1693 4010 pru·

283 4030 398 4106 dentis
410 4042 446 4105 et
458 4033 631 4126 legalitate
639 4033 852 4106 Bniamontis
865 4033 1078 4108 Cavalcantis
1091 4035 1267 4130 quondam
1279 4035 1408 4128 Ugcnis
1419 4035 1565 4107 Occonis
1581 4035 1693 4110 fidelis

283 4157 406 4246 nostri,
428 4157 667 4230 constituimus
688 4179 767 4230 eum
799 4157 975 4252 publicum
1002 4157 1220 4230 tabellionem
1240 4167 1275 4228 et
1296 4157 1452 4250 judicem
1478 4155 1691 4236 ordinarium

283 4277 416 4372 imperii
433 4289 473 4350 ut
492 4279 618 4352 amodo
639 4279 769 4374 publici
792 4281 1033 4352 tabellionatus
1057 4289 1091 4354 et
1108 4279 1285 4372 judicatus
1308 4280 1460 4352 officium
1481 4279 1610 4375 ubique
1630 4305 1694 4378 per

282 4400 464 4496 imperium
487 4401 533 4474 ad
553 4401 717 4476 bonorem
743 4413 778 4476 ct
793 4402 992 4478 fidelitatem
1016 4413 1166 4477 nostram
1191 4403 1319 4476 debeat
1340 4402 1487 4476 fideliter
1507 4425 1689 4496 exeruere,

283 4533 418 4620 recepto
441 4527 538 4621 prius
565 4529 610 4599 ab
632 4547 675 4601 eo
701 4527 873 4602 fidelitatis
899 4539 934 4602 et
961 4530 1141 4624 utriusque
1163 4529 1266 4602 officii
1286 4529 1388 4622 juxta
1411 4529 1691 4602 consuetudinem

280 4646 484 4737 juramento.
506 4649 673 4733 Quocirca
687 4651 901 4726 universitati
920 4662 1033 4726 vestre
1052 4651 1273 4748 precipiendo
1296 4651 1501 4726 mandamus
1522 4663 1692 4747 quatenus

286 4771 438 4862 predicto
454 4773 650 4847 Bniamonti
677 4776 713 4846 in
731 4775 885 4871 hiisque
902 4776 947 4850 ad
964 4775 1119 4870 ejusdem
1136 4777 1266 4872 publici
1284 4777 1525 4849 tabellionatus
1546 4785 1581 4847 et
1595 4776 1693 4868 judi·
