4374 6010
530 647 592 712 922
1031 647 1246 714 salutaret
1272 651 1446 715 suturam
1755 650 1837 736 [limo
1858 652 1947 718 tato

530 785 586 856 liis
611 784 736 856 nostris
762 781 983 874 accederent,
1016 785 1196 862 intentioni
1219 796 1335 864 nostre
1358 809 1429 884 que
1448 785 1534 860 nihil
1558 785 1719 860 simulate
1743 799 1951 884 conceperat

530 907 739 997 inherentes,
756 927 898 1002 presens
914 908 1088 984 Romanus
1104 911 1262 1006 pontifex
1280 911 1388 986 nostri
1403 910 1572 985 sermonis
1589 917 1625 984 et
1641 909 1757 1006 operis
1771 910 1949 1006 malignus

529 1031 716 1126 interpres,
737 1030 838 1124 quasi
856 1030 1042 1105 discrimen
1060 1043 1178 1108 nostre
1193 1035 1371 1130 religionis
1388 1044 1424 1108 et
1443 1033 1611 1109 catholice
1628 1031 1710 1108 iidei
1727 1033 1765 1106 in
1779 1032 1950 1108 dilatione

530 1152 703 1226 commodi
725 1154 888 1248 temporis
909 1165 1081 1248 ageretur,
1106 1157 1237 1230 crebris
1264 1157 1421 1250 monitis,
1445 1155 1621 1230 mandatis
1643 1166 1678 1229 et
1699 1155 1803 1228 minis
1822 1177 1949 1232 cruce-

528 1277 683 1371 signatos
697 1275 743 1351 ad
761 1277 942 1352 transitum
962 1280 1056 1376 cepit
1067 1281 1261 1378 impellere,
1279 1282 1427 1376 alligans
1443 1280 1522 1354 aliis
1535 1282 1638 1374 juxta
1651 1281 1756 1354 Sacro
1772 1280 1950 1375 Scriptura

528 1401 674 1474 verbum
692 1423 798 1475 onera
820 1401 1025 1496 graviaque
1042 1403 1155 1498 digito
1173 1425 1238 1478 sno
1252 1426 1393 1478 movere
1406 1411 1555 1477 recusat.
1577 1401 1680 1489 Quod
1696 1425 1777 1476 cum
1799 1402 1847 1476 ad
1865 1424 1949 1477 nos-

522 1529 617 1598 'tram
641 1525 797 1598 notitiam
821 1525 1052 1621 pervenisset,
1083 1526 1245 1601 eumdem
1274 1527 1462 1600 antistitem
1496 1526 1670 1600 multoties
1696 1526 1817 1600 iterata
1845 1548 1949 1622 prece

529 1649 730 1742 rogavimus
745 1669 791 1722 ne
809 1657 943 1721 tantum
960 1669 1048 1745 opus
1064 1649 1162 1745 quod
1179 1649 1462 1725 deliberationem
1485 1651 1636 1742 musilii,
1654 1651 1948 1746 opportunitatem

528 1771 692 1870 temporis
708 1779 743 1846 et
759 1770 926 1866 graudm
943 1781 1148 1868 apparatum
1164 1793 1282 1848 rerum
1300 1782 1335 1848 et
1348 1773 1526 1850 bominum
1543 1773 1720 1870 exigebat,
1739 1773 1949 1848 volubilitati

531 1906 566 1970 et
592 1894 771 1992 precipitio
795 1894 932 1968 fortune
960 1895 1204 1988 committeret,
1231 1918 1296 1972 nec
1321 1897 1499 1972 servitium
1529 1899 1613 1971 Iesu
1635 1895 1759 1970 Christi
1783 1907 1820 1970 et
1844 1897 1949 1970 Terre

529 2023 654 2094 Sancte
667 2019 864 2094 subsidium
881 2019 978 2115 quod
990 2030 1145 2096 nostrum
1161 2033 1197 2100 ct
1212 2033 1385 2098 tantorum
1399 2023 1535 2098 animos
1552 2023 1709 2096 virorum
1722 2021 1945 2114 accenderat,

529 2143 725 2242 improvida
754 2143 927 2218 celeritate
956 2145 1202 2238 contunderet,
1229 2146 1412 2222 attendens
1442 2156 1478 2220 et
1510 2147 1664 2222 recolens
1694 2145 1948 2240 reparationem

530 2269 617 2344 tanti
638 2266 847 2340 discriminis
875 2267 1011 2341 laoilem
1040 2291 1110 2342 non
1130 2291 1207 2344 esse
1232 2279 1309 2366 post
1338 2273 1492 2368 lapsum;
1519 2267 1661 2344 demum
1682 2269 1948 2366 promissionem

530 2392 771 2468 subventionis
789 2399 905 2465 nostre
921 2400 1015 2465 tanto
1034 2392 1171 2488 negotio
1191 2395 1417 2490 competentis
1431 2414 1503 2467 uun
1525 2393 1561 2466 in
1580 2413 1711 2467 vanum
1736 2400 1946 2482 assumeret,

531 2517 593 2612 qui
609 2515 788 2590 servitium
803 2515 886 2588 lesu
909 2513 1031 2588 Christi
1056 2525 1090 2588 et
1114 2517 1213 2610 regni
1237 2517 1537 2614 hierosolymitani
1562 2513 1754 2612 presidium
1775 2515 1875 2588 nobis
1900 2535 1948 2588 ex

531 2639 594 2712 filii
621 2639 727 2712 nostri
754 2637 926 2733 presentia
954 2638 1101 2730 subjecti
1127 2639 1206 2712 totis
1236 2639 1372 2712 viribus
1399 2641 1561 2736 prosequi
1589 2640 1833 2736 sperabamus;
1861 2635 1949 2710 illud

530 2763 694 2858 precipue
711 2771 905 2856 repetentes
926 2761 1024 2855 quod
1051 2783 1099 2834 ex
1122 2762 1295 2856 preteritis
1314 2763 1432 2857 preliis
1449 2784 1513 2858 per
1537 2763 1664 2836 multas
1687 2759 1950 2836 vicissitudines

531 2886 699 2960 immensa
726 2885 907 2979 sauguinis
932 2885 1250 2978 crucesignatorum
1276 2885 1399 2958 eliusio
1425 2886 1517 2960 circa
1538 2886 1605 2960 hec
1627 2886 1699 2960 lere
1721 2884 1807 2958 nihil
1834 2885 1949 2980 proie-

531 3009 634 3084 cisset
653 3018 712 3082 aut
733 3007 926 3098 modicum,
948 3029 990 3080 eo
1007 3008 1103 3102 quod
1120 3007 1239 3103 sepius
1254 3007 1386 3081 obstitit
1407 3029 1523 3082 rerum
1545 3007 1701 3106 delectus
1716 3019 1752 3082 et
1768 3007 1949 3080 hominum

531 3143 567 3208 et
594 3131 782 3228 aliquando
807 3131 931 3206 ductor
956 3141 1078 3226 potens
1105 3140 1140 3204 et
1171 3130 1340 3227 providus
1367 3131 1581 3206 multitudini
1605 3131 1739 3222 deluit,
1764 3128 1850 3207 duur
1877 3150 1949 3202 non

531 3265 648 3352 posset
664 3277 710 3328 ex
728 3249 927 3328 diversitate
949 3252 1132 3328 ductorum
1154 3255 1212 3330 vel
1237 3256 1342 3328 unius
1366 3255 1508 3348 ignavia
1535 3255 1703 3351 principis
1726 3261 1787 3327 aut
1809 3253 1950 3326 tractari

532 3377 761 3452 commoditas
787 3378 941 3474 plurium
964 3386 1026 3450 ant
1048 3377 1231 3452 insolentia
1257 3378 1424 3468 coerceri3
1448 3377 1545 3452 uude
1570 3375 1702 3452 salubri
1731 3376 1877 3452 consilio
1901 3377 1949 3450 ad

533 3500 767 3576 commodiora
784 3510 941 3595 tempora
957 3509 1153 3592 reservato,
1171 3510 1207 3576 et
1225 3502 1364 3596 negotio
1387 3503 1579 3578 consuleret
1593 3510 1629 3576 et
1649 3499 1808 3597 personis
1827 3505 1868 3572 nt
1886 3521 1949 3594 per

533 3624 807 3722 copiosissimum
818 3632 1022 3722 apparatum
1035 3619 1097 3723 [et]
1109 3625 1342 3699 necessarium
1359 3646 1407 3700 ex
1420 3627 1526 3698 unius
1543 3634 1684 3698 strenua
1700 3643 1849 3722 persona
1861 3622 1949 3694 mul·

533 3747 673 3823 titudiui
690 3748 864 3843 regimen,
890 3747 1075 3822 christiana
1097 3749 1219 3843 religio
1239 3749 1342 3828 simul
1366 3757 1402 3824 et
1428 3750 1533 3824 semel
1557 3757 1593 3822 et
1613 3745 1661 3822 ad
1681 3755 1802 3820 votnm
1822 3744 1950 3818 devote

532 3873 732 3970 procederet
748 3881 783 3946 et
806 3893 929 3946 secura
946 3869 1135 3948 confideret
1151 3871 1197 3946 de
1217 3873 1405 3969 triumpho.
1430 3871 1500 3946 Sed
1527 3872 1592 3946 iste
1609 3873 1787 3946 Romanus
1808 3868 1950 3940 anbstes

533 3995 598 4070 bec
626 3995 744 4070 omniu
775 3995 1032 4092 parvipendens
1062 4003 1103 4068 ut
1134 3995 1170 4067 in
1199 3995 1321 4069 odium
1354 4003 1510 4068 nostrum
1540 3995 1706 4068 univorsa
1736 3997 1873 4086 cogeret
1901 3988 1950 4062 ad

533 4120 689 4210 ruinam,
712 4119 957 4214 crucesignatis
982 4118 1097 4194 acrius
1121 4117 1246 4192 institit
1267 4127 1307 4191 nt
1329 4119 1530 4208 transirent,
1558 4139 1628 4192 non
1650 4113 1831 4190 attendens
1853 4111 1950 4208 quod

535 4243 798 4319 christianorum
815 4243 962 4338 reliquie
980 4241 1025 4315 de
1040 4241 1196 4338 partibus
1214 4241 1534 4336 transmarinisque
1554 4262 1635 4314 cum
1653 4221 1812 4312 hostibus
1827 4234 1950 4308 suluti-

534 4367 606 4440 lere
622 4367 735 4440 crucis
748 4375 947 4462 treugarum
959 4374 1153 4439 nostrarum
1168 4365 1286 4440 ledere
1301 4365 1540 4462 quiescebant,
1555 4385 1603 4438 ex
1617 4371 1713 4436 motu
1730 4359 1949 4450 crucesigna-

535 4501 649 4564 torum
666 4490 793 4563 violato
816 4489 932 4563 ledere
948 4498 1106 4585 poterant
1127 4487 1235 4584 gladii
1257 4489 1420 4588 periculis
1433 4497 1468 4562 et
1483 4487 1584 4560 lamis
1600 4485 1750 4583 exponi,
1776 4505 1857 4558 cum
1876 4503 1947 4558 non

535 4622 649 4710 posset
670 4612 721 4686 eie
746 4613 792 4686 de
814 4612 1042 4688 subventione
1066 4611 1169 4686 celeri
1191 4611 1370 4688 subveniri
1390 4632 1432 4686 ac
1451 4609 1642 4708 provideri.
1664 4605 1818 4684 Tandem
1842 4605 1949 4680 intel-

535 4737 622 4810 lecto
633 4735 744 4834 quod,
757 4735 850 4811 idem
864 4757 955 4832 papa
969 4735 1218 4832 crucesignatis
1232 4733 1364 4810 eisdem
1381 4735 1427 4810 de
1440 4735 1586 4809 transitu
1604 4735 1735 4808 litteras
1751 4730 1951 4804 terribiliter
