4384 6004
230 690 328 750 lrrntcr.
348 683 406 769 lt]
659 685 857 748 HISTORIA
881 686 1176 750 ntrtotrnwcn.
1567 687 1644 747 lttt

230 845 303 896 rem
321 844 423 894 snum
447 829 482 894 et
505 822 640 918 imperii
664 823 819 899 satisfiat.
844 827 1076 900 Promittimus
1100 825 1204 897 etiam
1227 821 1350 896 iisdem
1372 822 1586 918 principibus
1611 833 1646 896 et

231 945 408 1018 nobilibus
425 945 559 1040 imperii
577 946 607 1017 si
625 968 703 1018 cum
723 947 884 1043 Gregorio
896 972 987 1046 papa
1009 947 1290 1043 compositionem
1308 947 1418 1019 lacere
1435 968 1500 1018 nos
1512 947 1646 1019 contin-

232 1078 306 1162 gat,
319 1069 415 1162 quod
426 1068 472 1142 ad
488 1069 647 1142 eamdem
658 1090 875 1144 assumemus
887 1093 948 1144 ecs
959 1072 1055 1144 eleis
1073 1093 1136 1168 prc
1154 1067 1413 1144 conservatione
1427 1071 1482 1142 sui
1496 1071 1646 1142 nominis

233 1203 269 1265 et
283 1193 425 1264 honoris
448 1192 483 1263 in
503 1192 625 1266 cadem
641 1195 890 1290 compositione
910 1195 1112 1271 cavebimus
1131 1205 1297 1290 tanquam
1319 1195 1434 1268 nobis.
1461 1196 1604 1290 Insuper
1618 1195 1647 1267 si

233 1317 416 1390 occasione
430 1316 562 1389 servitii
585 1316 686 1391 nobis
708 1317 854 1413 impensi
873 1319 1017 1413 aliquod
1030 1340 1219 1410 gravamen
1241 1319 1464 1407 incurrerint,
1482 1320 1576 1414 ipsos
1602 1319 1648 1392 ad

233 1461 336 1535 posse
349 1450 504 1514 nostrum
523 1439 606 1513 inde
621 1440 830 1531 eximamus,
850 1443 991 1516 cosdem
1005 1443 1041 1514 in
1055 1443 1122 1516 hcc
1135 1464 1205 1515 non
1222 1440 1418 1534 deserentes
1432 1463 1513 1516 casu
1530 1442 1649 1536 aliquo

235 1575 444 1660 emergente.
463 1565 621 1638 Preterea
640 1565 771 1637 ratione
796 1566 983 1638 litterarum
1003 1588 1091 1659 quas
1115 1566 1286 1660 majestati
1309 1576 1425 1640 nostre
1449 1588 1510 1660 pro
1534 1576 1650 1640 nostro

234 1697 271 1760 ct
281 1687 417 1782 imperii
429 1687 570 1760 servitio
585 1687 814 1782 tradiderunt,
831 1689 935 1784 Alpes
947 1691 1106 1782 transire,
1120 1691 1186 1763 nisi
1203 1689 1328 1764 luerint
1341 1689 1541 1780 voluntarii,
1557 1691 1650 1786 ipsos

236 1812 443 1906 compellere
461 1832 530 1883 non
549 1810 729 1885 debemus.
751 1812 806 1884 Ad
830 1814 930 1904 cnjus
947 1814 998 1885 rei
1020 1815 1254 1888 testimoninm
1277 1823 1444 1910 perpetuo
1465 1815 1650 1886 valiturum

237 1945 431 2030 presentem
445 1937 607 2032 paginam
620 1937 790 2010 conscribi
802 1937 946 2010 fecimus
959 1948 994 2010 et
1006 1939 1117 2032 sigillo
1129 1949 1244 2011 nostre
1256 1938 1470 2012 celsitudinis
1483 1939 1648 2011 roborari.

285 2063 372 2132 Acta
390 2070 472 2132 sunt
488 2060 552 2133 bec
567 2082 660 2133 anno
678 2060 851 2134 dominice
865 2060 1110 2135 incarnationis
1127 2063 1302 2154 MCCXLI,
1321 2083 1441 2136 mense
1458 2063 1574 2159 aprili,
1594 2065 1654 2136 in·

237 2185 389 2259 dictione
401 2185 535 2259 decima
547 2197 687 2282 quarta,
705 2186 802 2277 apud
814 2186 1011 2285 Laodinm(
1036 2187 1063 2284 ).

290 2663 523 2772 Fridericus,
550 2664 812 2748 Romanorum
843 2663 1065 2772 imperator,
1094 2661 1272 2745 Reineric
1298 2660 1427 2745 comiti
1455 2662 1504 2744 de
1533 2659 1656 2744 Cunic
1706 2687 1840 2788 effic

236 2823 308 2906 prc
327 2797 444 2907 gratis
462 2796 546 2908 ejus
565 2796 727 2881 servitiis
738 2794 799 2906 (2)
815 2796 1039 2880 comitatum
1056 2795 1283 2879 Cunicnsem
1301 2804 1339 2876 et
1353 2793 1656 2903 jurisdictionem

236 2929 457 3038 confirmat,
486 2930 549 3014 his
576 2930 671 3014 locis
700 2929 839 3012 additis
868 2928 1009 3011 scilicet
1038 2927 1251 3030 Barbium,
1282 2927 1407 3012 Massa
1435 2925 1654 3037 Zagcnara,

235 3063 400 3174 Basinc,
433 3063 577 3172 Casuli,
607 3064 839 3169 Granarolc,
867 3061 1091 3172 Mazapede,
1122 3059 1287 3167 llcvere,
1318 3059 1496 3168 Ancona,
1527 3057 1656 3141 Vizclc

236 3197 517 3308 Strambuccic,
537 3197 708 3309 Seraglic
726 3207 764 3280 et
782 3195 950 3281 Gineclc

319 3387 492 3467 (Memorat.
511 3405 561 3468 ap.
584 3390 756 3466 Tonnumr,
773 3386 895 3447 Memor.
910 3383 943 3446 tt
955 3385 1089 3461 Fama,
1106 3390 1190 3464 partc
1212 3382 1257 3456 11,
1277 3399 1305 3460 p.
1323 3390 1394 3458 att,
1415 3385 1446 3444 ct
1465 3383 1499 3443 ln
1519 3377 1654 3443 Cltrcrric.

361 3491 513 3570 Tolcrcci,
529 3512 577 3572 ap.
596 3494 805 3568 Min-ranam,
820 3510 851 3570 p.
870 3491 953 3571 8²1.)

287 3656 412 3728 Datum
424 3655 603 3746 Faventia,
615 3653 893 3728 anncdcmrnice
905 3651 1151 3725 incarnationis
1163 3649 1336 3739 MCCXLl,
1350 3647 1601 3745 primcmadii(
1625 3647 1653 3744 ),

238 3777 431 3852 indictione
449 3780 540 3852 xlv.

241 3941 915 3956 m--..fflm--a—-uoe-m--n
920 3940 970 3947 -—--
976 3940 1012 3946 Ἰ---
1018 3939 1042 3946 ι·-
1048 3937 1380 3946 σοι-ι--ι--ι-ικιο-.--

276 4035 314 4107 (l)
334 4034 379 4093 Sic
390 4034 419 4091 in
432 4033 558 4093 omnibns
572 4048 622 4108 per
637 4032 808 4090 amanuensis
817 4031 998 4102 oscitantiam,
1013 4029 1060 4104 qui
1073 4029 1165 4086 locum
1180 4028 1292 4087 lcrsitan
1310 4028 1362 4103 ipsi
1375 4028 1539 4102 incognitum
1550 4027 1657 4086 Fucen-

239 4133 312 4190 tr'cm
326 4133 354 4189 ic
367 4147 466 4190 nomen
480 4131 565 4189 oculis
578 4131 636 4188 suis
652 4132 740 4204 magis
754 4130 884 4188 familiare
902 4129 992 4203 inepte
1013 4129 1141 4186 traduxit.
1157 4127 1292 4185 Nonnulla
1306 4133 1396 4184 tamur
1416 4127 1516 4184 adsunt
1535 4128 1656 4200 ejusdcm

239 4229 395 4288 montiae
409 4229 542 4303 exempla,
557 4243 628 4302 quae
639 4244 723 4302 snpra
742 4229 915 4286 notavimus:
930 4226 1034 4284 scilicet
1048 4225 1160 4284 Flcdclc
1173 4241 1223 4300 prc
1240 4225 1360 4297 Busilcc,
1375 4227 1504 4286 Morcunr
1516 4242 1567 4300 pro
1580 4227 1658 4284 Nor-

241 4326 347 4399 tlurcrr,
361 4334 413 4385 etc.

277 4424 313 4498 (ἰ)
333 4425 381 4483 llir
393 4424 438 4483 ille
449 4439 466 4482 a
479 4431 557 4499 gente
576 4441 648 4499 qnae
663 4423 802 4482 dicebatur
822 4421 943 4480 llcurisia
963 4420 1078 4478 multum
1094 4419 1217 4493 adjutus,
1230 4424 1321 4493 partes
1340 4419 1512 4494 imperatoris
1524 4421 1553 4478 in
1570 4437 1658 4494 expu-

240 4519 350 4593 gnanda
363 4521 489 4580 Faventia
502 4537 674 4597 summopere
688 4521 803 4580 iuverat.

278 4619 314 4692 (3)
332 4619 378 4678 Sic
388 4621 463 4693 apud
476 4620 626 4693 chduzai3
646 4620 719 4696 apud
735 4600 895 4678 Tolosanum
909 4634 975 4676 vero
991 4617 1044 4676 hcc
1056 4616 1197 4691 imperiale
1210 4615 1381 4692 privilegium
1392 4615 1427 4674 ad
1444 4617 1516 4675 diem
1531 4625 1658 4692 quartum

240 4715 376 4773 decimum
389 4717 469 4788 maii,
482 4733 536 4775 noc
549 4717 676 4792 primum,
697 4718 849 4776 indicatur:
864 4715 945 4774 ambo
963 4722 1054 4772 tamen
1065 4729 1188 4788 emoneo,
1203 4720 1234 4771 nt
1247 4722 1384 4788 putamus,
1400 4713 1466 4772 dum
1481 4714 1660 4773 verisimiliter

240 4813 300 4872 dics
312 4813 413 4872 mensis
425 4815 453 4872 in
464 4815 581 4889 munina
593 4815 689 4875 charta
704 4832 758 4875 non
769 4815 852 4874 fucrit
865 4827 1020 4889 expressus.

319 4911 359 4976 V.
381 4930 469 4978 Parsa.
1442 4920 1496 4974 141
