4468 6010
538 679 611 754 vve
1054 676 1268 738 EIlIIlEIllGI
1293 674 1466 738 SEGIINIII
1779 671 1859 750 [Anu.
1879 673 1963 736 rato.

551 826 665 888 tecum
689 814 751 908 qui
773 813 836 886 tibi
860 833 923 908 pro
947 811 1075 884 uostris
1095 812 1245 884 servitiis
1262 811 1299 882 in
1320 810 1435 884 officie
1456 806 1635 901 judlantus
1656 805 1812 894 assistat,
1833 807 1879 881 da
1895 828 1965 903 quc

552 948 706 1011 nostrum
721 937 935 1031 requisivisti
961 935 1185 1019 mandatum,
1207 935 1369 1006 volumus
1386 942 1426 1004 ut
1450 941 1488 1003 tu
1510 931 1572 1002 tibi
1592 930 1747 1024 aliquem
1769 931 1878 1024 eligas
1903 934 1962 1026 qui

551 1061 665 1136 fidelis
682 1069 798 1136 noster
815 1060 860 1132 sit
878 1069 1034 1153 atquem
1054 1059 1117 1130 tibi
1140 1079 1203 1152 pro
1221 1059 1345 1130 nostris
1362 1055 1512 1130 servitiis
1533 1054 1645 1148 magis
1669 1053 1799 1127 videris
1818 1064 1965 1150 oportu-

552 1207 657 1274 num,
675 1193 711 1257 et
738 1205 819 1256 eum
842 1193 956 1255 oecum
983 1203 1047 1276 pro
1071 1181 1195 1254 nostrIs
1220 1181 1370 1254 servitiis
1388 1179 1518 1254 debeas
1537 1178 1697 1252 retinere.
1718 1175 1821 1264 Quod
1849 1189 1965 1253 autem

552 1308 754 1402 algnificasti
774 1319 809 1378 te
826 1305 873 1380 ad
889 1305 1091 1378 mandatnm
1109 1317 1262 1378 nostrum
1281 1303 1376 1400 quod
1397 1303 1458 1375 tibi
1477 1301 1612 1376 dudum
1632 1301 1807 1394 misimus,
1829 1303 1967 1396 equita-

553 1443 649 1505 turas
663 1452 735 1525 que
750 1430 891 1502 luerunt
906 1428 1083 1524 qnondam
1102 1429 1228 1502 llutbei
1243 1428 1462 1502 llarcbnlabe
1483 1427 1605 1500 secreti
1625 1427 1765 1500 Nicolac
1787 1425 1833 1500 de
1856 1427 1967 1500 'Irano

553 1554 753 1628 marescalle
766 1561 882 1625 nostre
899 1553 1047 1626 vallecto
1065 1563 1101 1625 et
1120 1551 1215 1625 fideli
1231 1561 1350 1624 nostro
1361 1552 1558 1643 assignasse
1576 1548 1755 1622 ducendas
1772 1548 1818 1622 ad
1834 1551 1965 1622 curiam

525 1651 531 1664 ”
553 1688 716 1765 nostram,
736 1686 872 1769 gratum
887 1676 1047 1748 ducimus
1057 1685 1091 1748 et
1108 1685 1203 1748 tuam
1217 1675 1300 1749 iuda
1317 1673 1531 1768 diligentiam
1544 1671 1842 1746 commendamus.

602 1803 727 1874 Datum
743 1799 906 1888 Vitcrbii,
927 1801 1051 1872 XXVII
1069 1800 1251 1887 februarii,
1265 1799 1342 1872 XIII
1361 1797 1570 1871 indictIonia.

379 2477 412 2562 ,ι
428 2467 504 2558 mse
610 2445 816 2556 Gregorius
847 2469 947 2554 pepe
977 2443 1016 2524 in
1042 2441 1275 2526 Eridericum
1305 2442 1572 2554 imperatorem
1599 2454 1730 2528 contra
1761 2427 1967 2528 Ecclesiam

554 2589 592 2660 et
618 2575 893 2688 patrimonium
919 2575 1019 2659 beati
1047 2575 1147 2659 Petri
1176 2574 1336 2686 injurias
1363 2575 1513 2685 injuriis
1541 2577 1801 2660 cumulantem
1831 2577 1966 2662 invec-

554 2709 629 2794 tIve
654 2709 805 2818 scribit,
825 2733 988 2791 nameus
1011 2709 1205 2818 quomode
1231 2708 1339 2818 ligno
1363 2709 1494 2793 Crucis
1518 2720 1556 2792 et
1580 2709 1840 2818 apostolorum
1866 2710 1966 2794 Petri

554 2854 592 2926 et
622 2843 731 2927 Pauli
760 2843 948 2954 capitibus
977 2867 1045 2952 per
1076 2841 1214 2924 Urbem
1240 2841 1395 2948 delatis,
1424 2841 1588 2952 populns
1617 2841 1812 2926 Romanus
1839 2843 1964 2926 subito

554 2986 726 3060 mutatus
742 3002 894 3060 crucem
913 2973 1162 3084 assumpserit
1178 2975 1216 3056 in
1232 2973 1422 3058 Ecclesiae
1436 2973 1711 3078 defensionem,
1724 2985 1966 3084 caeterosque

554 3110 729 3194 bortatur
747 3119 790 3192 ut
807 3109 896 3192 fidei
916 3107 1112 3218 negotium
1130 3107 1214 3216 pari
1232 3108 1431 3191 devotione
1447 3119 1739 3216 prosequantur.

637 3351 728 3428 (Edlt.
743 3366 793 3427 ap.
809 3349 914 3424 Banu,
932 3345 1032 3408 Thoan.
1046 3351 1119 3428 Cap.
1133 3346 1202 3408 dict.
1219 3349 1315 3428 aptat,
1329 3351 1360 3408 tn
1371 3348 1484 3410 collect.
1501 3365 1631 3410 monum.
1647 3356 1708 3412 vet.
1720 3357 1750 3410 ct
1761 3357 1885 3426 recent„
1900 3357 1923 3413 t.
1939 3350 1967 3430 1,

673 3473 704 3533 p.
732 3454 1018 3517 athath—(loll.
1038 3471 1106 3515 cum
1127 3455 1220 3516 ccdlc.
1238 3453 1316 3518 Blbl.
1342 3455 1441 3518 (lesan
1456 3455 1565 3536 Parta,
1579 3453 1746 3536 anc.sooda
1766 3453 1855 3532 Iutta,
1872 3465 1966 3535 8604,

677 3562 732 3623 lul.
752 3571 787 3622 rt
801 3577 888 3624 verso
905 3571 941 3622 18
954 3567 1049 3638 ract03
1065 3567 1155 3634 aeta,
1170 3561 1367 3622 tornareto
1382 3569 1420 3622 re
1435 3561 1545 3640 verso.)

603 3773 818 3874 [Gregorlua,
838 3771 920 3872 etc]
935 3773 1111 3848 Attendite
1134 3773 1181 3847 ad
1203 3786 1334 3870 petram
1358 3775 1403 3850 de
1420 3796 1492 3870 qua
1512 3775 1610 3848 scissi
1630 3776 1713 3848 estis
1728 3785 1763 3848 at
1777 3775 1824 3850 ad
1838 3797 1966 3850 cavar-

555 3922 635 3974 nam
661 3900 706 3974 da
724 3921 794 3994 qua
815 3921 921 3971 manu
944 3900 1026 3972 estis
1044 3897 1184 3971 artiiiois
1201 3899 1387 3993 superioris
1407 3899 1566 3970 extracti.
1584 3898 1761 3971 Attendite
1781 3898 1828 3972 ad
1843 3899 1966 3972 Christi

554 4025 723 4098 vicarium
736 4032 868 4118 patrem
886 4033 1037 4094 vestrum
1051 4032 1086 4094 at
1099 4021 1146 4094 ad
1162 4023 1315 4094 Ecclesia
1332 4023 1450 4094 matris
1466 4023 1655 4112 auxilium,
1675 4043 1745 4116 qua
1763 4044 1827 4096 vos
1842 4023 1963 4118 spiritu

554 4148 772 4238 regeneravit
786 4156 821 4218 et
836 4165 959 4238 acqua.
973 4144 1142 4239 Perprite
1153 4143 1215 4216 filii
1232 4145 1351 4218 matrIs
1366 4146 1525 4238 iujuriam
1540 4155 1575 4218 ct
1584 4145 1813 4240 accingamini
1828 4165 1967 4241 promp-

554 4273 622 4344 tins
644 4271 692 4344 ad
708 4269 912 4343 vindictam.
927 4269 1013 4341 Nam
1030 4269 1249 4362 degenerans
1267 4269 1359 4342 filius
1376 4269 1580 4343 Fredericns
1601 4291 1705 4365 quem
1725 4271 1814 4342 inter
1827 4269 1969 4364 puerilia

553 4395 654 4468 etatis
666 4393 809 4467 exordia
822 4392 995 4488 pupillum
1007 4393 1149 4466 alterius
1164 4393 1393 4480 subventione
1404 4404 1576 4470 carentem
1590 4395 1689 4468 sinus
1700 4392 1852 4466 Ecclesia
1867 4393 1970 4465 tutri-

553 4519 604 4590 cla
621 4517 735 4591 officio
754 4525 790 4589 et
809 4516 929 4588 matris
948 4515 1077 4612 pietate
1099 4515 1268 4612 suscepit,
1294 4515 1471 4590 laboribus
1487 4527 1522 4591 et
1537 4518 1701 4614 expansis
1719 4517 1910 4592 innumeris
1922 4515 1969 4590 ad

553 4641 652 4736 regni
664 4639 779 4714 SIcilie
789 4641 870 4732 jura
884 4640 929 4714 dc
942 4640 1162 4735 querentium
1177 4639 1337 4713 manibus
1354 4649 1605 4736 preservatum,
1619 4641 1666 4716 ad
1678 4641 1811 4737 imperii
1828 4637 1968 4714 tandem

554 4768 691 4840 culmen
705 4763 906 4840 adversario
927 4766 1079 4858 projecto
1096 4764 1278 4860 provexit,
1296 4765 1553 4860 iugratitudlnis
1573 4765 1673 4840 hares
1686 4765 1966 4863 InterpretatIoua
