4524 6012
290 689 382 750 rnre.
403 687 462 771 ra]
732 688 927 750 nrsronrn
951 687 1243 750 orrnouavrcn.
1634 685 1695 749 oea

335 821 557 914 Fredericus,
582 833 649 896 etc.
675 823 798 896 Notum
824 823 969 897 iacimus
996 825 1167 898 universis
1192 823 1288 920 quod
1315 822 1443 894 Paulos
1470 822 1516 894 de
1540 821 1692 910 (larnali,

290 945 445 1020 Andreas
462 947 508 1020 de
526 946 660 1020 Carnali
674 957 708 1018 et
726 947 845 1020 Petrus
862 947 907 1020 de
924 950 1056 1022 Cameli
1073 958 1280 1024 mercatores
1292 948 1434 1020 llomani
1452 946 1572 1018 fideles
1590 945 1695 1018 nostri

290 1079 536 1143 mutuaverunt
567 1070 666 1144 nobis
694 1079 729 1142 et
756 1071 1020 1166 assignaverunt
1043 1072 1088 1144 in
1118 1093 1254 1144 camera
1284 1079 1399 1144 nostra
1429 1068 1474 1142 de
1500 1065 1696 1142 Venetianis

290 1193 415 1286 grossis
430 1194 538 1268 librae
558 1193 787 1288 qnadraginta
805 1205 875 1267 tres
896 1193 1025 1268 solidos
1045 1205 1122 1268 octo
1145 1205 1180 1268 et
1205 1195 1386 1267 dimidium
1408 1215 1470 1288 pro
1488 1194 1601 1265 unciis
1621 1194 1697 1265 auri

291 1327 427 1389 wntum
445 1317 626 1414 sexaginta
643 1326 722 1391 octo
738 1328 772 1390 et
794 1317 938 1392 dimidia
956 1319 1002 1392 ad
1017 1321 1176 1414 generale
1192 1317 1329 1414 pondos
1346 1317 1457 1411 regni,
1474 1315 1519 1390 ed
1531 1317 1697 1390 rationem

292 1438 333 1512 do
350 1440 473 1514 solidis
490 1442 645 1536 quinque
669 1443 785 1514 minus
806 1442 948 1516 denario
974 1465 1044 1515 nno
1062 1465 1124 1538 pro
1142 1443 1264 1532 nncia;
1284 1441 1470 1534 dequibus
1489 1439 1599 1511 unciis
1618 1461 1697 1536 pro·

292 1563 447 1637 misimus
463 1575 498 1638 et
517 1565 742 1638 convenimus
760 1568 828 1656 eis,
849 1566 961 1661 posito
976 1569 1040 1639 sibi
1066 1567 1266 1660 fidejussore
1289 1567 1328 1636 Τ.
1350 1562 1395 1636 de
1413 1561 1551 1658 Aquino
1575 1565 1699 1638 comite

293 1685 494 1761 Acarnanum
514 1687 608 1762 fideli
627 1693 757 1777 nostro,
774 1697 813 1760 nt
830 1689 982 1760 Marinus
999 1689 1045 1762 de
1062 1689 1170 1779 Valle,
1187 1687 1341 1780 Angelus
1355 1684 1400 1756 de
1412 1684 1523 1756 ldarra
1540 1693 1575 1756 et
1586 1685 1698 1777 judex
1744 1763 1747 1770 ,

292 1809 464 1882 lleolran'o
488 1809 532 1882 de
548 1810 668 1902 Porta,
691 1809 852 1884 custodes
875 1811 975 1882 erarii
1000 1809 1107 1882 nostri
1124 1807 1310 1882 salvatoris
1326 1806 1372 1878 ad
1388 1827 1499 1895 maro,
1522 1827 1583 1900 pro
1605 1817 1702 1902 perte

293 1933 386 2004 curie
401 1943 516 2006 nostre
529 1933 574 2006 de
588 1935 734 2030 mannia
753 1935 854 2006 erarii
873 1935 1066 2029 nostrique
1088 1943 1141 2006 est
1158 1955 1220 2030 per
1236 1953 1360 2004 manus
1372 1953 1512 2022 eorum,
1529 1931 1702 2026 predictos

293 2065 496 2130 mercatores
521 2059 576 2132 vel
601 2060 744 2132 alterum
777 2079 898 2130 eorum
925 2060 1001 2131 eive
1023 2067 1153 2132 certum
1177 2057 1339 2130 nuntium
1365 2057 1420 2127 vel
1448 2065 1701 2150 procuratorem

294 2177 446 2273 ipsorum
462 2181 544 2253 hinc
567 2183 614 2255 ad
639 2195 707 2254 tres
731 2204 865 2255 mensas
889 2185 1075 2278 completos
1091 2183 1136 2254 ab
1155 2181 1322 2254 hodierno
1348 2179 1408 2252 die
1432 2180 1514 2251 lune
1536 2180 1702 2252 vicesimo

295 2301 392 2374 tertio
417 2305 585 2398 presentis
610 2307 738 2378 mensis
758 2305 908 2397 januarii
934 2305 1039 2397 hujus
1059 2306 1138 2376 Xlll
1164 2303 1363 2377 indictionis
1386 2303 1421 2374 in
1448 2311 1548 2374 antea
1578 2325 1701 2376 nnme-

238 2399 243 2412 ¹
298 2425 435 2519 rondes,
450 2428 525 2500 sine
541 2427 756 2518 difficultate,
771 2427 907 2501 delectu
927 2439 962 2500 et
977 2429 1115 2522 maioris
1130 2449 1225 2500 more
1239 2425 1424 2523 dispendio
1442 2424 1590 2498 debeant
1604 2429 1702 2522 quie·

299 2557 379 2621 tare.
411 2551 447 2620 Si
475 2573 558 2624 vero
583 2552 679 2646 quod
707 2553 849 2625 omnino
871 2553 1050 2638 nolumus,
1080 2552 1196 2646 aliquo
1224 2573 1306 2624 casu
1339 2537 1495 2644 predicte
1526 2552 1705 2624 solutionis

301 2674 463 2748 terminus
488 2678 725 2772 pertransiret,
756 2675 883 2750 deindo
906 2677 942 2748 iu
968 2687 1070 2750 antea
1097 2675 1265 2772 quamdiu
1295 2675 1420 2748 solutio
1443 2674 1637 2748 differretur
1662 2677 1707 2751 de

301 2796 442 2890 singulis
461 2809 600 2872 centnm
618 2802 746 2888 unciis,
765 2809 835 2873 tres
859 2801 980 2874 uncias
1005 2799 1079 2872 auri
1103 2799 1150 2872 ad
1174 2801 1332 2894 generale
1361 2797 1501 2894 pondus
1525 2799 1620 2891 regni
1648 2821 1708 2894 per

301 2939 449 2992 mensem
468 2923 613 3017 predicti
634 2925 797 2998 custodes
817 2924 916 2998 cranii
937 2923 982 2998 de
1004 2923 1125 2998 eadem
1145 2923 1295 3018 pecunia
1316 2921 1411 2994 curie
1432 2928 1548 2994 nostre
1567 2921 1618 2994 eie
1635 2923 1708 2994 sol-

302 3063 382 3116 vero
399 3053 558 3118 tenemur
571 3057 606 3119 et
622 3047 749 3121 debent
766 3071 829 3146 pro
847 3049 1007 3145 dampnis
1022 3058 1057 3121 et
1072 3049 1250 3136 interesse,
1266 3059 1300 3118 et
1313 3045 1556 3118 nichilominus
1577 3046 1710 3140 integre

301 3173 333 3237 et
353 3169 544 3241 cumomni
561 3171 732 3246 celeritate
750 3173 882 3246 solvere
900 3174 1021 3244 uncias
1044 3169 1273 3267 supradictas.
1296 3159 1349 3242 Ad
1372 3169 1476 3261 bujue
1497 3169 1548 3240 rei
1571 3190 1709 3243 memo-

289 3286 383 3360 'riam
396 3299 431 3362 et
442 3292 674 3386 predictorum
689 3305 915 3367 mercatorum
929 3295 1110 3382 cantelam,
1124 3301 1298 3389 presentes
1314 3293 1448 3364 licteras
1462 3289 1533 3364 fieri
1548 3301 1582 3364 et
1598 3293 1709 3390 sigillo

304 3413 486 3506 majestatis
503 3426 619 3490 nostre
631 3418 798 3512 jussimus
814 3419 1031 3490 communiri.

349 3536 473 3609 Datum
502 3537 597 3634 apud
626 3539 804 3613 Civitatem
826 3541 988 3629 Castelle,
1007 3561 1098 3613 anno
1126 3539 1298 3614 dominice
1328 3539 1573 3612 incarnationis
1599 3543 1709 3615 mille·

303 3659 387 3732 simo
407 3660 644 3736 ducentesimo
663 3664 834 3738 tricesimo
854 3683 959 3753 none,
984 3663 1041 3736 die
1063 3664 1230 3737 vicesimo
1251 3664 1350 3736 tertio
1364 3663 1532 3756 januarii,
1555 3665 1631 3736 lllll
1655 3667 1706 3737 in·

305 3779 473 3855 dictionis.

351 3905 404 3977 De
424 3909 532 3979 eodem
547 3909 702 3982 mndata
718 3913 851 4006 scripsit
871 3914 1021 3982 notorius
1044 3911 1235 3982 Gualtert'ua
1252 3911 1292 3982 de
1308 3913 1465 3982 (lucontio
1480 3937 1493 3981 .·

351 4029 568 4120 Fredericus,
588 4039 672 4122 etc,
691 4032 893 4107 custodibus
906 4035 1006 4108 erarii
1022 4031 1128 4106 nostri
1144 4033 1327 4107 Salvatoris
1346 4034 1391 4106 ad
1411 4057 1517 4107 mare.
1539 4033 1578 4106 In
1594 4037 1708 4110 eodem
1828 4079 1841 4108 e

306 4154 411 4242 sonno
424 4177 487 4248 per
503 4177 612 4226 ornam
632 4179 736 4250 osque
754 4156 800 4229 od
816 4157 936 4230 uncias
954 4157 1180 4252 supradictas.
1198 4157 1353 4251 Sequitur
1374 4157 1491 4229 deinde
1507 4187 1518 4230 :
1534 4160 1648 4244 Quare
1663 4161 1708 4233 li·-

305 4275 434 4349 delitati
448 4289 561 4352 vestre
575 4279 795 4376 precipiendo
809 4281 1013 4354 mandamus
1026 4291 1198 4377 qnatenus
1209 4281 1415 4355 adveniente
1428 4284 1572 4355 termino
1586 4304 1708 4378 snpra-

305 4398 412 4491 dicto,
433 4401 615 4494 jamdictas
637 4415 775 4476 centum
796 4406 976 4498 sexaginte
994 4415 1071 4478 octo
1095 4407 1214 4478 uncias
1240 4415 1276 4477 et
1300 4405 1480 4477 dimidiam
1506 4405 1552 4477 ad
1575 4403 1706 4478 dictum

306 4523 439 4616 pondus
462 4528 557 4620 regni
582 4529 824 4600 mercatoribus
850 4529 935 4622 ipsis
955 4530 1012 4600 vel
1034 4529 1131 4600 alteri
1159 4549 1278 4600 eorum
1303 4549 1366 4600 seu
1392 4538 1491 4600 certo
1507 4530 1630 4601 nuntio
1654 4532 1708 4601 vel

306 4650 516 4740 procuratori
538 4651 688 4743 ipsorum
709 4651 754 4723 de
772 4651 920 4746 pecunia
940 4652 1040 4726 erarii
1061 4651 1253 4744 nostrique
1272 4663 1324 4722 est
1346 4669 1408 4745 per
1431 4649 1555 4723 manus
1576 4661 1709 4724 vestras

308 4791 368 4862 pro
383 4781 479 4866 perte
491 4774 585 4846 curie
601 4781 716 4847 nostre
732 4774 806 4846 sine
821 4774 960 4866 maioris
979 4795 1073 4846 more
1086 4773 1269 4870 dispendio
1285 4775 1504 4869 persolvatis3
1524 4786 1559 4847 et
1575 4776 1602 4846 si
1622 4777 1709 4848 forte
