4468 6010
267 693 359 755 lrnrun
380 691 440 776 la]
708 695 903 756 HISTORIA
927 694 1218 758 urauoltnrlca
1606 685 1664 746 'ltl'l

270 828 442 900 mensibus
464 827 500 898 io
526 827 610 923 ipsis
635 829 782 902 servitiis
803 831 927 905 nostris
949 831 1135 928 perstitisse
1156 851 1221 903 neo
1238 827 1407 922 recepisse
1433 846 1494 920 per
1519 841 1579 896 eos
1603 843 1666 894 ex·

270 971 392 1045 pensas
412 950 458 1022 ab
476 947 611 1045 Angelo
633 951 849 1047 supradicto,
865 964 903 1026 tu
922 953 1037 1028 eidem
1061 953 1106 1028 de
1125 951 1272 1050 pecunia
1288 950 1384 1024 curie
1401 956 1515 1020 nostre
1530 968 1599 1042 que
1616 955 1669 1019 est

270 1095 327 1167 per
342 1095 467 1146 manus
483 1081 561 1145 tuas
574 1095 637 1169 pro
656 1075 757 1147 dietis
772 1077 881 1149 tribus
894 1078 1070 1150 mensibus
1084 1076 1147 1151 des
1163 1096 1348 1172 expensas,
1367 1070 1558 1146 secuudum
1573 1067 1668 1164 quod

239 1251 243 1260 ,
272 1196 350 1268 dare
366 1195 460 1268 idem
479 1195 632 1290 Angelus
647 1197 693 1271 de
710 1200 872 1273 mandato
890 1201 995 1274 nostri
1013 1199 1174 1274 culminis
1188 1197 1383 1290 consuevit,
1401 1205 1434 1269 ot
1454 1194 1601 1289 recipias
1626 1192 1670 1264 ab

271 1340 308 1391 eo
322 1319 452 1391 exinde
466 1307 665 1414 apodixarn.

315 1444 440 1513 Datum
453 1442 610 1536 Viterbii,
637 1438 729 1516 XXII
745 1445 920 1538 februarii,
941 1447 1018 1519 lllll
1033 1445 1241 1519 indictionis.

324 1973 546 2058 Mandatum
586 1973 637 2056 ud
668 1973 916 2082 justitiarium
953 1972 1102 2081 Aprutii
1139 1972 1188 2055 de
1223 1972 1395 2054 lanianda
1426 1972 1679 2082 inquisitione
1717 1990 1867 2090 „lgm

277 2115 405 2188 contra
423 2105 622 2190 Oddonem
640 2103 837 2190 liudonem
854 2113 891 2188 et
904 2103 1135 2188 Lendulfum
1153 2104 1201 2186 de
1220 2103 1449 2213 Squintrone
1466 2105 1533 2213 qui
1551 2131 1592 2188 se
1608 2106 1679 2187 in·-

274 2237 657 2346 fidelitergesseruut.

356 2437 480 2520 (liqut.
496 2438 598 2518 imper.
613 2435 732 2498 liade.
747 2437 786 2512 11,
798 2436 851 2500 fol.
866 2446 902 2499 ⁷8
916 2443 1014 2511 κοῖος
1031 2440 1063 2498 ln
1076 2437 1148 2500 edit.
1162 2436 1341 2516 Cureau.,p.
1358 2437 1441 2518 ott.)

324 2609 375 2680 De
394 2610 552 2680 mandato
576 2609 745 2704 imperiali
770 2613 861 2702 sacto
888 2633 953 2706 per
974 2611 1171 2704 mopistrum
1195 2611 1331 2682 Petrum
1355 2610 1395 2682 de
1421 2611 1524 2684 Vinea
1548 2615 1682 2707 seripsit

278 2734 317 2804 P.
335 2732 375 2802 de
391 2732 534 2826 Coprm:
1254 2753 1255 2756 ’

325 2856 544 2946 Fredericus‚
564 2865 646 2946 ete,
662 2857 702 2928 B.
720 2855 863 2930 Pissono
877 2857 1062 2949 justitiario
1076 2855 1227 2950 Aprutii,
1243 2864 1309 2930 eto.
1330 2856 1503 2929 Intellexit
1519 2858 1682 2930 serenitas

280 2987 395 3052 nostra
417 2978 513 3072 quod
538 2979 703 3073 presbiter
723 2977 823 3051 Oddo
842 2979 940 3052 Dodo
964 2987 999 3052 et
1021 2978 1212 3053 Lundultus
1230 2979 1275 3052 de
1299 2979 1504 3072 Squintrone
1531 2989 1683 3076 tempore

280 3103 441 3198 proterite
464 3100 635 3175 discordie
653 3101 742 3174 inter
761 3122 824 3174 nos
842 3111 876 3174 et
894 3101 1081 3174 lloclesiam
1104 3111 1221 3176 eontra
1242 3102 1407 3174 honorem
1424 3109 1578 3174 nostrum
1600 3103 1684 3175 infi-

281 3225 401 3298 deliter
415 3245 453 3296 se
474 3233 668 3316 gesserunt,
689 3224 889 3298 adherendo
906 3224 979 3317 regi
997 3225 1143 3297 Iohanni
1164 3225 1225 3319 qui
1248 3235 1368 3298 contra
1398 3246 1460 3298 uos
1486 3245 1545 3320 per
1567 3225 1683 3299 Eccle-

281 3349 365 3422 siam
383 3348 510 3420 missus
524 3357 597 3421 erat
612 3349 648 3420 iu
665 3369 830 3444 reguum,
850 3357 885 3422 et
902 3348 1018 3422 adhue
1038 3349 1142 3422 etiam
1164 3350 1328 3444 reliquias
1350 3349 1506 3422 detinent
1524 3353 1684 3447 proterite

280 3472 449 3544 factionis.
474 3471 576 3556 Quod
598 3493 678 3544 oum
701 3481 816 3544 nostre
835 3473 1002 3564 maJ‘estati
1024 3475 1104 3565 jure
1126 3472 1321 3568 displiceat,
1342 3470 1499 3547 fidelitati
1524 3482 1583 3546 tue
1605 3496 1684 3570 pre·

282 3595 442 3690 cipiendo
459 3594 663 3668 mandamus
678 3606 849 3690 quatenus
869 3596 1033 3690 inquisita
1050 3617 1154 3691 super
1173 3597 1241 3668 hoc
1258 3595 1459 3690 diligentius
1475 3599 1637 3693 veritate,
1655 3600 1685 3672 si

283 3717 343 3789 tibi
359 3719 547 3790 eonstiterit
564 3719 611 3790 ita
628 3740 717 3809 esse,
736 3741 796 3792 eos
811 3720 967 3814 protinus
985 3718 1031 3792 de
1043 3740 1149 3814 regno
1165 3721 1295 3815 expelli
1310 3720 1430 3810 lanias,
1449 3721 1550 3794 bouis
1565 3743 1684 3794 eorum

285 3841 443 3914 omnihus
455 3840 499 3915 ad
518 3862 606 3938 opus
623 3849 738 3915 nostre
752 3842 847 3914 curie
861 3842 1057 3938 publicatis.

330 3967 456 4038 Datum
477 3965 633 4055 viterbii,
652 3967 748 4039 XXll
765 3967 940 4058 februarii,
958 3967 1037 4039 Xlll
1058 3965 1265 4040 indictionis.

343 4490 504 4575 Litterae
524 4493 760 4601 responsales
786 4494 835 4576 sd
861 4491 1105 4578 Guillelmum
1132 4492 1181 4574 de
1208 4490 1346 4572 Sancto
1377 4488 1618 4599 Fruymundo
1641 4489 1690 4572 de
1727 4486 1880 4586 „iffi

295 4623 525 4733 assignanda
545 4627 714 4734 quadem
738 4626 918 4735 pecuniae
935 4624 1145 4735 quantitate
1163 4647 1281 4732 quam
1298 4619 1412 4705 habet
1434 4619 1625 4731 Stephano
1642 4622 1691 4704 de

293 4751 503 4840 llomosldo
518 4756 747 4842 reoolleotori
764 4758 957 4868 peounioe.
