4468 6010
241 695 419 780 hmrcu.13.]
685 692 883 757 HISTORIA
908 694 1203 759 nrrcomhrrch
1590 693 1650 756 759

240 833 499 928 requisitionem
531 828 684 904 dietih.
715 830 969 925 quinquaginta
998 833 1119 904 uncias
1149 831 1225 905 nuri
1250 831 1295 905 ad
1323 823 1483 927 generals
1512 829 1649 926 pondos
1798 917 1802 926 ,

242 957 371 1030 nuncio
386 958 464 1048 ejus
488 954 595 1028 iacias
611 951 788 1042 exhiheri,
806 953 837 1026 si
856 953 900 1027 de
915 956 1063 1050 pecunia
1079 955 1176 1028 ouria
1197 965 1312 1028 nostru
1334 955 1443 1030 habos
1460 955 1506 1029 ad
1526 975 1651 1026 munus

240 1083 294 1154 vel
308 1081 339 1154 si
353 1102 431 1154 earn
445 1087 567 1152 mutuo
584 1077 740 1150 inveniro
754 1077 912 1152 deheres.
926 1079 1019 1152 Licet
1030 1079 1123 1152 euim
1136 1079 1380 1154 mundavimus
1392 1080 1475 1152 clim
1486 1088 1525 1150 ut
1539 1077 1651 1151 omnis

241 1205 388 1300 pecunia
404 1224 467 1300 per
483 1203 679 1275 collectores
694 1211 839 1274 statutos
853 1201 901 1274 od
918 1212 1008 1276 certa
1024 1203 1101 1276 loco
1116 1201 1241 1276 deferri
1259 1203 1415 1292 deberet,
1436 1203 1519 1296 quia
1536 1213 1650 1274 omen

242 1327 420 1420 negotium
433 1324 668 1420 supradictum
682 1323 891 1397 celeritatem
905 1321 1083 1396 desiderat
1102 1345 1168 1398 nec
1181 1327 1311 1420 patitur
1321 1341 1468 1415 moram,
1491 1325 1652 1398 volumus

244 1459 281 1521 ut
301 1451 397 1545 ipsas
419 1447 539 1522 unnim
562 1447 660 1520 dicto·
673 1448 718 1519 n.
735 1447 964 1520 truntmictus.
978 1447 1073 1520 Nom
1085 1447 1188 1520 onim·
1205 1447 1535 1544 poterit-collectoris
1553 1448 1652 1544 copia

244 1585 310 1647 tum
322 1574 392 1646 cito
405 1572 524 1644 haberi
542 1591 604 1667 pro
620 1569 818 1664 recipienda
835 1571 982 1666 pecunia
996 1570 1206 1665 supradicto.

291 1700 416 1769 Datum
435 1693 532 1790 opud
549 1694 683 1784 Ortum,
696 1693 774 1768 XVI
789 1693 970 1785 februarii,
987 1695 1064 1766 xln
1082 1694 1292 1770 indictionis.

290 1821 392 1894 Lator
409 1819 531 1892 Petrus
549 1817 594 1892 de
608 1817 719 1890 Civita
732 1817 872 1890 Teatina
884 1818 1033 1890 nuncius
1046 1817 1177 1892 domini
1193 1817 1309 1892 tuconi
1325 1811 1520 1910 dehiorra(
1543 1813 1571 1906 ).

299 2316 522 2402 Mandatum
546 2317 596 2400 sd
618 2316 812 2400 Andream
834 2316 883 2400 de
902 2315 1029 2400 Gioolo
1046 2326 1090 2398 ut
1106 2315 1269 2402 inhiberi
1292 2316 1407 2422 faciat
1428 2343 1478 2404 ne
1502 2318 1590 2428 quis
1617 2319 1657 2400 in

252 2474 367 2558 regno
384 2475 505 2559 equos
523 2449 573 2532 ad
591 2473 700 2531 arma
715 2448 877 2532 vendere
894 2461 1125 2557 praesumat.

333 2634 458 2714 (depost.
472 2637 576 2716 isuper.
593 2633 711 2697 Frcdcr.
726 2635 766 2712 11,
780 2635 832 2696 iol.
848 2644 887 2696 72
903 2641 999 2710 rooto;
1015 2638 1047 2697 iu
1060 2636 1131 2699 emt.
1148 2635 1284 2708 Curcum,
1300 2654 1331 2715 p.
1349 2636 1432 2718 849.)

306 2799 414 2868 item:
512 2863 517 2874 ,

307 2919 516 3012 Fredcrious,
537 2928 621 3010 eto,
637 2917 775 2993 Andree
795 2919 841 2992 dc
862 2920 975 2995 Cicaln
997 2922 1175 3017 capitaneo
1189 2923 1274 2994 oitrn
1294 2929 1430 3016 portum·
1445 2921 1571 3010 hosati,
1592 2930 1659 2995 eto.

251 3044 372 3117 Plures
390 3043 524 3116 nobiles
540 3052 575 3116 et
594 3052 771 3138 magnates
793 3044 894 3118 uobis
910 3047 1028 3141 sepius
1048 3047 1241 3140 supphcaut
1260 3055 1299 3116 ut
1316 3066 1426 3140 equos
1443 3066 1529 3138 quoe
1545 3055 1664 3118 emunt

254 3168 291 3240 in
315 3189 439 3262 reguo,
472 3168 565 3263 ipsos
591 3177 692 3242 extra
715 3188 863 3260 reguum
888 3169 1070 3242 extrahere
1095 3172 1338 3264 permictamus
1364 3195 1374 3239 ε
1402 3167 1498 3263 qnod
1523 3169 1664 3242 omuino

256 3300 370 3364 nostre
392 3291 481 3362 sicut
508 3291 597 3364 nosti
622 3311 690 3364 non
716 3291 846 3366 residet
874 3293 1057 3364 voluntati.
1080 3293 1165 3365 Cum
1190 3293 1295 3388 igitur
1319 3295 1460 3364 causam
1486 3292 1664 3387 supplica-

256 3415 386 3486 tionum
407 3413 608 3507 hujusmodi
627 3413 755 3508 quihus
778 3413 953 3488 interdum
978 3417 1086 3490 coacti
1111 3415 1367 3511 quodammodo
1386 3437 1447 3512 por
1470 3416 1664 3510 ahquorum

257 3537 451 3611 instantiam
475 3537 699 3627 inclinamur,
720 3539 848 3632 procidi
876 3539 1042 3628 vshmus‚
1064 3538 1218 3612 fidelitati
1240 3549 1299 3612 tue
1323 3539 1545 3635 precipiendo
1566 3561 1665 3612 man·
1783 3573 1787 3584 ·

257 3660 381 3734 dumus
395 3671 640 3756 quatenusper
652 3683 772 3734 omnes
785 3663 995 3754 justinianos
1003 3663 1253 3754 jurisdictionis
1263 3673 1323 3735 tue
1333 3663 1400 3735 suh
1411 3671 1505 3736 certa
1518 3672 1552 3735 et
1566 3663 1665 3758 gravi

259 3805 348 3878 pena
368 3785 519 3858 districte
540 3807 582 3861 ac
602 3783 747 3858 firmiter.
764 3786 870 3860 incias
888 3787 1094 3878 generaliter
1109 3786 1280 3858 'omnihus
1300 3786 1448 3858 inhiberi
1472 3807 1518 3858 ne
1540 3787 1665 3880 uliquis

259 3910 431 3983 extraneis
445 3919 480 3982 ct
494 3909 546 3982 eis
563 3911 624 4005 qui
638 3911 765 3984 dehent
777 3933 836 3984 ecs
852 3912 1034 3986 extrahere
1049 3935 1091 3985 uo
1102 3913 1358 3984 transeuntibus
1373 3912 1564 4006 specialiter
1581 3935 1665 3985 ven·

260 4031 343 4106 dere
366 4034 499 4127 aliquos
517 4055 625 4127 equos
640 4033 686 4108 ad
705 4056 799 4108 arma
823 4048 1010 4130 presumat.
1034 4037 1090 4110 Sic
1106 4039 1197 4108 enim
1216 4037 1342 4108 talibus
1359 4036 1577 4131 precludetur
1593 4060 1665 4109 ma-

259 4155 343 4228 teria
357 4155 573 4252 supphcaudi
589 4179 635 4230 cx
651 4181 721 4252 quo
735 4180 805 4231 non
820 4160 995 4232 invenient
1011 4159 1058 4233 ad
1076 4159 1274 4232 emendum.

305 4279 432 4351 Datum
449 4280 546 4376 apud
564 4279 696 4368 Ortam,
715 4283 790 4354 xvt
804 4281 987 4374 februarii,
1005 4283 1082 4354 Xlil
1103 4281 1310 4355 indictionis.

304 4403 408 4474 lator
428 4403 581 4475 notarius
604 4404 733 4500 Symon
756 4406 897 4478 nuntius
921 4405 961 4478 G.
990 4405 1035 4478 do
1054 4406 1211 4500 Anglone
1230 4405 1402 4499 justitiarii
1428 4405 1512 4477 citra
1535 4404 1666 4476 flumen

259 4525 395 4598 sarsum
412 4524 470 4621 (h).
510 4574 514 4592 .
622 4556 628 4581 -.

302 4683 344 4762 (a)
368 4683 448 4746 Hunc
460 4685 610 4748 adduntur
622 4703 639 4749 e
652 4690 794 4766 m'urgtuc.

302 4787 345 4868 (d)
367 4789 448 4852 Hauc
461 4791 612 4854 adduntur
625 4809 643 4855 o
657 4795 800 4874 margine.
