4468 6010
268 653 365 714 Irntua
384 649 446 735 lta]
716 647 912 710 HISTORIA
936 641 1228 706 ntrnoutttct.
1621 639 1683 702 833

270 795 385 858 nostra
412 784 584 858 celsitudo
606 782 786 870 abhorret,
817 781 974 854 fidelitati
1000 788 1060 851 tue
1088 776 1293 849 mandamus
1321 783 1493 868 quatenus
1519 773 1682 868 inquisita

270 931 376 1004 super
390 909 447 980 his
460 907 661 1002 diligentius
672 907 829 994 veritate,
841 905 871 976 si
884 925 954 976 rem
972 900 1148 974 inveneris
1163 899 1211 972 ita
1226 919 1302 972 esse
1319 895 1408 970 sicut
1424 896 1584 991 superins
1599 917 1682 968 oon·

271 1031 416 1120 tiaetur,
437 1031 538 1104 bonis
557 1029 721 1126 predictis
743 1027 791 1102 ad
813 1049 904 1123 opns
926 1025 1023 1098 curie
1041 1033 1156 1096 nostre
1179 1021 1343 1118 receptis,
1361 1021 1508 1116 prelatos
1526 1019 1684 1094 homines

272 1155 425 1250 Arquate
447 1155 495 1228 ad
511 1154 675 1227 honorem
693 1153 799 1225 nostri
823 1150 984 1224 culminis
1008 1148 1120 1221 taliter
1139 1147 1263 1242 punias
1281 1145 1326 1218 de
1346 1143 1513 1240 predictis
1531 1145 1683 1240 ipsorum

273 1278 462 1372 nequitiam
481 1275 722 1374 reprimendo,
741 1275 837 1370 qnod
851 1275 936 1372 ipsis
951 1273 994 1346 sit
1007 1272 1053 1344 ad
1068 1293 1191 1366 penam
1211 1279 1246 1343 et
1260 1269 1381 1343 ceteris
1393 1268 1439 1342 ad
1457 1279 1632 1344 terrorem.

320 1402 445 1476 Datum
461 1401 622 1484 viterbii,
637 1401 714 1474 XIII
728 1399 857 1493 martii,
878 1399 954 1472 XIII
971 1395 1181 1472 indictionis.

499 1691 700 1700 ι-ι-...υ--μ--η-
710 1693 721 1698 -
746 1691 865 1698 ...ω-ομ..
875 1689 1190 1697 -ι--ι--ιι-...Μ-ηη.
1200 1689 1220 1696 «-

326 1945 550 2031 Idandatum
572 1947 623 2030 ad
641 1945 891 2055 justitiarium
912 1945 1008 2026 citro
1033 1943 1178 2026 llumen
1201 1942 1354 2026 Salsum
1383 1951 1427 2024 nt
1444 1941 1616 2026 Vinitum
1640 1945 1689 2026 de
1745 1959 1866 2057 ,tm

275 2078 482 2189 Pelagonia
499 2079 705 2162 enormiter
721 2079 762 2159 iu
781 2077 1052 2161 detrimentum
1065 2076 1246 2186 priupris
1264 2075 1485 2160 oblocntnm
1504 2076 1553 2159 de
1570 2101 1690 2186 regno

276 2209 452 2318 expellat.

354 2427 486 2512 (maor.
498 2431 604 2510 sape.
617 2427 737 2490 nato.
754 2430 795 2504 ιι,
809 2429 862 2490 ar.
881 2438 920 2490 aa
934 2435 1032 2504 mm
1047 2431 1078 2490 n
1092 2428 1163 2490 sot.
1178 2429 1316 2502 mun„
1332 2445 1362 2505 p.
1380 2429 1461 2508 aas.)

324 2626 371 2695 Ile
388 2626 553 2720 superiori
568 2624 725 2695 mandato
742 2624 876 2716 scripsit
895 2623 1012 2693 idern:

324 2749 539 2837 PrederIcus,
553 2756 638 2836 eto,
653 2746 835 2819 Guillelmo
849 2745 894 2817 de
909 2747 1067 2837 Anglone
1077 2745 1262 2838 justitiario
1277 2746 1311 2816 in
1328 2746 1443 2820 Sicilia
1459 2749 1544 2820 citra
1562 2749 1690 2825 flumen

279 2873 433 2956 Salsum,
451 2885 517 2944 etc.
537 2873 601 2944 Per
614 2869 658 2942 A.
681 2869 728 2943 de
752 2869 864 2941 Merra
892 2868 1039 2942 innotuit
1063 2869 1261 2942 celsitudini
1288 2879 1401 2942 nostre
1427 2871 1521 2964 quod
1547 2875 1692 2968 quidam

279 2997 411 3068 linitus
436 2995 482 3067 de
500 2994 684 3088 Pelagonia
700 3004 853 3088 tempore
871 2993 980 3087 prime
998 3002 1071 3065 orte
1083 2991 1256 3066 discordie
1271 2993 1359 3066 inter
1375 2987 1489 3066 nos'et
1505 2995 1692 3071 Ecclesiam

279 3139 355 3192 cum
374 3117 585 3212 quibusdam
602 3116 873 3210 consanguineis
889 3126 925 3190 et
941 3115 1253 3213 complicibussois
1272 3119 1468 3212 procuravit
1490 3121 1587 3215 quod
1605 3133 1693 3196 terra

276 3241 409 3314 lentini
419 3242 549 3334 juravit
564 3249 648 3312 tunc
664 3241 767 3334 Pape,
782 3262 877 3312 nunc
893 3250 1007 3312 autem
1024 3249 1102 3334 post
1118 3251 1309 3338 presentem
1329 3241 1418 3312 inter
1434 3263 1497 3314 uos
1513 3253 1547 3315 et
1564 3244 1694 3320 dictum

275 3363 403 3458 Papam
432 3376 542 3436 ortam
572 3363 780 3436 discordinm
806 3362 842 3432 in
875 3364 1061 3434 multorum
1090 3361 1245 3434 fidelium
1269 3373 1464 3436 nostrorum
1492 3367 1695 3442 scandalum

275 3487 429 3592 enormia
455 3486 561 3559 verba
590 3485 680 3558 sicut
703 3485 906 3558 audivimus
930 3485 1127 3578 obloquitur
1155 3485 1191 3556 in
1223 3486 1467 3560 detrimentum
1491 3491 1598 3562 nostri
1623 3512 1695 3563 no-

277 3611 380 3682 minis
402 3619 438 3682 et
460 3609 611 3682 honoris.
641 3608 743 3696 Quod
770 3630 850 3680 cum
875 3619 1025 3681 nostram
1056 3610 1200 3682 tolerare
1222 3632 1291 3682 non
1317 3609 1439 3683 deccat
1463 3613 1693 3705 majestatem,

278 3731 435 3806 fidelitati
458 3743 519 3805 tue
543 3733 768 3829 precipiendo
790 3731 999 3804 mandamns
1023 3741 1195 3824 quatenus
1216 3733 1370 3827 inquiras
1395 3756 1499 3828 super
1521 3739 1697 3830 premissis

277 3855 480 3950 diligentius
506 3857 701 3942 veritatem,
724 3865 758 3928 et
778 3857 808 3926 si
827 3855 1000 3948 inveneris
1019 3855 1115 3948 quod
1139 3854 1253 3928 dictos
1277 3857 1415 3928 Vinitus
1437 3862 1634 3934 tractaverit
1657 3885 1697 3936 ac

278 3980 515 4074 procuraverit
534 3979 630 4073 quod
646 3989 738 4053 terra
752 3979 887 4052 lentini
902 3989 984 4049 tunc
999 3978 1163 4073 temporis
1175 3980 1344 4072 jnraverit
1361 3981 1452 4075 Papo
1469 3993 1504 4053 et
1526 3995 1601 4078 post
1616 4006 1698 4078 pre-

278 4108 410 4174 sentem
436 4101 643 4176 dIsoordiam
674 4101 777 4175 luerit
806 4102 988 4174 oblocutos
1013 4100 1058 4173 de
1086 4101 1205 4190 nobis,
1236 4101 1349 4198 ipsum
1379 4113 1447 4175 tam
1475 4105 1520 4178 de
1544 4107 1699 4201 predicta

279 4232 366 4296 terra
385 4245 493 4317 quam
519 4223 565 4297 de
587 4233 659 4298 toto
678 4245 788 4319 regno
811 4225 987 4319 expellas,
1007 4223 1106 4295 bonis
1128 4224 1201 4297 suis
1220 4225 1383 4297 omnibus
1403 4225 1448 4299 ad
1471 4249 1559 4322 opus
1585 4241 1699 4304 nostre

281 4347 375 4419 curie
397 4343 581 4439 infimatis,
606 4347 852 4420 nichilominus
869 4347 904 4417 iu
924 4347 1200 4438 consanguineos
1219 4357 1254 4420 et
1276 4349 1427 4423 lautmes
1456 4372 1538 4425 suos
1558 4374 1700 4448 proces-

282 4489 383 4541 surus
406 4481 510 4565 prout
525 4469 659 4562 justitia
675 4471 787 4566 exigit
802 4481 838 4543 et
856 4470 979 4543 honori
996 4480 1112 4542 nostro
1131 4470 1261 4544 uideris
1278 4473 1458 4568 expedire.

329 4619 455 4692 Datum
468 4619 630 4714 viterbii,
646 4620 724 4694 XIII
741 4621 875 4714 martii,
900 4619 977 4692 XIII
998 4620 1208 4693 indictionis.
