4374 6010
500 579 562 640 850
1002 575 1215 636 estonum!
1241 575 1415 637 SEClllllll
1724 573 1803 658 [An.
1822 575 1909 638 isto

549 711 711 784 Similiter
725 710 862 806 scripsit
874 707 970 784 idam
982 709 1077 781 fratri
1088 707 1274 782 Ademurio
1286 709 1384 805 quod
1395 711 1499 784 suunt
1510 719 1549 782 ut
1563 707 1757 805 predictam
1772 719 1825 783 est
1838 732 1912 783 una

500 856 579 907 cum
592 834 776 928 justitiario
790 833 1009 930 supradicto,
1026 840 1062 906 et
1074 833 1216 928 recipiat
1231 832 1277 908 da
1288 855 1331 907 eo
1348 833 1444 930 quod
1458 833 1593 908 dederit
1603 834 1807 929 apodixem.

325 1287 442 1386 ffig
553 1267 774 1352 Mandatum
810 1267 860 1349 ed
891 1265 1120 1350 Riooardum
1152 1266 1201 1350 de
1231 1265 1392 1350 Puloaro
1426 1292 1540 1376 super
1570 1267 1782 1358 revocanda
1812 1279 1913 1352 terra

501 1426 619 1510 quam
633 1381 810 1483 silvester
827 1399 875 1482 de
891 1399 1030 1484 Sancto
1045 1397 1164 1482 Paulo
1182 1397 1338 1482 tenebat
1354 1398 1395 1480 iu
1408 1399 1493 1482 loeo
1514 1400 1582 1509 qni
1599 1401 1738 1483 dieitur
1754 1400 1909 1484 Daurie.

583 1575 710 1658 (mque.
727 1577 831 1656 imper.
846 1573 967 1638 maor.
981 1575 1022 1650 11,
1038 1575 1089 1638 iol.
1107 1584 1145 1636 88
1158 1591 1261 1655 rerao;
1275 1578 1308 1636 tn
1319 1575 1392 1636 edlt.
1407 1575 1545 1654 caream,
1560 1593 1591 1654 p.
1609 1575 1691 1654 878.)

551 1730 597 1798 lle
612 1727 770 1800 mundato
786 1727 954 1822 imperiali
974 1729 1063 1820 sacto
1076 1749 1140 1822 per
1149 1727 1298 1820 jadicem
1321 1729 1359 1798 Τ.
1381 1727 1421 1798 de
1439 1723 1559 1798 Suessa
1573 1727 1702 1822 scripsit
1718 1729 1855 1801 locales
1873 1729 1915 1800 de

504 1853 655 1922 Baetra:
1676 1853 1698 1901 ‘-

551 1972 769 2065 Fredeu‘ens,
791 1982 873 2065 ete,
892 1973 1058 2046 Riecardo
1077 1973 1123 2046 da
1143 1973 1306 2062 Puloaro,
1327 1981 1393 2044 etc.
1423 1973 1593 2046 intellexit
1613 1975 1778 2047 serenitas
1798 1987 1916 2052 nostre

501 2093 596 2191 quod
608 2117 688 2167 oum
705 2093 839 2190 Angelo
857 2094 902 2168 de
916 2097 1027 2169 llamn
1046 2095 1287 2170 denuntiatum
1306 2095 1408 2169 inerit
1423 2095 1519 2190 quod
1542 2095 1704 2169 Silvester
1722 2096 1766 2170 de
1787 2099 1915 2174 Sancto

504 2221 610 2294 Paulo
626 2219 712 2293 aivis
727 2221 850 2293 Suesse
867 2221 1054 2314 quamdam
1073 2229 1197 2292 terram
1219 2219 1396 2292 detinebat
1416 2220 1452 2290 in
1472 2221 1549 2293 looo
1566 2219 1628 2313 qui
1645 2219 1772 2292 dieitur
1789 2221 1918 2298 [laune

506 2352 620 2416 nostre
641 2341 736 2415 curie
760 2342 1007 2437 pertinentem,
1033 2342 1127 2416 idem
1152 2345 1196 2414 Α.
1225 2343 1345 2415 volens
1369 2363 1446 2415 eem
1470 2341 1517 2416 ad
1539 2365 1664 2416 manus
1683 2344 1778 2418 ouria
1801 2354 1918 2420 nostre

507 2487 669 2538 revocare
684 2465 713 2538 si
730 2464 865 2557 dejure
888 2474 979 2538 esset
1001 2465 1221 2557 revocanda,
1243 2465 1503 2560 inquisitionem
1528 2465 1658 2540 exinde
1679 2488 1742 2561 per
1760 2465 1916 2558 judioem

508 2589 549 2660 A.
566 2589 610 2662 de
625 2589 751 2661 Suessa
766 2589 847 2662 lecit
859 2586 933 2662 lieri
946 2587 1159 2681 diligentem,
1172 2597 1206 2660 et
1218 2588 1302 2682 quin
1315 2597 1466 2660 remotus
1482 2588 1545 2660 luit
1556 2589 1602 2660 ab
1614 2588 1727 2662 officio
1737 2587 1804 2662 sibi
1818 2611 1917 2664 com·

507 2713 627 2798 misso,
649 2709 695 2784 ad
714 2711 824 2806 ipsius
840 2711 890 2783 rei
911 2711 1143 2805 cognitionem
1159 2711 1216 2783 vel
1232 2710 1279 2785 ad
1300 2711 1552 2784 revocationem
1570 2711 1727 2804 ejusdem
1745 2720 1834 2786 terre
1853 2735 1919 2808 pro

508 2845 605 2931 parte
620 2843 735 2908 nostre
754 2835 849 2907 curie
863 2855 932 2906 non
951 2834 1134 2930 prooessit,
1160 2833 1382 2930 inquisitione
1398 2835 1529 2930 prelata
1552 2827 1669 2906 adhue
1683 2833 1779 2929 apud
1803 2835 1918 2930 ipsum

506 2957 658 3052 judioem
680 2957 862 3030 existente.
884 2957 999 3042 Quare
1018 2955 1174 3030 fidelitati
1192 2965 1251 3030 tue
1274 2957 1496 3053 precipiendo
1519 2956 1724 3032 mandemus
1746 2968 1920 3054 quatenus

508 3083 630 3156 eedem
647 3081 868 3176 inquisitione
880 3089 1018 3175 reoepta
1034 3077 1187 3171 ejudioe
1204 3081 1399 3174 supradicto
1422 3090 1457 3153 et
1476 3079 1657 3175 diligenter
1673 3081 1845 3176 inspecta,
1863 3104 1920 3156 re·

510 3206 636 3298 quisito
654 3205 757 3276 etium
779 3225 840 3298 per
855 3213 889 3274 te
901 3203 936 3274 S.
958 3203 1113 3297 predicto
1130 3213 1168 3274 ut
1182 3203 1241 3274 tibi
1259 3204 1408 3277 rationes
1428 3225 1508 3276 snas
1525 3205 1555 3276 si
1575 3225 1663 3299 quas
1680 3203 1785 3277 habet
1802 3213 1920 3278 osten-

509 3327 592 3418 det,
611 3326 696 3399 visis
719 3335 754 3398 et
782 3323 1006 3399 consideratis
1026 3325 1180 3418 eisdem,
1207 3337 1333 3400 terram
1355 3328 1466 3422 ipsam
1492 3327 1523 3400 si
1548 3327 1594 3400 de
1619 3327 1698 3420 jure
1718 3325 1848 3401 videris
1871 3325 1919 3402 ad

509 3457 660 3522 nostram
674 3449 806 3522 curiam
823 3449 1073 3539 revocandam,
1089 3471 1153 3544 pro
1172 3457 1268 3545 parte
1286 3449 1396 3545 ipsius
1414 3451 1510 3526 curie
1527 3459 1642 3523 nostre
1657 3449 1796 3523 studeas
1813 3471 1920 3524 revo-

508 3593 604 3664 eare;
625 3593 730 3666 quem
746 3573 774 3643 ai
792 3571 924 3645 videris
938 3593 1007 3645 non
1025 3573 1130 3645 fuisse
1147 3572 1372 3646 sufficientem
1392 3574 1517 3646 lacum
1532 3593 1594 3668 pro
1610 3573 1706 3646 ouria
1727 3583 1860 3661 nostre,
1879 3583 1920 3645 tu

508 3697 616 3788 ipsam
635 3694 754 3768 iterato
776 3693 880 3768 iacias
898 3693 1101 3790 diligentem
1125 3703 1160 3768 et
1177 3705 1335 3788 cautam,
1356 3716 1541 3792 perquam
1558 3705 1593 3769 et
1610 3697 1669 3789 jus
1694 3693 1789 3769 euris
1806 3705 1920 3768 nostre

508 3827 620 3912 pateat
630 3827 665 3892 et
679 3827 778 3892 tunm
794 3818 877 3892 inde
891 3819 1045 3892 studium
1061 3815 1334 3892 commendetur.

556 3943 679 4014 Datum
696 3942 847 4034 Amelie,
865 3942 957 4015 XVll
975 3941 1106 4034 martii,
1122 3941 1199 4016 Xlll
1215 3925 1427 4014 indictionis.

332 4363 453 4462 ,teglssqq
557 4355 778 4438 Mandatum
797 4352 847 4436 ad
861 4351 1111 4462 justitiarium
1129 4351 1266 4436 Terrae
1282 4351 1440 4434 Laboris
1459 4361 1504 4434 ut
1521 4347 1745 4434 hominihus
1758 4348 1920 4436 Suessae

505 4490 552 4570 de
570 4487 779 4598 quantitate
796 4486 1004 4595 praesentis
1022 4484 1201 4570 collectae
1217 4496 1373 4568 eentum
1391 4482 1526 4566 unoias
1544 4481 1725 4566 dimittat.

587 4665 708 4747 (degeat.
721 4665 825 4746 smper.
840 4663 959 4726 Fredrr.
974 4665 1014 4742 11,
1029 4663 1082 4726 iol.
1099 4673 1137 4726 88
1151 4681 1252 4740 rerem
1269 4667 1300 4724 ln
1315 4663 1388 4727 edlt.
1403 4663 1545 4742 caraem,
1558 4677 1589 4740 p.
1607 4659 1692 4739 878.)
1795 4725 1799 4734 ,
