4358 5996
490 607 552 672 980
989 601 1206 666 tutotuto!
1230 601 1406 666 secuntur
1718 607 1800 692 [Ant.
1818 610 1909 672 1240.

490 763 580 837 quos
594 739 716 814 statuis
729 737 767 811 in
784 737 953 834 portubus
966 737 1051 835 ipsis
1069 759 1133 836 pro
1150 737 1300 812 servitiis
1319 737 1445 812 nostris
1460 759 1566 834 qnam
1581 760 1646 837 pro
1663 742 1802 816 nunciis
1818 766 1912 840 quos

491 863 604 938 mictis
620 860 807 958 aliquando
830 861 1024 934 necessario
1037 859 1084 936 nd
1099 862 1306 958 presentiam
1322 871 1472 935 nostram
1484 869 1519 935 ct
1533 861 1616 936 olibi
1630 885 1693 960 pro
1705 869 1914 944 necessariis

491 995 527 1058 ct
549 985 690 1058 utilibus
712 984 865 1060 servitiis
882 984 1027 1077 nostris,
1050 994 1086 1058 et
1105 984 1220 1080 petisti
1244 993 1285 1056 ut
1306 1005 1478 1080 expensus
1496 985 1590 1082 ipses
1604 987 1848 1064 manducemus
1871 993 1911 1064 in

492 1109 562 1182 tuis
576 1107 766 1182 ratiociniis
779 1108 986 1204 computari,
1005 1109 1117 1204 plncet
1135 1107 1235 1182 nobis
1247 1117 1287 1182 nt
1302 1105 1498 1212 moderates
1509 1111 1722 1184 nocemuries
1737 1134 1913 1210 expensos

492 1243 527 1306 ct
543 1233 645 1308 utiles
659 1254 749 1329 quus
764 1232 849 1306 lacis
872 1240 942 1304 tem
965 1253 1028 1328 pro
1051 1231 1194 1306 notariis
1216 1239 1252 1304 ct
1273 1229 1474 1304 hominibus
1493 1231 1700 1328 supradictis
1722 1257 1828 1330 quam
1846 1257 1913 1332 pro

493 1357 641 1449 nunciis,
657 1365 697 1428 ut
711 1364 765 1429 est
781 1355 927 1446 dietum,
948 1355 984 1428 in
1002 1356 1070 1429 tuis
1086 1354 1238 1430 debeant
1250 1354 1440 1430 ratiociniis
1452 1357 1658 1452 computari.
1674 1357 1778 1443 Quod
1791 1367 1911 1434 numm

493 1481 582 1555 sciro
597 1479 685 1576 petis
703 1477 799 1572 undo
820 1478 949 1554 debens
967 1479 1052 1554 darc
1075 1479 1215 1554 Nicolao
1236 1478 1382 1574 spinule
1404 1480 1502 1574 regni
1524 1480 1640 1556 Sicilie
1660 1482 1840 1556 ammirato
1862 1483 1913 1558 de

494 1605 664 1677 frumento
687 1623 780 1676 novo
796 1601 843 1678 nd
857 1603 1010 1676 valorem
1033 1602 1215 1676 unciarum
1229 1602 1306 1676 ouri
1329 1603 1614 1699 quingentorum,
1630 1605 1687 1680 vel
1702 1627 1807 1702 aquo
1819 1606 1912 1682 illud

494 1728 647 1824 recipere
663 1725 791 1800 debeas
809 1735 844 1800 et
860 1725 1037 1822 ossignano
1060 1725 1128 1800 sibi
1140 1727 1244 1820 juxta
1263 1726 1358 1824 quod
1376 1749 1439 1824 por
1455 1728 1589 1804 lictores
1606 1740 1739 1804 nostros
1754 1730 1815 1802 tibi
1840 1731 1913 1804 de-

494 1851 610 1924 dimus
623 1851 660 1922 in
680 1849 865 1944 mendatis,
891 1847 1049 1924 fidolitnti
1072 1859 1132 1922 tuo
1150 1849 1356 1926 mundemus
1376 1859 1548 1946 qnatenus
1569 1852 1732 1926 veniente
1752 1863 1912 1950 tompore

493 1997 565 2069 quo
580 1971 668 2045 illud
682 1973 812 2046 debens
826 1973 859 2048 ei
875 1971 972 2064 dore,
991 1973 1036 2046 de
1057 1973 1206 2070 pecunia
1226 1974 1322 2046 curie
1339 1983 1455 2048 nosne
1466 1995 1536 2069 quo
1550 1983 1603 2048 cst
1618 1997 1679 2070 per
1693 1998 1816 2051 monus
1831 1987 1913 2052 tuos

495 2119 590 2172 omas
607 2098 815 2169 trumentum
842 2117 994 2185 novum,
1016 2103 1051 2168 et
1063 2095 1140 2170 sive
1157 2095 1203 2169 du
1221 2096 1393 2169 frumento
1410 2095 1486 2192 ipso
1503 2097 1579 2170 sivo
1597 2097 1642 2172 do
1655 2120 1699 2173 eo
1715 2100 1811 2196 qnod
1828 2125 1913 2199 pcr-

493 2221 627 2294 venorit
650 2219 695 2293 de
710 2219 879 2314 portubus
895 2219 970 2292 sive
988 2217 1146 2308 aliunde,
1166 2227 1269 2314 prout
1287 2218 1411 2291 melius
1431 2219 1478 2292 nd
1495 2241 1584 2316 opus
1606 2223 1703 2297 curie
1721 2235 1834 2298 nostro
1851 2227 1912 2298 ui·

494 2343 586 2419 deris
603 2342 790 2440 expedire,
810 2343 1020 2415 frumentum
1040 2341 1127 2415 illud
1146 2341 1239 2414 dicto
1259 2343 1440 2418 ammirato
1461 2344 1616 2440 ussigncs
1632 2347 1736 2440 juxto
1755 2349 1910 2444 priorum

494 2475 688 2542 nostrorum
703 2465 949 2540 continentium
963 2465 1171 2538 liotererum.

541 2592 666 2664 Datum
682 2589 807 2686 logie,¹
823 2589 868 2664 Vl
885 2587 1010 2683 medii,
1028 2588 1106 2661 Xlll
1122 2585 1335 2662 indictionis.

377 3169 418 3255 ⁸⁸:
544 3147 767 3234 Mandatum
803 3143 854 3226 ud
889 3141 1086 3226 universos
1117 3139 1335 3224 collectores
1372 3141 1581 3251 proesentis
1622 3141 1800 3226 collectae
1839 3165 1910 3250 per

490 3279 748 3390 Principntum
765 3287 804 3360 et
820 3284 962 3359 torrem
979 3273 1285 3358 Beneventanum
1302 3297 1374 3382 pro
1391 3273 1624 3384 assignando
1638 3273 1800 3384 pecunia
1818 3273 1910 3370 Stc7

489 3412 619 3522 phono
636 3411 685 3494 dc
701 3407 928 3495 llomouldo.

571 3639 700 3720 (Περσεῖ.
711 3638 816 3718 imper.
832 3631 952 3696 dieder.
967 3634 1010 3710 11,
1027 3629 1078 3696 fol.
1097 3632 1272 3708 8rotl031u
1285 3630 1358 3694 nott.
1374 3630 1511 3712 Gom,
1527 3647 1560 3712 p.
1576 3631 1661 3713 tlt.)

537 3839 585 3910 Dc
602 3835 760 3910 moodoto
783 3831 953 3929 impenoli
969 3832 1134 3925 [comper
1157 3829 1356 3923 capistrum
1382 3829 1421 3932 Ττ
1445 3829 1486 3901 dc
1506 3827 1628 3902 Suessa
1645 3830 1780 3922 scripsit
1799 3829 1840 3900 A.
1862 3829 1907 3902 dc

490 3963 630 4056 Capeto:

536 4082 759 4173 Fredoricus,
779 4089 863 4172 cto,
888 4075 1061 4151 universis
1078 4073 1320 4148 collectoribus
1336 4073 1506 4169 presentis
1524 4074 1664 4148 collecte
1680 4095 1744 4170 pcr
1766 4073 1902 4148 Princi-

488 4218 608 4303 potum
623 4215 658 4280 ct
670 4215 797 4278 terrum
809 4205 1088 4276 Beneventanum
1099 4195 1307 4290 constitutis,
1328 4207 1395 4270 oto.
1411 4197 1501 4272 Ecce
1518 4197 1614 4292 qnod
1628 4194 1844 4293 Stephanum
1855 4195 1905 4270 dc

488 4327 653 4405 llomaldo
670 4330 813 4401 lotorem
831 4323 1061 4421 presentium,
1079 4319 1218 4396 fidelem
1233 4329 1409 4412 nostrum,
1429 4319 1476 4394 ed
1495 4329 1610 4417 partes
1627 4319 1721 4416 ipsos
1737 4318 1908 4392 duximus

487 4451 731 4528 destinandum
753 4471 817 4546 pro
839 4443 1071 4542 recolligenda
1087 4443 1235 4542 pecunia
1259 4445 1430 4540 presentis
1448 4443 1590 4518 collecte
1606 4452 1642 4515 ct
1663 4441 1710 4516 ud
1733 4463 1905 4516 cuntorum

487 4585 639 4649 nostrum
659 4592 739 4646 cum
763 4592 900 4644 summo
924 4567 1124 4643 lustinoncin
1148 4564 1351 4640 deferendo.
1370 4564 1544 4640 Fideliteti
1565 4575 1678 4640 vesco
1696 4564 1907 4639 mundamus

487 4707 658 4796 quatenus
676 4705 783 4770 totum
808 4693 994 4792 pecuniam
1012 4715 1118 4789 quam
1137 4689 1363 4786 recollegistis
1377 4701 1420 4765 et
1435 4687 1572 4764 hebetis
1592 4685 1638 4763 de
1655 4687 1811 4786 predicte
1831 4688 1908 4763 col·
