4374 6010
574 701 635 764 876
1074 701 1291 764 rnlosslllcl
1318 701 1494 765 sacuam
1802 701 1881 787 [Au.
1898 705 1983 770 12⁴⁰.

574 833 790 928 diligentem.
808 834 912 920 Quod
927 855 1011 908 vero
1027 834 1147 910 andito
1165 836 1258 910 leliei
1282 835 1440 911 adventu
1457 845 1573 910 nostro
1591 835 1628 908 in
1647 857 1814 932 regnum,
1836 839 1885 912 ad
1908 863 1986 914 nos-

573 969 662 1030 tram
683 961 890 1053 presentiam
906 961 1133 1055 properabas,
1157 969 1192 1034 et
1214 963 1378 1054 magister
1398 961 1523 1033 Petrus
1547 959 1594 1032 de
1611 961 1720 1034 Vinea
1741 983 1868 1055 magne
1892 965 1986 1039 curie

572 1091 691 1155 nostre
698 1083 811 1174 judex
828 1082 941 1156 fidelis
956 1093 1072 1156 noster
1085 1103 1148 1178 pro
1162 1084 1378 1178 exequendis
1393 1085 1546 1157 servitiis
1561 1085 1688 1158 nostris
1699 1087 1826 1159 reverti
1845 1096 1879 1160 te
1892 1089 1983 1180 lecit,

574 1206 685 1299 placet
704 1206 825 1294 nobis,
843 1205 1001 1280 fidelitati
1021 1215 1079 1279 tue
1096 1205 1299 1282 mandantes
1318 1207 1415 1302 qnod
1435 1207 1471 1280 in
1491 1209 1576 1281 leslo
1592 1207 1786 1282 Palmarum
1808 1211 1899 1283 sicut
1911 1212 1984 1305 jam

573 1328 636 1400 tibi
650 1329 910 1418 mandavimus,
930 1341 1047 1402 nostro
1063 1339 1097 1403 le
1109 1331 1312 1425 conspectui
1329 1341 1554 1427 representes.

621 1455 746 1526 Datum
763 1454 924 1546 Luceria,
946 1455 990 1526 lll
1006 1455 1141 1550 aprilis,
1157 1455 1234 1528 Xlll
1248 1455 1460 1528 indictionis.

1577 1725 1781 1737 -n-——nn-

414 2017 454 2048 ιω
474 2018 513 2102 ¹⁸5
624 1983 846 2070 Mandatum
884 1981 934 2064 ad
961 1980 1209 2090 J'ustitrarium
1239 1979 1464 2064 Basilicatae
1493 1983 1603 2064 utin
1636 1981 1732 2068 festo
1763 1985 1981 2074 Palmurum

572 2143 661 2200 oum
678 2115 839 2226 pecunia
857 2113 1056 2197 recollecta
1074 2114 1124 2196 ad
1142 2114 1397 2223 praesentiam
1415 2115 1596 2224 principis
1614 2117 1752 2202 ueniat.

653 2315 781 2397 (Rapul.
796 2315 901 2394 imper.
915 2311 1034 2374 bleda.
1049 2314 1095 2388 11,
1110 2313 1162 2373 iol.
1176 2321 1213 2374 95
1228 2319 1326 2388 recto3
1344 2313 1379 2373 ln
1395 2311 1467 2374 edlt.
1481 2313 1618 2386 cumn..
1633 2331 1665 2392 p.
1684 2315 1768 2396 889.)

621 2489 761 2584 Scripsit
779 2489 867 2560 idem
881 2490 1033 2560 notarius
1048 2487 1088 2558 de
1105 2487 1275 2581 sapemori
1292 2485 1449 2558 mandato
1462 2487 1688 2582 resporrsoles:

619 2615 837 2702 Frederious,
864 2623 946 2704 etc,
973 2611 1159 2686 'l'homasio
1185 2609 1256 2684 lilio
1280 2609 1450 2684 Osmnndi
1469 2611 1656 2704 justitiario
1684 2613 1884 2706 Basilicale,
1909 2628 1976 2692 eta.

569 2739 721 2832 Benigne
741 2737 952 2834 recepimus,
971 2745 1039 2808 etc.
1062 2737 1112 2810 De
1134 2735 1287 2809 adventu
1312 2745 1428 2808 antmn
1451 2745 1513 2808 tuo
1536 2735 1584 2809 ad
1600 2739 1806 2832 presentium
1827 2751 1977 2816 nostram

568 2886 673 2960 super
689 2884 760 2958 qno
777 2871 932 2934 nostrum
956 2859 1209 2954 beneplacitum
1229 2859 1423 2952 requisisti,
1442 2857 1650 2934 mandamus
1675 2859 1831 2936 fidelitati
1857 2875 1917 2939 tue
1940 2881 1979 2940 ut

568 2989 726 3063 ordinata
755 2986 912 3079 diligenti
939 2983 1097 3058 custodia
1117 2983 1177 3055 lilii
1200 2983 1308 3056 nostri
1330 2979 1396 3080 (l),
1420 2991 1454 3056 le
1475 2983 1513 3055 in
1538 2984 1625 3059 lesto
1645 2985 1840 3062 Palmarom
1862 3001 1978 3066 nostro

568 3111 766 3208 conspectui
777 3119 1002 3206 representes,
1017 3117 1122 3182 totam
1137 3107 1318 3204 pecumm
1333 3129 1439 3202 qnam
1451 3107 1559 3182 habes
1572 3118 1643 3182 tum
1660 3109 1705 3185 de
1715 3111 1857 3187 collecta
1871 3137 1976 3210 quam

567 3235 726 3326 aliunde,
747 3235 837 3306 sicut
860 3233 1046 3330 scripsisti,
1075 3231 1122 3305 ad
1145 3241 1295 3305 nostram
1323 3241 1437 3304 tecum
1463 3233 1669 3328 presentiam
1695 3244 1905 3330 portaturus.
1931 3241 1978 3314 'le

566 3370 681 3432 autem
698 3379 813 3430 coram
828 3357 927 3429 nobis
942 3366 1114 3452 presente,
1131 3377 1236 3451 super
1250 3356 1410 3451 capitulis
1425 3355 1502 3429 aliis
1516 3379 1587 3450 qne
1602 3367 1718 3433 nostro
1734 3360 1876 3434 culmini
1893 3361 1974 3436 des·

567 3482 681 3554 tinasti
699 3491 853 3554 nostrum
875 3479 1019 3573 recipies
1037 3479 1292 3576 beneplacitum
1310 3487 1345 3552 el
1365 3477 1579 3552 mandatum.

615 3607 738 3679 Datum
749 3603 904 3696 Luceria,
924 3605 969 3676 111
985 3603 1120 3698 aprilis,
1135 3603 1212 3675 Xlll
1231 3601 1439 3676 indictionis.

387 4161 507 4272 legg&
615 4151 836 4238 Mandatum
852 4149 899 4232 ad
921 4147 1201 4253 Alexandrum,
1220 4147 1344 4230 filium
1361 4145 1532 4250 Henrioi,
1553 4154 1597 4228 ut
1614 4145 1664 4228 ad
1689 4143 1974 4256 requisitionem

561 4284 688 4369 lacobi
714 4282 848 4392 Capice
865 4307 1048 4391 expensas
1066 4306 1137 4389 pro
1161 4279 1316 4362 familiis
1342 4279 1471 4364 cunae
1494 4277 1742 4388 imperatricis
1769 4289 1807 4362 et
1831 4276 1972 4361 Fride-

561 4417 650 4524 rici,
671 4414 910 4524 imperatoris
927 4413 1017 4520 filii,
1038 4412 1175 4496 debeat
1191 4411 1382 4496 exhibere.

642 4593 769 4676 (aqna.
781 4595 886 4675 smper.
898 4590 1017 4655 muer.
1033 4593 1074 4672 ιι,
1089 4591 1141 4654 ror.
1158 4601 1196 4653 ss
1210 4553 1304 4668 ιιιιος
1320 4593 1352 4652 n
1366 4591 1438 4653 eur.
1454 4587 1633 4668 omnm
1648 4587 1729 4671 ιιι.)

593 4815 632 4890 (l)
649 4815 756 4874 Sellium
768 4814 890 4887 llenrioi,
905 4813 1039 4888 quondam
1053 4813 1125 4887 regis
1136 4814 1326 4873 Romanorum.
