4524 6012
537 659 597 720 'tto
1037 661 1253 724 Flllllltblcl
1277 661 1453 724 SSCletl
1721 723 1726 734 ,
1766 663 1848 742 [dn.
1865 665 1954 728 1240.

537 813 599 866 nes
616 793 766 868 civitatis
789 796 899 890 ipsius
925 817 994 870 nou
1019 799 1241 893 prestiterunt
1261 807 1475 872 masmana
1496 795 1670 870 fidelitatis
1694 798 1794 872 nobis
1813 800 1896 894 quia
1917 800 1954 872 iu

536 920 662 990 nostris
678 920 805 992 licterr's
818 931 857 992 ut
869 921 1035 1016 scripsisti
1049 923 1179 997 exinde
1198 924 1329 996 mentio
1345 943 1416 996 non
1437 921 1556 1012 fiebat,
1573 923 1737 994 volumus
1753 932 1793 994 ut
1809 924 1857 996 ab
1870 923 1955 1018 ipsis

531 1042 634 1134 juxta
651 1045 748 1136 regni
767 1044 873 1116 nostri
893 1046 1181 1119 cousuetudinem
1197 1045 1372 1120 fidelitatis
1392 1045 1495 1118 nobis
1511 1053 1725 1118 sacramenta
1746 1053 1952 1140 prestantur.

535 1163 782 1240 consultationi
811 1189 892 1240 vero
917 1178 977 1242 tue
1002 1171 1090 1242 tacte
1108 1191 1214 1265 snper
1234 1171 1340 1242 rebus
1366 1170 1511 1242 ecclesie
1527 1170 1642 1240 Sancti
1666 1169 1849 1242 Clementis
1870 1170 1955 1242 assi-

535 1289 648 1382 gnatis
667 1290 727 1360 tibi
742 1312 803 1384 per
822 1290 1011 1363 ilenricnm
1033 1291 1080 1364 de
1096 1293 1221 1383 blarru,
1240 1304 1323 1379 etc,
1341 1294 1431 1366 sicut
1452 1293 1528 1386 ipsa
1546 1292 1698 1387 capitula
1712 1293 1952 1382 continebunt,

535 1413 618 1505 quia
630 1435 685 1484 res
702 1413 794 1507 ipsas
808 1413 911 1486 nobis
924 1414 1127 1487 distincteet
1140 1417 1242 1510 plene
1256 1436 1324 1489 non
1335 1413 1550 1510 significasti,
1567 1415 1631 1486 tibi
1644 1414 1689 1488 ad
1703 1433 1842 1511 presens
1855 1417 1956 1511 plene

535 1557 605 1609 nou
635 1538 812 1632 potuimus
838 1537 1061 1632 respondere.
1090 1539 1270 1610 Monacbis
1299 1560 1384 1610 vero
1411 1539 1652 1612 claustralibus
1678 1539 1788 1634 ipsius
1813 1539 1957 1612 ecclesie

535 1660 683 1751 victum,
710 1663 870 1734 vestitum
889 1671 925 1734 et
943 1683 1165 1757 quecumque
1181 1646 1375 1736 necessaria
1391 1662 1438 1736 de
1453 1663 1681 1756 proventibus
1695 1663 1804 1758 ipsius
1824 1673 1859 1736 te
1879 1664 1957 1736 exi·

534 1785 618 1857 bere
647 1785 810 1858 volumus
837 1785 1030 1858 moderate.
1067 1787 1240 1859 victualia
1268 1807 1354 1860 vero
1383 1809 1453 1880 que
1484 1787 1735 1860 munitionibus
1764 1795 1955 1858 castrorum

535 1909 781 2002 superfuerunt
808 1918 847 1980 nt
872 1919 931 1982 tue
961 1910 1078 1980 lietera
1109 1911 1350 1999 continebant,
1375 1911 1539 1982 volumus
1564 1910 1661 2004 quod
1686 1909 1883 1982 vendantur
1909 1910 1955 1984 ad

535 2031 718 2102 utilitatem
735 2042 769 2102 et
788 2032 899 2122 majus
912 2032 1133 2104 commodum
1153 2031 1227 2104 fisci
1251 2034 1370 2106 nostri.
1389 2032 1549 2106 Ceterum
1564 2034 1649 2128 qnia
1666 2033 1839 2106 nunciasti
1855 2033 1956 2106 uobis

535 2155 632 2251 qnod
644 2153 802 2227 homines
815 2154 964 2228 Piscarie
980 2155 1101 2228 tideles
1117 2157 1224 2228 nostri
1239 2179 1301 2252 pro
1313 2158 1385 2229 sale
1399 2157 1543 2230 vendito
1561 2157 1657 2230 curie
1671 2165 1786 2230 nostre
1806 2166 1957 2250 ternpore

536 2276 721 2352 undecima
748 2276 946 2350 indictionis
971 2289 1006 2352 et
1028 2277 1236 2352 duodecime
1265 2301 1308 2352 aa
1331 2282 1481 2377 pretinm
1501 2281 1552 2354 eis
1577 2289 1734 2354 asserunt
1759 2300 1829 2352 non
1852 2280 1957 2352 solu-

536 2412 612 2474 tum
629 2401 691 2498 (a),
715 2400 872 2474 satisfieri
890 2401 941 2474 ais
962 2411 1084 2496 petunt
1105 2403 1285 2492 instanter,
1306 2406 1470 2476 volumus
1485 2414 1521 2476 et
1538 2403 1744 2476 mandamns
1761 2413 1802 2474 ut
1819 2403 1956 2498 cognita

536 2526 681 2600 veritate
707 2526 752 2599 de
776 2547 819 2600 eo
836 2525 933 2618 quod
958 2525 1090 2598 babere
1114 2526 1261 2618 debant,
1283 2527 1329 2600 de
1353 2549 1426 2621 quo
1445 2527 1510 2600 tibi
1535 2526 1610 2600 lieri
1633 2528 1794 2600 volumus
1818 2527 1955 2622 planam

536 2647 663 2742 tidem,
679 2648 810 2722 eisdem
828 2648 1037 2740 satisfacias,
1055 2649 1152 2722 curie
1174 2659 1289 2722 nostre
1307 2651 1343 2720 in
1363 2651 1528 2723 omuibus
1540 2650 1789 2746 indempnitate
1802 2659 1951 2722 ειιιιιι.

536 2776 587 2846 De
607 2775 832 2868 proventibus
853 2793 938 2846 vero
956 2771 1107 2846 demanii
1126 2773 1250 2846 Marsie
1268 2784 1308 2845 ut
1322 2774 1508 2868 scripsisti,
1530 2773 1712 2846 utilitatem
1728 2755 1824 2845 curie
1841 2783 1955 2846 nostro

537 2899 650 2972 iacere
662 2896 803 2972 studeas
815 2905 850 2970 et
866 2907 1109 2988 augmentum,
1125 2898 1174 2968 ita
1190 2907 1305 2970 tamen
1317 2896 1416 2990 qnod
1431 2897 1591 2970 demania
1608 2906 1725 2968 nostra
1737 2896 1811 2968 suis
1824 2905 1955 2990 tempo-

537 3021 636 3094 ribus
648 3022 852 3094 excolantur
868 3029 904 3092 at
917 3021 1006 3092 siant
1027 3018 1173 3115 expedit
1185 3031 1428 3114 procurentur,
1441 3041 1487 3093 ne
1505 3020 1628 3094 abusio
1644 3019 1780 3092 modica
1793 3019 1955 3114 temporis

538 3145 690 3219 demanii
706 3145 815 3218 nostri
838 3144 1051 3238 depauperet
1066 3145 1260 3216 utilitatem.
1280 3145 1391 3238 Super
1407 3145 1498 3216 tacto
1517 3143 1736 3236 bajulationis
1751 3152 1787 3216 et
1806 3143 1954 3216 aliomm

538 3277 770 3365 proventuum
785 3266 880 3340 curia
899 3277 1013 3340 nostre
1026 3267 1088 3361 qui
1104 3266 1304 3340 hominibus
1319 3268 1381 3361 qui
1403 3287 1472 3339 uon
1492 3277 1574 3338 sunt
1591 3266 1637 3340 de
1656 3265 1816 3341 demanio
1839 3273 1955 3340 nostru

538 3393 586 3466 ad
602 3392 783 3466 utilitatem
801 3397 952 3463 nostram
969 3391 1005 3460 in
1026 3389 1195 3462 eutalium
1212 3388 1318 3463 vendi
1336 3400 1481 3484 possunt
1499 3401 1538 3462 nt
1555 3390 1662 3480 dicis,
1680 3389 1792 3464 taliter
1807 3411 1955 3486 respon·

538 3515 663 3590 demus
687 3512 884 3608 quodcum
906 3511 1015 3584 sacris
1039 3511 1163 3585 uostris
1181 3512 1482 3586 comtitutionibus
1502 3515 1547 3585 sit
1569 3533 1773 3608 expressum
1792 3513 1889 3606 quod
1916 3513 1952 3584 in

538 3637 660 3713 officiis
682 3637 806 3710 uostris
831 3657 900 3709 non
928 3643 1122 3708 statuantur
1145 3635 1309 3708 officiales
1332 3636 1398 3708 nisi
1427 3636 1497 3708 sint
1516 3634 1637 3709 fideles
1663 3644 1699 3708 et
1721 3635 1766 3708 de
1793 3635 1955 3735 demanio

497 3821 505 3829 .
539 3769 673 3851 nostro,
693 3759 855 3832 nolumus
872 3757 970 3851 quod
983 3779 1044 3852 per
1057 3767 1091 3830 te
1109 3757 1145 3829 in
1159 3756 1281 3829 officiis
1297 3757 1392 3831 curie
1409 3767 1525 3831 nostre
1536 3756 1662 3851 aliquis
1677 3757 1740 3851 qui
1757 3775 1828 3827 non
1846 3757 1891 3828 sit
1909 3755 1955 3829 de

539 3884 701 3959 demanio
716 3891 751 3955 et
766 3880 880 3955 fidelis
899 3891 1014 3954 noster
1034 3881 1254 3974 aliquatenus
1277 3879 1498 3954 admictatur.
1519 3881 1678 3954 Decimae
1699 3901 1783 3954 vero
1799 3879 1954 3954 ecclesiis

538 4007 675 4084 debitas
694 4005 741 4080 ad
758 4025 905 4100 qnamm
930 4005 1136 4077 solutionem
1155 4005 1191 4075 in
1207 4003 1371 4099 predictis
1393 4003 1439 4099 (b)
1455 4014 1493 4076 ut
1516 4004 1703 4098 scripsisti,
1729 4014 1764 4076 te
1790 4002 1956 4076 exhibere

538 4131 702 4204 volumus
735 4137 918 4202 consuetas
949 4134 985 4198 et
1018 4126 1154 4200 debitas
1184 4136 1219 4200 et
1246 4127 1334 4199 sicut
1364 4128 1456 4220 regis
1483 4127 1540 4200 W.
1571 4135 1726 4221 temporo
1759 4125 1955 4200 consobrini

539 4253 646 4328 nostri
669 4271 782 4345 usque
810 4248 913 4322 modo
943 4259 978 4321 et
1006 4250 1169 4322 continue
1195 4258 1278 4322 sunt
1302 4247 1378 4322 dari
1400 4249 1568 4322 hactenns
1591 4258 1767 4352 consuete.
1790 4248 1955 4340 Homines

538 4385 655 4452 autem
671 4374 785 4448 Sancti
802 4372 958 4445 Flaviani
977 4381 1012 4445 at
1024 4371 1178 4446 civitella
1192 4372 1254 4465 qui
1270 4373 1448 4446 cobectam
1467 4373 1590 4445 Sancte
1610 4373 1719 4446 Maria
1734 4372 1810 4464 aliis
1824 4371 1955 4445 officia·

539 4501 632 4573 libna
654 4496 955 4595 predecessoribus
980 4496 1049 4568 tuis
1075 4495 1159 4572 dare
1180 4506 1433 4570 consueverunt
1453 4505 1488 4570 et
1511 4517 1605 4569 nunc
1627 4498 1738 4592 ipsam
1764 4496 1847 4570 dare
1868 4515 1952 4569 cou-

581 4631 625 4713 (ι)
645 4631 741 4694 Locus
754 4635 788 4690 ut
802 4628 919 4688 videtur
934 4627 1067 4690 mutilus.

581 4737 622 4818 (b)
644 4736 733 4800 Deest
747 4735 788 4796 lbl
801 4732 924 4812 altqutd.
