4468 6010
536 575 598 640 ses
1040 573 1253 640 rnrnnarcr
1278 576 1452 640 sucurnr
1759 533 1837 661 [aas.
1856 577 1941 640 raro.

536 710 640 783 etiam
666 719 701 782 et
722 707 930 781 mandamus
953 704 1107 780 fidelitati
1134 719 1194 784 tue
1220 721 1260 784 ut
1285 712 1453 785 rationem
1479 708 1524 782 ab
1552 709 1629 804 ipso
1656 718 1761 806 gayto
1787 709 1832 784 de
1855 733 1945 785 anno

537 833 695 929 proxime
709 832 868 926 preterito
883 831 945 904 XII
965 831 1162 905 indictionis
1182 834 1277 908 uude
1293 835 1460 908 rationem
1479 853 1548 906 non
1567 833 1699 927 posuit,
1718 833 1764 907 de
1786 835 1946 930 preterito

537 955 639 1027 etiam
655 965 689 1026 et
708 956 823 1028 tuturo
843 954 1010 1049 presentis
1023 953 1102 1026 Xlll
1123 954 1321 1029 indictionis
1337 956 1478 1050 exigere
1504 955 1634 1029 debeas
1657 965 1691 1029 et
1713 958 1865 1052 recipere
1884 979 1945 1052 pro

535 1088 632 1173 parte
646 1078 742 1150 curie
758 1088 885 1167 nostre,
901 1077 1058 1170 diligenti
1073 1077 1109 1148 in
1122 1100 1163 1151 ea
1180 1079 1338 1154 adhibito
1354 1081 1470 1153 studio
1484 1101 1547 1175 pro
1565 1080 1702 1172 juribus
1718 1091 1834 1154 nostre
1852 1082 1945 1154 curie

402 1265 404 1274 ,
536 1200 782 1274 conservandis
800 1211 839 1272 ut
861 1201 1014 1273 studium
1034 1209 1149 1291 tuum,
1167 1211 1233 1274 etc.
1258 1203 1327 1298 Ipsi
1348 1204 1441 1276 enim
1463 1212 1567 1298 gayto
1591 1203 1726 1277 licteris
1743 1203 1868 1277 nostris
1890 1204 1944 1274 in-

531 1327 713 1418 jungimus
730 1332 769 1395 ut
783 1345 898 1396 coram
915 1334 948 1396 te
965 1341 1091 1418 ponere
1106 1323 1232 1398 debent
1249 1326 1429 1399 rationem.

584 1450 707 1520 Datum
720 1445 773 1545 [ut
787 1443 918 1544 supro}

581 1576 692 1644 item:
1685 1617 1690 1630 ·

581 1694 804 1785 Fredericus,
833 1703 916 1782 etc,
947 1692 1129 1767 Guillelmo
1156 1693 1202 1767 de
1227 1693 1370 1784 Amare,
1395 1704 1462 1767 etc.
1493 1693 1707 1790 Significavit
1741 1695 1945 1768 excellentie

533 1827 648 1891 nostre
666 1817 820 1889 notarius
842 1815 1022 1910 Philippus
1048 1827 1172 1912 gaytus
1196 1817 1355 1890 Panormi
1377 1816 1487 1890 fidelis
1514 1825 1628 1890 noster
1646 1815 1743 1912 quod
1765 1815 1943 1889 residuum

533 1940 627 2036 gayti
656 1939 834 2033 quondam
864 1938 1003 2010 Matthei
1034 1938 1286 2033 predecessoris
1310 1939 1365 2010 sni
1390 1939 1587 2032 recolligere
1615 1961 1683 2013 non
1715 1948 1843 2034 potest,
1877 1939 1942 2012 nisi

532 2063 776 2158 quaterniones
790 2061 845 2133 sni
859 2061 1083 2134 ostendantur
1098 2061 1226 2151 eidem,
1239 2063 1301 2156 qui
1318 2063 1448 2133 suntin
1466 2063 1592 2157 palatio
1608 2074 1725 2136 nostro
1733 2063 1891 2135 Panormi
1907 2063 1942 2133 in

533 2187 690 2260 custodia
706 2196 783 2274 tue,
804 2186 871 2257 snb
892 2183 1005 2277 sigillo
1021 2183 1187 2257 iohannis
1209 2185 1255 2257 de
1278 2185 1402 2258 dmato
1423 2186 1598 2280 qnondam
1624 2183 1737 2257 lratrr's
1760 2185 1811 2256 tui
1833 2183 1943 2257 fidelis

532 2310 653 2384 nostri.
671 2309 772 2382 Unde
786 2330 865 2380 cum
881 2309 1031 2380 nolimus
1047 2317 1084 2378 ut
1098 2317 1233 2403 propter
1256 2307 1321 2381 hoc
1339 2309 1530 2381 recollectio
1552 2308 1660 2404 ipsius
1683 2308 1814 2382 residui
1833 2317 1943 2381 retar-

532 2433 645 2522 detur,
667 2431 824 2505 fidelitati
845 2441 903 2504 tue
930 2431 1154 2527 precipiendo
1175 2433 1383 2506 mandamus
1400 2442 1574 2528 quatenns
1591 2433 1834 2526 quaterniones
1851 2433 1942 2528 ipsos

532 2556 644 2629 eidem
662 2555 797 2629 notario
811 2555 969 2650 Philippo
983 2554 1217 2652 inspiciendos
1230 2555 1392 2628 ostendas
1404 2565 1439 2628 et
1452 2555 1482 2626 si
1496 2555 1691 2651 expedierit
1703 2554 1810 2627 laeias
1824 2575 1942 2628 exem-

532 2679 632 2774 plari,
649 2679 782 2751 cautela
798 2686 913 2750 tamen
927 2677 1085 2770 diligenti
1104 2675 1258 2750 adhibita
1272 2677 1308 2748 in
1324 2679 1494 2774 presentia
1509 2677 1663 2750 fidelium
1679 2678 1831 2751 virorum
1847 2677 1942 2772 quod

533 2799 678 2874 fideliter
693 2801 852 2892 legantur
864 2809 899 2872 et
911 2801 940 2870 si
953 2799 1147 2894 expedierit
1158 2782 1416 2896 exemplentur3
1434 2823 1504 2896 quo
1518 2799 1699 2896 diligenter
1712 2809 1862 2896 peracto,
1877 2801 1943 2872 sub

532 2925 625 2998 bona
642 2923 799 2997 custodia
813 2933 849 2996 et
864 2925 997 2996 cantela
1013 2922 1130 2996 debita
1145 2933 1367 3020 reponantur.

581 3049 704 3120 Datum
721 3045 776 3146 [ut
789 3043 923 3143 supra}

469 3585 476 3600 ⁸
586 3493 748 3576 Litterae
772 3487 1010 3597 responsales
1029 3499 1066 3572 et
1087 3490 1269 3572 mundate
1290 3489 1340 3570 de
1366 3488 1599 3598 assignando
1625 3489 1669 3572 G.
1691 3489 1739 3570 de
1757 3487 1858 3574 Nero
1875 3488 1942 3598 qni

491 3666 494 3674 ·
534 3623 756 3706 thesaurum
778 3620 965 3706 invenisse
994 3620 1152 3727 dicitnr,
1180 3620 1221 3701 in
1240 3645 1380 3704 manus
1407 3619 1602 3730 justitiarii
1630 3619 1780 3702 Siciliae
1806 3631 1850 3702 ut
1876 3645 1945 3728 per

496 3845 509 3862 ,ἱ
534 3763 725 3839 tormenta
741 3762 851 3838 eruet
875 3752 1087 3859 veritatem,
1113 3753 1161 3835 de
1179 3752 1297 3834 ermis
1319 3753 1515 3862 quondam
1537 3751 1754 3858 camerarii,
1773 3752 1822 3834 de
1842 3776 1942 3859 pos-

535 3885 767 3970 sessionibus
794 3882 1014 3992 bejnlorum
1039 3883 1241 3992 assignatis
1270 3883 1319 3966 ad
1341 3909 1438 3993 opus
1456 3883 1603 3990 cumae,
1623 3884 1672 3966 de
1690 3881 1796 3965 mille
1821 3882 1944 3964 unciis

535 4017 776 4128 assignandis
792 4015 910 4126 judici
928 4014 1067 4100 laccho
1085 4015 1133 4098 de
1152 4015 1303 4125 Capua,
1324 4015 1372 4098 de
1385 4014 1582 4126 jumentis,
1605 4013 1733 4098 bubus
1754 4025 1793 4098 et
1808 4013 1945 4098 oribus

535 4176 634 4260 qnae
651 4147 807 4232 fuerunt
824 4146 1021 4256 quondam
1038 4147 1084 4230 R.
1106 4148 1155 4229 de
1174 4147 1361 4231 Gnlrcllis.

614 4349 740 4431 (liccat
754 4348 859 4427 imper.
874 4343 994 4408 dieder.
1008 4346 1050 4425 11,
1065 4346 1118 4408 iol.
1136 4357 1172 4408 88
1188 4363 1288 4423 rsrso3
1304 4349 1336 4408 ln
1351 4347 1423 4410 edit.
1438 4345 1577 4426 Cmcen„
1591 4363 1621 4424 p.
1639 4345 1802 4424 trustra.)
1939 4428 1941 4436 Α

583 4527 667 4596 item
683 4519 909 4616 responsales.-

584 4645 804 4734 Fredericus,
834 4653 918 4730 etc,
936 4640 1102 4714 Severino
1132 4639 1177 4713 de
1196 4641 1453 4738 Calataphimo,
1482 4651 1548 4713 etc.
1575 4641 1729 4732 Benigne
1751 4637 1943 4734 recepimus
