4564 6038
547 696 624 758 1152
1045 695 1254 756 balnearet
1282 695 1456 756 saeuum
1762 693 1842 769 [Ass.
1861 690 1950 750 1241.

542 825 651 900 Deus!
670 837 837 920 quantum
863 838 897 900 et
923 831 1060 923 quoties
1077 851 1141 902 nos
1165 829 1347 902 humilium
1370 827 1565 917 voluimus,
1583 847 1720 900 omnem
1738 825 1951 898 benevolen-

543 951 626 1022 tiam
649 959 862 1044 exponentes
885 961 924 1022 ut
946 974 1108 1024 mmanns
1134 952 1290 1046 pontifex
1313 951 1359 1024 ub
1379 951 1492 1025 etiuso
1516 972 1579 1044 per
1600 949 1718 1022 orbem
1741 957 1859 1021 eonba
1884 968 1952 1020 nos

543 1073 764 1146 dissentionis
779 1072 944 1147 mudule
966 1076 1150 1149 destitisset
1165 1083 1199 1148 et
1214 1075 1259 1146 ab
1279 1075 1470 1148 inconsulte
1490 1073 1675 1146 voluntatis
1691 1073 1821 1167 impetu
1835 1080 1952 1144 motus

543 1217 625 1271 suus
642 1196 888 1290 temperantius
903 1207 1108 1284 revocasset,
1127 1207 1166 1266 ut
1182 1196 1229 1268 ad
1245 1196 1439 1270 sedandum
1454 1205 1589 1268 nosnos
1600 1197 1678 1286 iare
1693 1193 1849 1266 subditus
1868 1215 1951 1289 pre-

541 1319 736 1391 valeremus
758 1329 792 1390 et
814 1319 965 1411 quietius
985 1341 1181 1413 regeramus
1203 1339 1268 1390 nec
1291 1340 1352 1391 eos
1376 1339 1525 1413 quorum
1552 1317 1667 1390 adhuc
1687 1338 1749 1412 per
1771 1337 1850 1388 eum
1878 1337 1950 1388 non

541 1441 683 1514 minima
698 1463 777 1536 pars
794 1441 929 1514 fovetur
945 1452 1139 1536 protegeret
1151 1443 1415 1531 recalcitrantes,
1433 1453 1473 1514 ut
1488 1441 1617 1514 sedatis
1631 1441 1736 1513 rebus
1746 1439 1951 1512 rebellibus-

541 1584 610 1658 que
625 1565 816 1636 reformatis
827 1563 994 1636 adversus
1007 1587 1096 1657 quos
1107 1537 1291 1638 multarum
1306 1565 1441 1659 copiam
1453 1585 1559 1658 opum
1573 1563 1758 1636 effudimus
1768 1575 1803 1634 et
1819 1562 1949 1634 virium

541 1695 686 1758 conatus
712 1685 960 1776 exhausimus,
989 1688 1138 1780 putentia
1165 1696 1279 1759 nostra
1303 1689 1412 1779 major
1443 1695 1664 1787 consurgeret
1692 1695 1727 1757 et
1757 1686 1951 1778 insurgeret

540 1809 768 1881 cummuniter
791 1808 826 1878 in
845 1807 1082 1881 adversantes!
1104 1809 1173 1884 Sed
1194 1831 1275 1883 cum
1292 1811 1450 1882 voluntas
1465 1809 1498 1882 ei
1515 1791 1677 1904 pro'jure
1703 1807 1807 1880 inerit
1829 1809 1951 1902 lingue

540 1932 711 2004 lubricum
729 1931 922 2004 discursum
940 1954 1009 2003 non
1028 1933 1159 2025 regenti
1176 1943 1211 2006 et
1234 1954 1256 2005 a
1278 1933 1459 2027 multiplici
1481 1953 1607 2022 genere
1624 1929 1758 2004 dissidii
1774 1931 1869 2024 quod
1891 1942 1950 2004 at-

539 2053 719 2148 temptavit
735 2053 942 2145 dedignatus
961 2065 1013 2127 est
1035 2057 1226 2145 abstinere,
1245 2077 1307 2150 per
1329 2057 1459 2148 legatos
1485 2063 1520 2128 et
1546 2056 1683 2127 nuntios
1706 2076 1791 2126 suos
1810 2075 1949 2126 ducem

540 2196 646 2268 qnam
663 2175 832 2248 adversus
845 2176 1060 2271 tyrannidem
1079 2179 1296 2251 tartarorum
1312 2179 1368 2250 vel
1384 2180 1633 2250 Saracenorum
1650 2187 1776 2250 terram
1793 2187 1946 2250 sanctam

539 2299 777 2372 invadentium
794 2310 829 2374 et
851 2304 1091 2396 occupantium
1111 2305 1291 2376 exeruisse
1317 2301 1438 2376 debuit
1461 2313 1497 2375 et
1522 2301 1680 2389 decebat,
1703 2303 1807 2394 jussit
1829 2311 1948 2376 conbu

538 2443 603 2496 nos
618 2423 796 2497 brachium
810 2433 845 2496 et
860 2425 1009 2497 Ecclesia
1028 2425 1235 2499 advocatum
1255 2425 1436 2520 publicari,
1455 2425 1640 2498 rebellibus
1655 2426 1780 2498 nostris
1795 2427 1948 2518 graviter

538 2556 658 2620 conua
686 2546 850 2620 honorem
875 2558 1029 2620 nostrum
1055 2559 1090 2620 et
1118 2551 1242 2620 tamam
1268 2547 1458 2620 exultando
1486 2548 1774 2643 conspirantibus.
1799 2549 1947 2620 Etcum

537 2669 689 2744 maxima
707 2669 808 2745 nobis
828 2670 1006 2744 immineat
1028 2692 1111 2745 curu
1129 2693 1193 2746 nos
1213 2693 1235 2744 a
1259 2671 1457 2745 domesticis
1482 2679 1516 2743 et
1543 2670 1769 2744 familiaribus
1790 2671 1947 2744 hostibus

538 2793 724 2888 expedire,
744 2792 891 2888 qualiter
909 2802 944 2868 et
958 2793 1122 2868 barbaros
1139 2794 1368 2891 repellemus?
1386 2793 1523 2890 Quippe
1536 2815 1599 2890 per
1620 2795 1854 2889 exploratores
1865 2817 1948 2868 suus

537 2935 625 3009 qnos
641 2916 798 3010 undique
822 2918 1067 3012 premiserunt,
1088 2917 1153 3012 ipsi
1174 2917 1253 2990 licet
1277 2919 1352 2992 sine
1368 2917 1446 3010 lege
1467 2918 1588 2992 divina
1610 2917 1749 3006 directi,
1775 2928 1891 2992 emen
1909 2919 1945 2990 in

538 3039 669 3111 martiis
693 3041 840 3134 ingeniis
864 3041 1068 3136 disciplinati
1092 3041 1265 3136 publicam
1293 3041 1502 3114 discordiam
1529 3050 1563 3114 et
1581 3041 1762 3112 immunita
1778 3052 1946 3115 terrarum

537 3181 578 3234 ac
592 3161 779 3236 infirmiora
792 3176 1040 3258 cognoverunt,
1053 3164 1351 3258 corrosionemque
1366 3185 1489 3257 regum
1501 3171 1535 3236 et
1547 3183 1732 3256 regnorum
1747 3163 1944 3236 conflictum

537 3283 716 3358 audientes
734 3287 918 3360 instantius
941 3289 1138 3360 animantur
1155 3297 1189 3360 et
1206 3297 1430 3382 consurgunt.
1449 3287 1479 3360 Ο
1499 3296 1668 3380 quantum
1690 3287 1823 3359 viribus
1846 3286 1947 3361 addit

537 3409 697 3480 exultans
709 3408 888 3483 animatio!
907 3409 963 3482 hd
979 3421 1165 3504 utrumque
1181 3411 1303 3503 igitar,
1320 3411 1392 3484 Deo
1409 3409 1623 3504 providente,
1634 3410 1790 3482 conversi
1805 3409 1898 3483 vires
1911 3420 1946 3484 et

536 3527 740 3603 industriam
759 3532 1002 3606 adhibebimus
1024 3545 1062 3606 ut
1087 3534 1313 3606 domesticum
1333 3543 1368 3606 et
1385 3533 1602 3606 barbaricum
1626 3531 1777 3605 Ecclesia
1797 3533 1946 3607 scauda-

536 3652 609 3724 lum
624 3652 705 3726 hinc
722 3663 756 3727 et
772 3654 854 3728 iude
872 3657 1123 3751 propulsemus.
1137 3657 1308 3730 Dilectum
1323 3665 1441 3728 autem
1457 3654 1566 3727 lilium
1581 3665 1735 3728 nostrum
1747 3653 1944 3728 Conradum

536 3796 578 3850 ae
600 3787 731 3852 ceteroe
751 3779 886 3875 imperii
914 3781 1020 3854 nostri
1047 3781 1217 3875 principes
1243 3801 1406 3874 exproese
1423 3779 1673 3851 transmisimus
1698 3787 1737 3850 ut
1762 3777 1810 3852 ud
1834 3781 1945 3874 repri-

446 3953 448 3959 ι
536 3899 701 3972 mendum
719 3903 894 3996 ingressus
913 3913 947 3976 et
964 3904 1113 3998 impetus
1127 3901 1277 3976 hostium
1293 3901 1549 3974 barbaricorum
1566 3911 1725 3995 potente
1747 3911 1940 3974 occanum.

536 4023 758 4096 serenitatem
781 4026 883 4098 etiam
910 4037 1055 4098 vestram
1080 4047 1142 4120 pru
1164 4024 1338 4097 communi
1359 4025 1560 4098 necessitate
1583 4045 1647 4119 pcr
1663 4035 1837 4097 auctorem
1860 4023 1944 4098 fidei

535 4155 651 4220 nostre
673 4147 856 4221 christiane
877 4149 1058 4220 Dominum
1076 4157 1231 4220 nostrum
1248 4147 1366 4220 lesum
1376 4147 1548 4220 Christum
1563 4146 1819 4242 precordialiter
1837 4146 1943 4238 adju-

534 4291 651 4342 ramus
666 4279 836 4365 qnatenus
862 4271 963 4344 vobis
987 4281 1022 4342 et
1039 4292 1146 4363 regno
1163 4279 1295 4360 vestro,
1320 4291 1408 4364 quos
1430 4272 1523 4343 Deus
1544 4271 1581 4342 iu
1605 4280 1696 4344 statu
1712 4271 1943 4365 prosperitatis

534 4403 726 4482 conservet,
740 4394 986 4467 instantissima
995 4393 1226 4467 sollicitudine
1236 4403 1270 4466 et
1278 4393 1428 4489 provida
1439 4393 1687 4467 deliberatione
1700 4402 1939 4488 precaventes,

533 4523 704 4590 maturata
725 4516 873 4590 militnm
890 4525 1125 4609 strenuorum,
1149 4516 1296 4590 aliorum
1314 4527 1524 4590 armatorum
1544 4526 1579 4590 el
1595 4537 1768 4590 armorum
1786 4515 1943 4591 subsidia

533 4657 603 4710 non
621 4637 771 4730 segniter
787 4639 984 4733 preparetis.
1006 4640 1077 4711 Hoc
1098 4639 1134 4709 in
1154 4639 1353 4733 aspersione
1377 4638 1556 4732 sanguinis
1574 4636 1697 4710 Christi
1715 4649 1751 4710 et
1766 4637 1943 4710 affinitatis

533 4758 650 4832 federe
662 4779 734 4852 qno
749 4759 985 4834 connectimur
997 4761 1223 4856 postulamus.
1241 4761 1367 4856 Sicque
1380 4759 1428 4834 ad
1441 4760 1674 4835 liberationem
1688 4759 1942 4834 christianitatis
