4384 6004
242 700 347 760 lrrnrcr.
368 697 430 774 lt]
697 695 893 755 lllS'l'OlllA
919 693 1214 755 diplomatica
1585 691 1662 752 1109

245 832 318 904 lem
343 841 376 903 et
405 831 519 902 Sicilie
544 851 621 921 rex,
648 829 822 902 Friderico
843 828 947 900 Grillo
973 841 1007 902 et
1031 829 1152 902 loanni
1176 827 1360 921 Striaporoi
1383 825 1453 922 (l),
1472 826 1662 920 capitaneis

245 953 403 1028 fidelium
422 975 562 1026 snorum
583 954 808 1024 laudensium
835 952 995 1025 fidelibus
1016 955 1089 1023 suis
1104 952 1250 1044 gratiam
1276 971 1373 1022 suam
1397 959 1431 1021 et
1447 951 1573 1021 bonam
1592 969 1662 1020 vo-

245 1080 429 1150 luntatem.
458 1077 560 1150 Grata
590 1075 706 1148 estin
733 1086 919 1170 conspectu
946 1083 1063 1148 nostro
1091 1074 1171 1147 lldei
1199 1083 1314 1146 vestre
1338 1074 1529 1145 constantia
1556 1093 1661 1166 qnam

247 1200 294 1275 ad
323 1223 387 1274 nos
416 1211 450 1273 et
474 1200 656 1295 imperium
689 1219 753 1270 vos
783 1200 910 1272 babere
942 1201 1014 1292 ipsa
1040 1218 1143 1290 opera
1174 1197 1325 1269 dilucide
1350 1205 1590 1290 protestantur.
1620 1197 1663 1268 Ut

249 1335 367 1397 autem
386 1325 431 1398 de
456 1325 612 1396 felicibus
639 1323 844 1395 excellentie
869 1333 984 1394 nostre
1005 1321 1223 1394 successibus
1245 1321 1399 1413 gaudere
1427 1322 1580 1414 possitis,
1603 1342 1664 1414 per

253 1459 429 1542 presentes
448 1450 609 1520 volumus
626 1469 689 1519 vos
703 1467 779 1519 esse
796 1457 906 1518 certos
924 1446 1019 1540 quod
1037 1445 1193 1538 undique
1212 1445 1312 1516 nobis
1330 1445 1546 1538 pergratiam
1562 1444 1665 1534 Regis

254 1594 374 1666 regum
398 1585 522 1644 cuncta
541 1570 669 1644 cedunt
695 1571 740 1643 ad
766 1582 899 1642 votum.
930 1572 1014 1642 Nam
1041 1570 1219 1640 Faventini
1244 1569 1290 1640 ed
1313 1569 1466 1639 ultimam
1492 1569 1665 1661 impoten-

256 1697 336 1766 tiam
355 1695 444 1768 adeo
461 1707 542 1767 sunt
560 1695 716 1784 deducti,
733 1705 806 1765 tum
825 1715 940 1765 rerum
957 1694 1105 1783 delectu,
1123 1701 1195 1762 tom
1214 1692 1342 1764 crebris
1360 1693 1562 1762 bellatorum
1582 1713 1666 1762 nos-

256 1829 384 1892 tmrum
415 1821 597 1892 insultibus
626 1819 757 1912 fatigati
780 1819 874 1912 quod
903 1818 948 1890 de
974 1819 1138 1888 Faventia
1166 1817 1342 1888 deditione
1363 1817 1494 1886 firmam
1516 1827 1549 1887 et
1574 1819 1666 1888 oele-

255 1965 327 2014 rem
353 1943 515 2015 fiduciam
539 1943 747 2015 obtinemus.
775 1943 995 2014 Premisimus
1021 1953 1136 2012 autem
1162 1941 1196 2010 in
1219 1940 1457 2012 lombardiam
1485 1940 1666 2010 llenricnm

257 2065 421 2138 dilectum
439 2067 547 2140 lilium
564 2077 732 2156 nostrum,
753 2067 919 2138 illustrem
938 2087 1054 2158 regem
1077 2065 1294 2136 Turritanum
1313 2073 1347 2135 et
1368 2064 1504 2136 Gallure
1528 2073 1562 2134 et
1580 2063 1668 2135 sacri

258 2191 393 2285 imperii
420 2193 455 2263 in
480 2192 575 2264 ltalia
603 2192 753 2284 legatum
775 2191 989 2284 generalem,
1016 2201 1055 2259 ut
1074 2190 1265 2261 exercitum
1290 2197 1480 2260 nostrorum
1513 2187 1668 2260 fidelium

258 2316 432 2408 copiosum
452 2315 554 2386 iaciat
569 2315 744 2409 preparari
765 2313 860 2408 quod
878 2315 1018 2385 obtenta
1034 2313 1197 2384 Faventia
1215 2313 1260 2384 ad
1284 2313 1586 2406 depopulationem
1602 2314 1668 2384 Bo·

260 2439 477 2511 noniensium
505 2451 539 2510 et
571 2439 823 2532 subsequenter
855 2437 1000 2508 aliorum
1028 2437 1206 2508 rebellium
1239 2436 1476 2530 procedamus.
1506 2435 1670 2507 Dedimus

259 2584 400 2656 quoqne
419 2585 480 2657 per
497 2563 626 2635 litteras
643 2571 777 2634 nostras
793 2561 924 2632 Marino
944 2560 988 2632 de
1006 2560 1126 2631 Ebulis
1144 2559 1231 2630 sacri
1247 2560 1382 2652 imperii
1403 2581 1423 2629 a
1440 2561 1543 2652 Papia
1565 2581 1672 2654 snpe-

260 2685 335 2757 rius
355 2686 484 2756 vicario
504 2695 538 2758 et
562 2684 656 2758 fideli
685 2694 800 2757 nostro
825 2684 967 2756 firmiter
989 2684 1025 2754 in
1051 2683 1221 2755 mandatis
1247 2694 1285 2753 ut
1309 2685 1384 2777 ipse
1406 2705 1485 2754 cnm
1511 2683 1673 2755 fidelibus

260 2809 383 2881 nostris
401 2819 435 2880 et
453 2809 589 2903 imperii
608 2809 652 2880 de
667 2808 908 2901 jurisdictione
922 2830 985 2880 sua
997 2808 1098 2879 iaciat
1111 2808 1342 2879 lennensibus
1360 2809 1419 2901 qui
1436 2807 1579 2879 rebelles
1593 2818 1675 2878 sunt

260 2932 392 3026 imperii
414 2934 532 3004 vivam
557 2954 736 3026 guerram,
763 2933 890 3005 Uberto
913 2933 1017 3002 etiam
1042 2931 1230 3002 marchioni
1258 2931 1466 3002 Pallavicino
1492 2931 1621 3003 vicario
1637 2932 1672 3002 in

261 3058 450 3128 Lunexana
463 3067 498 3128 et
513 3057 668 3151 partibus
681 3057 888 3146 convicinis,
908 3055 1000 3127 fideli
1015 3067 1144 3146 nostro,
1161 3055 1205 3128 de
1230 3056 1386 3127 facienda
1401 3077 1524 3147 guerra
1541 3077 1586 3127 ex
1609 3055 1674 3129 hac

264 3191 359 3274 parte
376 3180 576 3253 mandatum
593 3181 737 3252 lecimus
750 3181 916 3276 speciale,
933 3180 1155 3252 nihilominus
1171 3190 1287 3251 antem
1303 3181 1386 3250 lelix
1403 3190 1436 3251 et
1452 3180 1674 3252 victoriosum

263 3303 401 3373 stolium
419 3312 574 3374 nostrum
593 3324 654 3396 per
675 3325 768 3374 mare
784 3304 828 3375 ad
848 3303 1087 3375 coercitionem
1111 3304 1335 3375 lanuensinm
1350 3303 1422 3394 jam
1441 3303 1584 3374 lecimus
1598 3324 1674 3396 pre·

263 3426 374 3518 parari
395 3448 458 3518 pro
479 3426 703 3521 depressione
724 3425 914 3499 infidelium
936 3427 996 3519 qui
1021 3437 1101 3498 sunt
1119 3427 1167 3496 ibi
1187 3435 1221 3498 et
1236 3417 1301 3521 'pro
1324 3437 1440 3498 nostro
1460 3449 1501 3498 ao
1519 3425 1673 3498 fidelium

264 3549 417 3619 omnium
434 3550 655 3622 incremento.
673 3551 743 3622 Vos
756 3551 861 3644 igitur
875 3549 1023 3622 debono
1041 3551 1076 3620 in
1096 3551 1219 3622 melius
1237 3549 1282 3622 de
1295 3551 1420 3622 nostris
1433 3551 1583 3622 servitiis
1600 3562 1675 3621 stu-

266 3671 386 3744 deatis.
407 3673 493 3745 Nam
510 3673 555 3745 de
578 3673 742 3768 impensis
762 3683 797 3747 et
812 3673 1054 3770 impendendis
1072 3675 1249 3769 obsequiis
1265 3674 1488 3746 retributione
1504 3674 1676 3768 condigna

266 3817 329 3868 vos
343 3797 541 3868 curabimus
562 3819 798 3892 compensare.
822 3799 993 3871 Noveritis
1012 3799 1152 3894 insuper
1171 3799 1267 3893 quod
1285 3821 1325 3871 ea
1350 3821 1419 3893 qne
1442 3797 1614 3871 Ansaldus
1632 3799 1677 3870 de

267 3920 352 3992 llari
366 3922 464 4013 regni
477 3922 593 3993 Sicilie
608 3921 798 3994 admiratus
810 3920 879 4018 (2),
895 3921 1008 3996 fidelis
1019 3933 1147 4013 noster,
1158 3923 1258 3995 nobis
1271 3945 1317 3995 ex
1330 3932 1425 4018 parte
1436 3932 1549 3995 vestra
1562 3923 1678 3994 retulit

269 4043 501 4115 intelleximus
527 4044 709 4138 diligenter
736 4055 770 4118 et
798 4068 901 4140 super
923 4047 965 4118 iis
990 4069 1060 4140 que
1082 4046 1184 4118 nobis
1210 4047 1300 4118 dixit
1328 4047 1416 4118 circa
1442 4047 1677 4118 confusionem

272 4244 524 4255 ——-.----—

303 4352 343 4425 (t)
361 4352 492 4410 Videlicet
504 4353 724 4430 Strippmporoo,
740 4357 838 4414 nobilis
848 4357 1022 4415 tennensium
1033 4357 1144 4416 familia.

306 4450 342 4520 (2)
363 4451 482 4507 «Mense
496 4451 623 4509 februarii
640 4456 719 4526 tall,
736 4454 881 4527 imperator
895 4455 1033 4512 mandavit
1046 4456 1166 4513 dnsaldo
1182 4456 1216 4512 de
1229 4456 1294 4512 llari
1310 4455 1356 4529 qoi
1372 4464 1430 4513 erat
1446 4455 1473 4511 in
1487 4457 1570 4513 lanua
1584 4465 1613 4512 ut
1629 4457 1681 4514 iret

271 4545 418 4618 adipsum,
434 4547 497 4619 qnia
512 4554 617 4606 mortno
631 4550 754 4607 Nicolino
769 4550 882 4622 Spinula
894 4552 1029 4624 qnondam
1041 4552 1161 4625 ingonis,
1176 4554 1307 4611 admirato
1319 4571 1382 4624 sno,
1400 4555 1489 4628 ipsum
1505 4555 1682 4612 constituerat

270 4643 344 4714 regni
358 4642 474 4700 Siciliae.
491 4645 566 4702 idem
582 4646 717 4703 Ansaldus
730 4646 859 4706 omnibus
879 4649 1089 4721 praetermissis,
1104 4667 1187 4722 quam
1205 4652 1334 4708 secretius
1347 4652 1433 4724 potuit
1446 4651 1493 4708 irit
1508 4654 1542 4710 ad
1556 4653 1680 4725 impera-

271 4746 357 4795 torem
373 4747 401 4796 et
413 4740 541 4798 collatum
560 4745 701 4817 admiragii
717 4744 834 4802 officium
853 4746 982 4818 suscepit.
999 4767 1012 4799 n
1032 4747 1133 4805 Annei.
1154 4749 1283 4805 Genuam.
1299 4765 1343 4823 ap.
1357 4751 1517 4822 domnos,
1532 4751 1679 4824 Scriptor,

273 4837 476 4909 tstpffi.

354 4933 390 4994 V.
414 4947 501 4998 Parra.
1467 4957 1521 5007 tto
