4468 6010
1051 643 1265 708 tatbsatct
1291 647 1465 710 sacuam
1781 651 1860 736 [dett.
1880 653 1969 723 124⁰.

767 905 1138 916 nmo-...—

604 1183 826 1268 Mandatum
846 1184 894 1265 ad
913 1183 1191 1292 Alexandrum,
1214 1184 1340 1268 filium
1360 1185 1527 1292 llenrici,
1547 1211 1617 1296 pro
1636 1189 1774 1272 darrdis
1792 1191 1968 1300 expensis

551 1317 745 1425 magistris
772 1319 1001 1426 sarracenis,
1026 1319 1249 1402 custodibus
1276 1319 1503 1403 animalium
1530 1333 1569 1403 et
1596 1322 1682 1404 aliis
1705 1321 1968 1409 laborantibus

549 1451 589 1532 in
608 1451 747 1558 Metfia,
769 1452 936 1534 Canusio
954 1463 992 1534 et
1013 1451 1183 1534 Luceria.

632 1651 759 1732 (liceat.
774 1652 877 1730 imper.
897 1649 1014 1711 Freder.
1031 1652 1070 1724 11,
1084 1652 1135 1714 fol.
1153 1661 1191 1713 72
1205 1669 1307 1728 aarum
1323 1655 1356 1714 la
1369 1653 1441 1714 atta.
1458 1652 1595 1727 caman.
1610 1671 1641 1732 p.
1658 1653 1742 1734 85⁰.)

599 1828 645 1896 De
665 1826 824 1897 mandato
844 1825 1017 1920 imperiali
1033 1829 1122 1918 sacto
1139 1849 1199 1920 per
1216 1827 1385 1898 dominum
1401 1827 1588 1899 Iohannem
1602 1830 1731 1900 lterum
1749 1830 1884 1924 scripsit
1904 1831 1965 1902 Ju-

548 1951 646 2022 cotes
662 1950 702 2020 de
715 1953 863 2022 Bactra:

597 2073 817 2162 fredericus,
850 2083 934 2160 etc,
964 2073 1163 2144 Alexandro
1192 2073 1262 2146 filio
1289 2073 1446 2163 Raurici,
1469 2083 1536 2146 etc.
1564 2074 1737 2149 fidelitati
1766 2087 1826 2150 tue
1852 2077 1966 2172 preci-

548 2195 678 2292 piendo
709 2195 915 2269 mandamus
940 2208 1113 2290 quatenus
1139 2198 1310 2290 magistris
1342 2199 1556 2289 sarracenis,
1584 2199 1853 2292 tarisiatoribus,
1882 2222 1965 2273 car-

548 2321 725 2416 pentariis,
745 2323 918 2414 magistris
939 2321 1142 2394 facientibus
1159 2343 1267 2412 arma,
1291 2321 1496 2396 custodibus
1517 2324 1743 2416 camelorum,
1765 2323 1965 2398 custodibus

548 2445 662 2518 anche
679 2455 714 2517 et
733 2445 954 2516 tabaccorum
974 2443 1040 2539 (l),
1062 2445 1199 2518 custodi
1220 2446 1344 2519 vivarii
1365 2455 1401 2518 et
1422 2447 1545 2520 ceteris
1560 2447 1733 2541 magistris
1753 2447 1815 2542 qui
1834 2459 1902 2520 tam
1919 2447 1965 2522 de

548 2571 639 2642 ferro
658 2591 766 2664 quam
787 2569 833 2642 da
852 2569 1004 2642 arcubus
1026 2579 1061 2642 et
1083 2569 1158 2642 aliis
1183 2569 1350 2666 operibus
1378 2569 1535 2643 laborant
1560 2570 1606 2643 ad
1634 2591 1722 2666 opus
1748 2581 1902 2644 nostrum
1927 2571 1963 2644 in

547 2692 680 2782 Melfia,
704 2693 854 2767 Canusio
882 2705 918 2766 et
946 2693 1110 2782 Luceria,
1135 2694 1197 2788 qui
1217 2717 1238 2766 a
1261 2695 1301 2766 T.
1324 2695 1369 2767 de
1393 2694 1590 2766 Brundusio
1616 2715 1788 2790 expensas
1810 2695 1963 2791 racipere

547 2827 819 2904 consueverunt,
841 2817 1035 2891 secuudum
1057 2815 1153 2912 quod
1173 2817 1312 2914 abipso
1334 2817 1561 2913 recipiebant,
1582 2817 1723 2891 easdem
1741 2839 1912 2913 expensas
1929 2829 1964 2891 et

547 2942 615 3016 alia
635 2941 828 3014 necessaria
849 2963 913 3036 pro
934 2940 1065 3014 eisdem
1084 2941 1236 3014 servitiis
1259 2941 1427 3014 faciendis
1446 2952 1480 3013 et
1499 2941 1734 3016 custodiendis
1756 2941 1963 3015 animalibus

545 3065 769 3160 supradictis,
790 3085 852 3160 pro
875 3086 932 3156 se,
959 3065 1157 3160 discipulis,
1182 3065 1341 3138 scutariis
1359 3075 1394 3138 et
1414 3065 1618 3160 equitaturis
1636 3087 1773 3159 eorum,
1793 3067 1883 3139 sicut
1899 3087 1963 3161 per

545 3188 676 3260 dictum
700 3189 739 3258 T.
762 3187 852 3259 soliti
878 3197 961 3259 sunt
979 3190 1148 3284 recipere,
1174 3185 1302 3262 debeas
1325 3187 1511 3281 exhibere,
1543 3200 1582 3261 ut
1607 3190 1713 3263 iidem
1735 3190 1770 3261 in
1799 3189 1962 3284 predictis

543 3311 693 3383 servitiis
716 3310 844 3382 nostris
860 3310 1026 3382 faciendis
1044 3310 1179 3384 defectu
1199 3333 1430 3407 expensarum
1445 3313 1704 3386 excusationem
1719 3313 1870 3407 aliquam
1888 3333 1958 3386 non

543 3433 766 3530 protendant,
786 3441 821 3504 et
836 3431 881 3506 de
894 3433 962 3504 biis
979 3455 1049 3529 que
1063 3433 1202 3506 dederis
1215 3435 1261 3507 ab
1278 3435 1363 3530 ipsis
1377 3435 1523 3530 recipias
1541 3435 1742 3532 apodixem.
1851 3446 1856 3454 ’

592 3557 718 3628 Datum
731 3557 892 3644 viterbii,
915 3557 994 3630 XXI
1011 3557 1192 3648 februarii,
1209 3557 1287 3630 Xlll
1307 3558 1517 3632 indictionis.

886 3851 931 3859 ιυ..
937 3852 1356 3865 ---—-—.—--.·----—-.
1363 3855 1552 3865 --—-.·--·-
1557 3855 1699 3865 ..ῃ--..-

347 4138 499 4242 ,mg
591 4123 814 4212 Mandatum
843 4126 893 4206 ad
907 4123 1156 4234 justitiarium
1179 4125 1317 4209 Terrae
1345 4123 1504 4209 Laboris
1526 4123 1576 4206 de
1605 4121 1831 4231 recipiendis
1857 4121 1955 4233 qui-

538 4255 703 4340 busdam
722 4255 871 4364 scriptis
891 4255 1136 4365 abepiscopo
1156 4257 1353 4342 Gaietan0.

619 4456 748 4538 (Rogat.
761 4455 866 4534 imper.
881 4453 1002 4519 moda.
1017 4457 1059 4534 11,
1073 4456 1124 4518 tol.
1141 4465 1179 4518 tt
1194 4472 1295 4532 uersa3
1309 4460 1343 4518 tn
1356 4458 1429 4519 edtt.
1444 4455 1584 4532 Curcum,
1598 4473 1629 4536 p.
1647 4453 1729 4535 ato.)

573 4684 610 4757 (t)
629 4683 704 4754 Quae
716 4683 771 4741 sint
785 4681 910 4740 ammalia
925 4681 970 4738 bis
984 4682 1096 4742 vocibus
1113 4698 1146 4740 ex
1162 4683 1267 4757 persica
1287 4683 1330 4740 rel
1348 4683 1457 4744 arabico
1476 4697 1602 4742 sernum
1616 4687 1648 4738 ut
1663 4681 1771 4740 videtur
1786 4676 1952 4754 depromptis

533 4779 672 4853 designata
680 4795 734 4838 uon
748 4778 828 4853 plana
839 4777 950 4838 admus.
960 4777 1082 4837 Forsitan
1094 4777 1295 4852 intelligendum
1306 4780 1341 4838 da
1354 4779 1397 4838 bis
1409 4795 1480 4854 quae
1490 4779 1585 4854 gallica
1593 4793 1722 4839 vocamus
1733 4793 1796 4836 caut
1804 4775 1946 4850 ethaeros.
