<?xml version="1.0" encoding="UTF-8"?>
<!DOCTYPE html PUBLIC "-//W3C//DTD XHTML 1.0 Transitional//EN"
    "http://www.w3.org/TR/xhtml1/DTD/xhtml1-transitional.dtd">
<html xmlns="http://www.w3.org/1999/xhtml" xml:lang="en" lang="en">
 <head>
  <title>
</title>
<meta http-equiv="Content-Type" content="text/html;charset=utf-8" />
  <meta name='ocr-system' content='tesseract 3.04.00' />
  <meta name='ocr-capabilities' content='ocr_page ocr_carea ocr_par ocr_line ocrx_word'/>
</head>
<body>
  <div class='ocr_page' id='page_1' title='image "./historiadiploma01fredgoog_0439.png"; bbox 0 0 4384 6004; ppageno 0'>
   <div class='ocr_carea' id='block_1_1' title="bbox 253 537 1670 626">
    <p class='ocr_par' dir='ltr' id='par_1_1' title="bbox 253 537 1670 626">
     <span class='ocr_line' id='line_1_1' title="bbox 253 537 1670 626; baseline -0.005 -21"><span class='ocrx_word' id='word_1_1' title='bbox 253 545 351 605; x_wconf 82' lang='grc'><strong>1616161.</strong></span> <span class='ocrx_word' id='word_1_2' title='bbox 378 541 438 626; x_wconf 71' lang='lat' dir='ltr'>lt]</span> <span class='ocrx_word' id='word_1_3' title='bbox 706 541 904 604; x_wconf 76' lang='lat' dir='ltr'>HISTORIA</span> <span class='ocrx_word' id='word_1_4' title='bbox 931 537 1224 602; x_wconf 73' lang='lat' dir='ltr'>olstottnrlcs.</span> <span class='ocrx_word' id='word_1_5' title='bbox 1592 538 1670 600; x_wconf 80' lang='lat'><strong>1073</strong></span> 
     </span>
    </p>
   </div>
   <div class='ocr_carea' id='block_1_2' title="bbox 250 671 1667 1141">
    <p class='ocr_par' dir='ltr' id='par_1_2' title="bbox 250 671 1667 1141">
     <span class='ocr_line' id='line_1_2' title="bbox 252 671 1667 774; baseline -0.005 -22"><span class='ocrx_word' id='word_1_6' title='bbox 252 701 337 774; x_wconf 89' lang='lat' dir='ltr'>pore</span> <span class='ocrx_word' id='word_1_7' title='bbox 358 701 422 752; x_wconf 91' lang='lat' dir='ltr'>vos</span> <span class='ocrx_word' id='word_1_8' title='bbox 447 701 467 750; x_wconf 93' lang='grc'>6</span> <span class='ocrx_word' id='word_1_9' title='bbox 494 677 677 750; x_wconf 87' lang='lat' dir='ltr'>nostriset</span> <span class='ocrx_word' id='word_1_10' title='bbox 702 678 836 772; x_wconf 91' lang='lat' dir='ltr'>imperii</span> <span class='ocrx_word' id='word_1_11' title='bbox 859 677 1013 750; x_wconf 91' lang='lat' dir='ltr'>dominio</span> <span class='ocrx_word' id='word_1_12' title='bbox 1039 687 1073 747; x_wconf 91' lang='lat' dir='ltr'>et</span> <span class='ocrx_word' id='word_1_13' title='bbox 1094 671 1256 746; x_wconf 90' lang='lat' dir='ltr'>manibus</span> <span class='ocrx_word' id='word_1_14' title='bbox 1282 671 1424 744; x_wconf 78' lang='lat' dir='ltr'>alienari</span> <span class='ocrx_word' id='word_1_15' title='bbox 1450 672 1506 744; x_wconf 89' lang='lat' dir='ltr'>vei</span> <span class='ocrx_word' id='word_1_16' title='bbox 1532 672 1667 745; x_wconf 82' lang='lat' dir='ltr'>extrahi</span> 
     </span>
     <span class='ocr_line' id='line_1_3' title="bbox 250 794 1665 898; baseline -0.004 -22"><span class='ocrx_word' id='word_1_17' title='bbox 250 802 513 898; x_wconf 81' lang='lat' dir='ltr'><strong>permittemus,</strong></span> <span class='ocrx_word' id='word_1_18' title='bbox 547 801 669 874; x_wconf 91' lang='lat' dir='ltr'>dantes</span> <span class='ocrx_word' id='word_1_19' title='bbox 694 801 795 874; x_wconf 89' lang='lat' dir='ltr'>vohis</span> <span class='ocrx_word' id='word_1_20' title='bbox 824 800 1064 874; x_wconf 80' lang='lat' dir='ltr'>certitudinem</span> <span class='ocrx_word' id='word_1_21' title='bbox 1093 797 1203 892; x_wconf 80' lang='lat' dir='ltr'>gretie</span> <span class='ocrx_word' id='word_1_22' title='bbox 1229 805 1262 869; x_wconf 90' lang='lat' dir='ltr'>et</span> <span class='ocrx_word' id='word_1_23' title='bbox 1291 794 1439 886; x_wconf 83' lang='lat' dir='ltr'>favoris,</span> <span class='ocrx_word' id='word_1_24' title='bbox 1472 818 1577 890; x_wconf 91' lang='lat' dir='ltr'>quarn</span> <span class='ocrx_word' id='word_1_25' title='bbox 1603 798 1665 871; x_wconf 90' lang='lat' dir='ltr'>be·</span> 
     </span>
     <span class='ocr_line' id='line_1_4' title="bbox 251 918 1667 1020; baseline -0.003 -24"><span class='ocrx_word' id='word_1_26' title='bbox 251 927 381 1020; x_wconf 80' lang='lat' dir='ltr'>nignus</span> <span class='ocrx_word' id='word_1_27' title='bbox 412 924 575 999; x_wconf 91' lang='lat' dir='ltr'>dominus</span> <span class='ocrx_word' id='word_1_28' title='bbox 606 923 784 998; x_wconf 85' lang='lat' dir='ltr'>effundere</span> <span class='ocrx_word' id='word_1_29' title='bbox 814 925 917 998; x_wconf 91' lang='lat' dir='ltr'>debet</span> <span class='ocrx_word' id='word_1_30' title='bbox 940 923 986 996; x_wconf 88' lang='lat' dir='ltr'>ad</span> <span class='ocrx_word' id='word_1_31' title='bbox 1016 921 1173 995; x_wconf 88' lang='lat' dir='ltr'>subditos</span> <span class='ocrx_word' id='word_1_32' title='bbox 1198 929 1233 993; x_wconf 93' lang='grc'>61</span> <span class='ocrx_word' id='word_1_33' title='bbox 1261 918 1404 1007; x_wconf 83' lang='lat' dir='ltr'>fideles,</span> <span class='ocrx_word' id='word_1_34' title='bbox 1432 927 1466 992; x_wconf 90' lang='lat' dir='ltr'>et</span> <span class='ocrx_word' id='word_1_35' title='bbox 1487 941 1550 992; x_wconf 89' lang='lat' dir='ltr'>vos</span> <span class='ocrx_word' id='word_1_36' title='bbox 1576 943 1667 1014; x_wconf 81' lang='lat' dir='ltr'>gau-</span> 
     </span>
     <span class='ocr_line' id='line_1_5' title="bbox 251 1043 1667 1141; baseline -0.004 -18"><span class='ocrx_word' id='word_1_37' title='bbox 251 1049 362 1123; x_wconf 89' lang='lat' dir='ltr'>deatis</span> <span class='ocrx_word' id='word_1_38' title='bbox 389 1050 425 1120; x_wconf 91' lang='lat' dir='ltr'>in</span> <span class='ocrx_word' id='word_1_39' title='bbox 450 1049 613 1122; x_wconf 91' lang='lat' dir='ltr'>omnibus</span> <span class='ocrx_word' id='word_1_40' title='bbox 642 1048 1050 1141; x_wconf 81' lang='grc'><strong>666666166,1666666(16</strong></span> <span class='ocrx_word' id='word_1_41' title='bbox 1074 1048 1110 1118; x_wconf 95' lang='lat' dir='ltr'>in</span> <span class='ocrx_word' id='word_1_42' title='bbox 1140 1047 1258 1122; x_wconf 84' lang='lat' dir='ltr'>nostra</span> <span class='ocrx_word' id='word_1_43' title='bbox 1279 1043 1442 1118; x_wconf 84' lang='lat' dir='ltr'>fidelitate</span> <span class='ocrx_word' id='word_1_44' title='bbox 1464 1056 1497 1116; x_wconf 92' lang='lat' dir='ltr'>et</span> <span class='ocrx_word' id='word_1_45' title='bbox 1518 1045 1667 1118; x_wconf 90' lang='lat' dir='ltr'>servitiis</span> 
     </span>
    </p>
   </div>
   <div class='ocr_carea' id='block_1_3' title="bbox 249 1173 1662 1388">
    <p class='ocr_par' dir='ltr' id='par_1_3' title="bbox 249 1173 1662 1388">
     <span class='ocr_line' id='line_1_6' title="bbox 249 1173 430 1246; baseline -0.011 0"><span class='ocrx_word' id='word_1_46' title='bbox 249 1173 430 1246; x_wconf 88' lang='lat' dir='ltr'>maneatis.</span> 
     </span>
     <span class='ocr_line' id='line_1_7' title="bbox 296 1293 1662 1388; baseline -0.003 -20"><span class='ocrx_word' id='word_1_47' title='bbox 296 1297 423 1369; x_wconf 86' lang='lat' dir='ltr'>Datum</span> <span class='ocrx_word' id='word_1_48' title='bbox 436 1296 472 1367; x_wconf 94' lang='lat' dir='ltr'>in</span> <span class='ocrx_word' id='word_1_49' title='bbox 491 1296 674 1369; x_wconf 80' lang='lat' dir='ltr'>obsidione</span> <span class='ocrx_word' id='word_1_50' title='bbox 689 1297 869 1388; x_wconf 86' lang='lat' dir='ltr'>Faventie,</span> <span class='ocrx_word' id='word_1_51' title='bbox 888 1317 980 1368; x_wconf 91' lang='lat' dir='ltr'>auno</span> <span class='ocrx_word' id='word_1_52' title='bbox 1002 1294 1139 1366; x_wconf 87' lang='lat' dir='ltr'>Domini</span> <span class='ocrx_word' id='word_1_53' title='bbox 1156 1293 1316 1384; x_wconf 88' lang='lat' dir='ltr'>MCCXL,</span> <span class='ocrx_word' id='word_1_54' title='bbox 1336 1313 1454 1365; x_wconf 92' lang='lat' dir='ltr'>mense</span> <span class='ocrx_word' id='word_1_55' title='bbox 1468 1293 1662 1386; x_wconf 82' lang='lat' dir='ltr'>decembri,</span> 
     </span>
    </p>
   </div>
   <div class='ocr_carea' id='block_1_4' title="bbox 247 1419 543 1493">
    <p class='ocr_par' dir='ltr' id='par_1_4' title="bbox 247 1419 543 1493">
     <span class='ocr_line' id='line_1_8' title="bbox 247 1419 543 1493; baseline -0.003 0"><span class='ocrx_word' id='word_1_56' title='bbox 247 1421 325 1493; x_wconf 86' lang='lat' dir='ltr'>XIV</span> <span class='ocrx_word' id='word_1_57' title='bbox 343 1419 543 1493; x_wconf 81' lang='lat' dir='ltr'>indictione.</span> 
     </span>
    </p>
   </div>
   <div class='ocr_carea' id='block_1_5' title="bbox 240 2069 1858 2844">
    <p class='ocr_par' dir='ltr' id='par_1_5' title="bbox 240 2069 1858 2844">
     <span class='ocr_line' id='line_1_9' title="bbox 298 2069 1858 2186; baseline -0.003 -30"><span class='ocrx_word' id='word_1_58' title='bbox 298 2074 483 2156; x_wconf 87' lang='lat' dir='ltr'>Henricus</span> <span class='ocrx_word' id='word_1_59' title='bbox 501 2075 549 2156; x_wconf 91' lang='lat' dir='ltr'>de</span> <span class='ocrx_word' id='word_1_60' title='bbox 567 2073 693 2156; x_wconf 85' lang='lat' dir='ltr'>Morre</span> <span class='ocrx_word' id='word_1_61' title='bbox 715 2097 879 2180; x_wconf 79' lang='lat' dir='ltr'>magnae</span> <span class='ocrx_word' id='word_1_62' title='bbox 904 2071 1111 2181; x_wconf 88' lang='lat' dir='ltr'>impericiis</span> <span class='ocrx_word' id='word_1_63' title='bbox 1129 2072 1256 2154; x_wconf 88' lang='lat' dir='ltr'>curiae</span> <span class='ocrx_word' id='word_1_64' title='bbox 1280 2071 1460 2180; x_wconf 85' lang='lat' dir='ltr'>magister</span> <span class='ocrx_word' id='word_1_65' title='bbox 1478 2069 1660 2180; x_wconf 85' lang='lat' dir='ltr'>justicie·</span> <span class='ocrx_word' id='word_1_66' title='bbox 1707 2081 1858 2186; x_wconf 57' lang='lat' dir='ltr'>ppggfflgp</span> 
     </span>
     <span class='ocr_line' id='line_1_10' title="bbox 244 2189 1853 2316; baseline -0.001 -29"><span class='ocrx_word' id='word_1_67' title='bbox 244 2207 341 2312; x_wconf 90' lang='lat' dir='ltr'>rius,</span> <span class='ocrx_word' id='word_1_68' title='bbox 357 2210 488 2316; x_wconf 84' lang='lat' dir='ltr'>vigore</span> <span class='ocrx_word' id='word_1_69' title='bbox 505 2206 677 2288; x_wconf 86' lang='lat' dir='ltr'>mundati</span> <span class='ocrx_word' id='word_1_70' title='bbox 696 2205 903 2314; x_wconf 86' lang='lat' dir='ltr'>imperialis</span> <span class='ocrx_word' id='word_1_71' title='bbox 921 2205 1031 2314; x_wconf 87' lang='lat' dir='ltr'>cujus</span> <span class='ocrx_word' id='word_1_72' title='bbox 1050 2215 1160 2287; x_wconf 90' lang='lat' dir='ltr'>tenor</span> <span class='ocrx_word' id='word_1_73' title='bbox 1178 2203 1370 2306; x_wconf 89' lang='lat' dir='ltr'>inseritur,</span> <span class='ocrx_word' id='word_1_74' title='bbox 1388 2215 1473 2312; x_wconf 91' lang='lat' dir='ltr'>post</span> <span class='ocrx_word' id='word_1_75' title='bbox 1490 2205 1661 2312; x_wconf 90' lang='lat' dir='ltr'>inquisi-</span> <span class='ocrx_word' id='word_1_76' title='bbox 1710 2189 1853 2244; x_wconf 62' lang='lat'>¹⁶²⁰⁶¹²¹⁵¹¹⁰</span> 
     </span>
     <span class='ocr_line' id='line_1_11' title="bbox 243 2336 1656 2448; baseline 0 -28"><span class='ocrx_word' id='word_1_77' title='bbox 243 2339 388 2423; x_wconf 89' lang='lat' dir='ltr'>tionem</span> <span class='ocrx_word' id='word_1_78' title='bbox 416 2366 439 2420; x_wconf 89' lang='grc'>6</span> <span class='ocrx_word' id='word_1_79' title='bbox 462 2339 674 2448; x_wconf 86' lang='lat' dir='ltr'>justiciario</span> <span class='ocrx_word' id='word_1_80' title='bbox 702 2338 942 2446; x_wconf 89' lang='lat' dir='ltr'>Principatus</span> <span class='ocrx_word' id='word_1_81' title='bbox 971 2347 1009 2420; x_wconf 92' lang='lat' dir='ltr'>et</span> <span class='ocrx_word' id='word_1_82' title='bbox 1032 2347 1154 2420; x_wconf 87' lang='grc'><strong>166666</strong></span> <span class='ocrx_word' id='word_1_83' title='bbox 1180 2336 1465 2419; x_wconf 81' lang='lat' dir='ltr'>Beneventanae</span> <span class='ocrx_word' id='word_1_84' title='bbox 1498 2337 1656 2441; x_wconf 83' lang='lat' dir='ltr'>iactam,</span> 
     </span>
     <span class='ocr_line' id='line_1_12' title="bbox 240 2469 1660 2579; baseline -0.001 -25"><span class='ocrx_word' id='word_1_85' title='bbox 240 2471 424 2554; x_wconf 84' lang='lat' dir='ltr'>iacobum</span> <span class='ocrx_word' id='word_1_86' title='bbox 452 2473 501 2554; x_wconf 90' lang='lat' dir='ltr'>de</span> <span class='ocrx_word' id='word_1_87' title='bbox 533 2471 722 2554; x_wconf 90' lang='lat' dir='ltr'>Tricarico</span> <span class='ocrx_word' id='word_1_88' title='bbox 750 2471 799 2554; x_wconf 85' lang='lat' dir='ltr'>ab</span> <span class='ocrx_word' id='word_1_89' title='bbox 824 2470 1059 2579; x_wconf 88' lang='lat' dir='ltr'>impetitione</span> <span class='ocrx_word' id='word_1_90' title='bbox 1084 2469 1286 2552; x_wconf 91' lang='lat' dir='ltr'>hominum</span> <span class='ocrx_word' id='word_1_91' title='bbox 1317 2471 1514 2578; x_wconf 86' lang='lat' dir='ltr'>quondam</span> <span class='ocrx_word' id='word_1_92' title='bbox 1542 2471 1660 2579; x_wconf 87' lang='lat' dir='ltr'>patris</span> 
     </span>
     <span class='ocr_line' id='line_1_13' title="bbox 242 2600 1659 2710; baseline 0.001 -26"><span class='ocrx_word' id='word_1_93' title='bbox 242 2601 323 2710; x_wconf 89' lang='lat' dir='ltr'>sui,</span> <span class='ocrx_word' id='word_1_94' title='bbox 349 2603 487 2684; x_wconf 88' lang='lat' dir='ltr'>casalis</span> <span class='ocrx_word' id='word_1_95' title='bbox 516 2601 658 2684; x_wconf 87' lang='lat' dir='ltr'>scilicet</span> <span class='ocrx_word' id='word_1_96' title='bbox 686 2600 879 2709; x_wconf 86' lang='lat' dir='ltr'>Soioirae,</span> <span class='ocrx_word' id='word_1_97' title='bbox 904 2601 1068 2685; x_wconf 90' lang='lat' dir='ltr'>liberum</span> <span class='ocrx_word' id='word_1_98' title='bbox 1091 2601 1259 2684; x_wconf 88' lang='lat' dir='ltr'>declaret</span> <span class='ocrx_word' id='word_1_99' title='bbox 1282 2626 1396 2710; x_wconf 91' lang='lat' dir='ltr'>super</span> <span class='ocrx_word' id='word_1_100' title='bbox 1422 2603 1659 2710; x_wconf 88' lang='lat' dir='ltr'>possessione</span> 
     </span>
     <span class='ocr_line' id='line_1_14' title="bbox 240 2734 583 2844; baseline 0 -28"><span class='ocrx_word' id='word_1_101' title='bbox 240 2734 380 2818; x_wconf 88' lang='lat' dir='ltr'>casalis</span> <span class='ocrx_word' id='word_1_102' title='bbox 398 2734 583 2844; x_wconf 88' lang='lat' dir='ltr'>ejusdem.</span> 
     </span>
    </p>
   </div>
   <div class='ocr_carea' id='block_1_6' title="bbox 322 2935 1656 3267">
    <p class='ocr_par' dir='ltr' id='par_1_6' title="bbox 322 2935 1656 3267">
     <span class='ocr_line' id='line_1_15' title="bbox 322 2935 1656 3058; baseline 0.001 -19"><span class='ocrx_word' id='word_1_103' title='bbox 322 2978 418 3058; x_wconf 80' lang='lat' dir='ltr'>(Ddid</span> <span class='ocrx_word' id='word_1_104' title='bbox 436 2978 538 3039; x_wconf 75' lang='lat' dir='ltr'>Giano</span> <span class='ocrx_word' id='word_1_105' title='bbox 549 2935 697 3051; x_wconf 68' lang='lat' dir='ltr'>Priscum,</span> <span class='ocrx_word' id='word_1_106' title='bbox 707 2977 788 3039; x_wconf 86' lang='lat' dir='ltr'>Stor.</span> <span class='ocrx_word' id='word_1_107' title='bbox 804 2978 855 3038; x_wconf 83' lang='lat' dir='ltr'>cio.</span> <span class='ocrx_word' id='word_1_108' title='bbox 873 2995 888 3038; x_wconf 81' lang='grc' dir='ltr'><strong><em>ι</em></strong></span> <span class='ocrx_word' id='word_1_109' title='bbox 897 2973 1010 3056; x_wconf 78' lang='lat' dir='ltr'>politic.</span> <span class='ocrx_word' id='word_1_110' title='bbox 1023 2973 1071 3035; x_wconf 82' lang='lat' dir='ltr'>dci</span> <span class='ocrx_word' id='word_1_111' title='bbox 1082 2991 1165 3056; x_wconf 77' lang='lat' dir='ltr'>rapat.</span> <span class='ocrx_word' id='word_1_112' title='bbox 1181 2973 1213 3034; x_wconf 84' lang='lat' dir='ltr'>di</span> <span class='ocrx_word' id='word_1_113' title='bbox 1225 2971 1348 3054; x_wconf 84' lang='lat' dir='ltr'>Napoli,</span> <span class='ocrx_word' id='word_1_114' title='bbox 1364 2975 1416 3036; x_wconf 91' lang='lat' dir='ltr'>iib.</span> <span class='ocrx_word' id='word_1_115' title='bbox 1431 2977 1472 3050; x_wconf 89' lang='lat'>11,</span> <span class='ocrx_word' id='word_1_116' title='bbox 1488 2995 1518 3056; x_wconf 91' lang='lat' dir='ltr'>p.</span> <span class='ocrx_word' id='word_1_117' title='bbox 1538 2987 1607 3056; x_wconf 81' lang='grc'><strong>119,</strong></span> <span class='ocrx_word' id='word_1_118' title='bbox 1618 2997 1656 3040; x_wconf 83' lang='lat' dir='ltr'>ex</span> 
     </span>
     <span class='ocr_line' id='line_1_16' title="bbox 360 3083 1654 3163; baseline 0 -17"><span class='ocrx_word' id='word_1_119' title='bbox 360 3085 498 3163; x_wconf 77' lang='lat' dir='ltr'>originali</span> <span class='ocrx_word' id='word_1_120' title='bbox 509 3087 541 3143; x_wconf 93' lang='lat' dir='ltr'>in</span> <span class='ocrx_word' id='word_1_121' title='bbox 554 3083 677 3144; x_wconf 90' lang='lat' dir='ltr'>archivo</span> <span class='ocrx_word' id='word_1_122' title='bbox 691 3101 752 3161; x_wconf 84' lang='lat' dir='ltr'>reg.</span> <span class='ocrx_word' id='word_1_123' title='bbox 768 3083 976 3160; x_wconf 81' lang='lat' dir='ltr'>Neapolitano,</span> <span class='ocrx_word' id='word_1_124' title='bbox 998 3083 1050 3144; x_wconf 88' lang='lat' dir='ltr'>ubi</span> <span class='ocrx_word' id='word_1_125' title='bbox 1066 3087 1180 3158; x_wconf 80' lang='lat' dir='ltr'>purtem</span> <span class='ocrx_word' id='word_1_126' title='bbox 1199 3085 1360 3160; x_wconf 80' lang='lat' dir='ltr'>scripturae</span> <span class='ocrx_word' id='word_1_127' title='bbox 1379 3085 1458 3145; x_wconf 86' lang='grc'><strong>61666</strong></span> <span class='ocrx_word' id='word_1_128' title='bbox 1478 3100 1561 3146; x_wconf 86' lang='grc'><strong>66661</strong></span> <span class='ocrx_word' id='word_1_129' title='bbox 1581 3085 1654 3146; x_wconf 74' lang='grc'><strong>161-</strong></span> 
     </span>
     <span class='ocr_line' id='line_1_17' title="bbox 359 3187 1348 3267; baseline -0.001 -15"><span class='ocrx_word' id='word_1_130' title='bbox 359 3198 436 3252; x_wconf 76' lang='lat' dir='ltr'>uam</span> <span class='ocrx_word' id='word_1_131' title='bbox 449 3193 572 3250; x_wconf 86' lang='lat' dir='ltr'>omnmo</span> <span class='ocrx_word' id='word_1_132' title='bbox 590 3190 700 3250; x_wconf 85' lang='lat' dir='ltr'>lassam</span> <span class='ocrx_word' id='word_1_133' title='bbox 714 3195 744 3249; x_wconf 91' lang='lat' dir='ltr'>et</span> <span class='ocrx_word' id='word_1_134' title='bbox 756 3189 884 3250; x_wconf 87' lang='lat' dir='ltr'>deletam</span> <span class='ocrx_word' id='word_1_135' title='bbox 899 3189 1017 3267; x_wconf 84' lang='lat' dir='ltr'>puncds</span> <span class='ocrx_word' id='word_1_136' title='bbox 1029 3188 1138 3250; x_wconf 86' lang='lat' dir='ltr'>additis</span> <span class='ocrx_word' id='word_1_137' title='bbox 1151 3187 1348 3267; x_wconf 81' lang='lat' dir='ltr'>supplemus.)</span> 
     </span>
    </p>
   </div>
   <div class='ocr_carea' id='block_1_7' title="bbox 234 3395 1703 4731">
    <p class='ocr_par' dir='ltr' id='par_1_7' title="bbox 234 3395 1703 4731">
     <span class='ocr_line' id='line_1_18' title="bbox 287 3395 1654 3490; baseline 0.006 -22"><span class='ocrx_word' id='word_1_138' title='bbox 287 3395 326 3468; x_wconf 93' lang='lat' dir='ltr'>ln</span> <span class='ocrx_word' id='word_1_139' title='bbox 344 3398 483 3470; x_wconf 87' lang='lat' dir='ltr'>nomine</span> <span class='ocrx_word' id='word_1_140' title='bbox 497 3397 635 3470; x_wconf 89' lang='lat' dir='ltr'>Domini</span> <span class='ocrx_word' id='word_1_141' title='bbox 653 3398 712 3470; x_wconf 92' lang='lat' dir='ltr'>Dei</span> <span class='ocrx_word' id='word_1_142' title='bbox 729 3397 839 3470; x_wconf 90' lang='lat' dir='ltr'>eterni</span> <span class='ocrx_word' id='word_1_143' title='bbox 859 3407 893 3469; x_wconf 89' lang='grc'>61</span> <span class='ocrx_word' id='word_1_144' title='bbox 909 3397 1096 3472; x_wconf 90' lang='lat' dir='ltr'>Salvatoris</span> <span class='ocrx_word' id='word_1_145' title='bbox 1111 3398 1220 3470; x_wconf 93' lang='lat' dir='ltr'>nostri</span> <span class='ocrx_word' id='word_1_146' title='bbox 1232 3399 1336 3472; x_wconf 86' lang='lat' dir='ltr'>Jiresu</span> <span class='ocrx_word' id='word_1_147' title='bbox 1351 3398 1487 3490; x_wconf 88' lang='lat' dir='ltr'>Christi,</span> <span class='ocrx_word' id='word_1_148' title='bbox 1498 3423 1591 3476; x_wconf 83' lang='lat' dir='ltr'>anno</span> <span class='ocrx_word' id='word_1_149' title='bbox 1609 3403 1654 3476; x_wconf 88' lang='lat' dir='ltr'>ab</span> 
     </span>
     <span class='ocr_line' id='line_1_19' title="bbox 237 3517 1650 3612; baseline 0.006 -24"><span class='ocrx_word' id='word_1_150' title='bbox 237 3517 474 3591; x_wconf 79' lang='lat' dir='ltr'>incarnatione</span> <span class='ocrx_word' id='word_1_151' title='bbox 494 3521 572 3612; x_wconf 83' lang='lat' dir='ltr'>ejus</span> <span class='ocrx_word' id='word_1_152' title='bbox 594 3519 775 3592; x_wconf 87' lang='lat' dir='ltr'>millesimo</span> <span class='ocrx_word' id='word_1_153' title='bbox 779 3573 1650 3598; x_wconf 86' lang='grc'><strong>......................</strong></span> 
     </span>
     <span class='ocr_line' id='line_1_20' title="bbox 240 3641 1654 3743; baseline 0.007 -30"><span class='ocrx_word' id='word_1_154' title='bbox 240 3695 492 3713; x_wconf 94' lang='grc'><strong>.......</strong></span> <span class='ocrx_word' id='word_1_155' title='bbox 512 3641 729 3734; x_wconf 89' lang='lat' dir='ltr'>indictionis,</span> <span class='ocrx_word' id='word_1_156' title='bbox 751 3645 942 3738; x_wconf 90' lang='lat' dir='ltr'>imperante</span> <span class='ocrx_word' id='word_1_157' title='bbox 960 3643 1103 3717; x_wconf 90' lang='lat' dir='ltr'>domino</span> <span class='ocrx_word' id='word_1_158' title='bbox 1123 3655 1238 3718; x_wconf 92' lang='lat' dir='ltr'>nostro</span> <span class='ocrx_word' id='word_1_159' title='bbox 1254 3645 1444 3739; x_wconf 85' lang='lat' dir='ltr'>Friderico,</span> <span class='ocrx_word' id='word_1_160' title='bbox 1463 3649 1525 3720; x_wconf 91' lang='lat' dir='ltr'>Dei</span> <span class='ocrx_word' id='word_1_161' title='bbox 1544 3651 1654 3743; x_wconf 81' lang='lat' dir='ltr'>gratia</span> 
     </span>
     <span class='ocr_line' id='line_1_21' title="bbox 236 3765 1649 3864; baseline 0.007 -28"><span class='ocrx_word' id='word_1_162' title='bbox 236 3765 461 3838; x_wconf 88' lang='lat' dir='ltr'>invictissimo</span> <span class='ocrx_word' id='word_1_163' title='bbox 474 3767 705 3840; x_wconf 86' lang='lat' dir='ltr'>Romanorum</span> <span class='ocrx_word' id='word_1_164' title='bbox 725 3767 930 3862; x_wconf 90' lang='lat' dir='ltr'>imperatore</span> <span class='ocrx_word' id='word_1_165' title='bbox 948 3789 1083 3864; x_wconf 91' lang='lat' dir='ltr'>semper</span> <span class='ocrx_word' id='word_1_166' title='bbox 1105 3778 1256 3860; x_wconf 78' lang='lat' dir='ltr'>augusto</span> <span class='ocrx_word' id='word_1_167' title='bbox 1260 3823 1649 3846; x_wconf 92' lang='grc'><strong>..........</strong></span> 
     </span>
     <span class='ocr_line' id='line_1_22' title="bbox 239 3891 1649 3988; baseline 0.006 -30"><span class='ocrx_word' id='word_1_168' title='bbox 239 3944 248 3960; x_wconf 92' lang='grc'><strong>.</strong></span> <span class='ocrx_word' id='word_1_169' title='bbox 280 3943 288 3960; x_wconf 94' lang='grc'><strong>.</strong></span> <span class='ocrx_word' id='word_1_170' title='bbox 321 3943 329 3962; x_wconf 93' lang='grc'><strong>.</strong></span> <span class='ocrx_word' id='word_1_171' title='bbox 361 3943 377 3962; x_wconf 13' lang='grc'>,6</span> <span class='ocrx_word' id='word_1_172' title='bbox 403 3943 859 3962; x_wconf 88' lang='grc'><strong>............</strong></span> <span class='ocrx_word' id='word_1_173' title='bbox 882 3892 979 3984; x_wconf 81' lang='lat' dir='ltr'>regni</span> <span class='ocrx_word' id='word_1_174' title='bbox 996 3913 1080 3964; x_wconf 90' lang='lat' dir='ltr'>vero</span> <span class='ocrx_word' id='word_1_175' title='bbox 1103 3891 1219 3964; x_wconf 92' lang='lat' dir='ltr'>Sicilie</span> <span class='ocrx_word' id='word_1_176' title='bbox 1243 3892 1508 3988; x_wconf 80' lang='lat' dir='ltr'>quadragesimo</span> <span class='ocrx_word' id='word_1_177' title='bbox 1532 3898 1649 3985; x_wconf 88' lang='lat' dir='ltr'>tertio,</span> 
     </span>
     <span class='ocr_line' id='line_1_23' title="bbox 236 4013 1648 4112; baseline 0.006 -28"><span class='ocrx_word' id='word_1_178' title='bbox 236 4013 398 4103; x_wconf 78' lang='lat' dir='ltr'>feliciter,</span> <span class='ocrx_word' id='word_1_179' title='bbox 418 4035 531 4087; x_wconf 87' lang='lat' dir='ltr'>amen.</span> <span class='ocrx_word' id='word_1_180' title='bbox 545 4015 637 4086; x_wconf 90' lang='lat' dir='ltr'>Dum</span> <span class='ocrx_word' id='word_1_181' title='bbox 654 4035 718 4086; x_wconf 91' lang='lat' dir='ltr'>uos</span> <span class='ocrx_word' id='word_1_182' title='bbox 731 4015 900 4087; x_wconf 83' lang='lat' dir='ltr'>Deuricus</span> <span class='ocrx_word' id='word_1_183' title='bbox 914 4015 960 4088; x_wconf 90' lang='lat' dir='ltr'>de</span> <span class='ocrx_word' id='word_1_184' title='bbox 978 4015 1089 4089; x_wconf 91' lang='lat' dir='ltr'>iilorra</span> <span class='ocrx_word' id='word_1_185' title='bbox 1103 4037 1229 4110; x_wconf 81' lang='lat' dir='ltr'>magne</span> <span class='ocrx_word' id='word_1_186' title='bbox 1245 4017 1431 4112; x_wconf 87' lang='lat' dir='ltr'>imperialis</span> <span class='ocrx_word' id='word_1_187' title='bbox 1433 4071 1648 4093; x_wconf 91' lang='grc'><strong>......</strong></span> 
     </span>
     <span class='ocr_line' id='line_1_24' title="bbox 237 4113 1703 4235; baseline 0.006 -29"><span class='ocrx_word' id='word_1_188' title='bbox 237 4189 1021 4210; x_wconf 89' lang='grc'><strong>....................</strong></span> <span class='ocrx_word' id='word_1_189' title='bbox 1046 4139 1202 4231; x_wconf 91' lang='lat' dir='ltr'>ejusdem</span> <span class='ocrx_word' id='word_1_190' title='bbox 1224 4161 1350 4234; x_wconf 83' lang='lat' dir='ltr'>magne</span> <span class='ocrx_word' id='word_1_191' title='bbox 1370 4141 1466 4214; x_wconf 91' lang='lat' dir='ltr'>curie</span> <span class='ocrx_word' id='word_1_192' title='bbox 1486 4143 1605 4235; x_wconf 88' lang='lat' dir='ltr'>judice</span> <span class='ocrx_word' id='word_1_193' title='bbox 1628 4168 1649 4217; x_wconf 83' lang='lat' dir='ltr'><strong>a</strong></span> <span class='ocrx_word' id='word_1_194' title='bbox 1699 4113 1703 4124; x_wconf 51' lang='grc'><strong>’</strong></span> 
     </span>
     <span class='ocr_line' id='line_1_25' title="bbox 235 4262 1644 4360; baseline 0.004 -26"><span class='ocrx_word' id='word_1_195' title='bbox 235 4262 375 4336; x_wconf 94' lang='lat' dir='ltr'>domino</span> <span class='ocrx_word' id='word_1_196' title='bbox 395 4271 511 4336; x_wconf 92' lang='lat' dir='ltr'>nostro</span> <span class='ocrx_word' id='word_1_197' title='bbox 530 4264 750 4337; x_wconf 91' lang='lat' dir='ltr'>serenissimo</span> <span class='ocrx_word' id='word_1_198' title='bbox 765 4264 972 4360; x_wconf 88' lang='lat' dir='ltr'>imperatore</span> <span class='ocrx_word' id='word_1_199' title='bbox 997 4264 1191 4360; x_wconf 87' lang='lat' dir='ltr'>recepimus</span> <span class='ocrx_word' id='word_1_200' title='bbox 1210 4266 1344 4338; x_wconf 83' lang='grc'><strong>11616666</strong></span> <span class='ocrx_word' id='word_1_201' title='bbox 1367 4265 1403 4337; x_wconf 91' lang='grc'>16</span> <span class='ocrx_word' id='word_1_202' title='bbox 1426 4265 1491 4339; x_wconf 89' lang='lat' dir='ltr'>hac</span> <span class='ocrx_word' id='word_1_203' title='bbox 1510 4268 1644 4340; x_wconf 86' lang='lat' dir='ltr'>iorma:</span> 
     </span>
     <span class='ocr_line' id='line_1_26' title="bbox 234 4387 1645 4482; baseline 0.004 -24"><span class='ocrx_word' id='word_1_204' title='bbox 234 4387 286 4458; x_wconf 83' lang='lat' dir='ltr'>Fr.</span> <span class='ocrx_word' id='word_1_205' title='bbox 312 4387 415 4482; x_wconf 80' lang='lat' dir='ltr'>Deig</span> <span class='ocrx_word' id='word_1_206' title='bbox 417 4440 1529 4462; x_wconf 90' lang='grc'><strong>............................</strong></span> <span class='ocrx_word' id='word_1_207' title='bbox 1554 4390 1645 4464; x_wconf 86' lang='lat' dir='ltr'>fideii</span> 
     </span>
     <span class='ocr_line' id='line_1_27' title="bbox 234 4511 1647 4610; baseline 0.005 -28"><span class='ocrx_word' id='word_1_208' title='bbox 234 4532 297 4584; x_wconf 92' lang='lat' dir='ltr'>suo</span> <span class='ocrx_word' id='word_1_209' title='bbox 312 4511 456 4604; x_wconf 82' lang='lat' dir='ltr'>gratiam</span> <span class='ocrx_word' id='word_1_210' title='bbox 472 4533 569 4584; x_wconf 90' lang='lat' dir='ltr'>suam</span> <span class='ocrx_word' id='word_1_211' title='bbox 584 4521 619 4584; x_wconf 92' lang='lat' dir='ltr'>et</span> <span class='ocrx_word' id='word_1_212' title='bbox 632 4512 761 4584; x_wconf 92' lang='lat' dir='ltr'>bonam</span> <span class='ocrx_word' id='word_1_213' title='bbox 775 4513 1000 4586; x_wconf 83' lang='lat' dir='ltr'>voluntatem.</span> <span class='ocrx_word' id='word_1_214' title='bbox 1019 4512 1197 4586; x_wconf 86' lang='lat' dir='ltr'>Accedens</span> <span class='ocrx_word' id='word_1_215' title='bbox 1212 4514 1257 4588; x_wconf 91' lang='lat' dir='ltr'>ad</span> <span class='ocrx_word' id='word_1_216' title='bbox 1275 4515 1482 4610; x_wconf 83' lang='lat' dir='ltr'>presentiam</span> <span class='ocrx_word' id='word_1_217' title='bbox 1497 4526 1647 4590; x_wconf 89' lang='lat' dir='ltr'>nostram</span> 
     </span>
     <span class='ocr_line' id='line_1_28' title="bbox 234 4635 1643 4731; baseline 0.003 -24"><span class='ocrx_word' id='word_1_218' title='bbox 234 4635 383 4708; x_wconf 76' lang='lat' dir='ltr'>lacobus</span> <span class='ocrx_word' id='word_1_219' title='bbox 399 4635 443 4708; x_wconf 89' lang='lat' dir='ltr'>de</span> <span class='ocrx_word' id='word_1_220' title='bbox 462 4635 633 4708; x_wconf 88' lang='lat' dir='ltr'>Tricarico</span> <span class='ocrx_word' id='word_1_221' title='bbox 652 4637 738 4708; x_wconf 87' lang='lat' dir='ltr'>lator</span> <span class='ocrx_word' id='word_1_222' title='bbox 757 4638 970 4731; x_wconf 86' lang='lat' dir='ltr'>presentium</span> <span class='ocrx_word' id='word_1_223' title='bbox 990 4635 1123 4711; x_wconf 77' lang='lat' dir='ltr'>fidelis·</span> <span class='ocrx_word' id='word_1_224' title='bbox 1147 4691 1643 4712; x_wconf 93' lang='grc'><strong>.............</strong></span> 
     </span>
    </p>
   </div>
   <div class='ocr_carea' id='block_1_8' title="bbox 0 0 2196 6004">
    <p class='ocr_par' dir='ltr' id='par_1_8' title="bbox 0 0 2196 6004">
     <span class='ocr_line' id='line_1_29' title="bbox 0 0 2196 6004; baseline 0 8"><span class='ocrx_word' id='word_1_225' title='bbox 0 0 2196 6004; x_wconf 95' lang='lat' dir='ltr'> </span> 
     </span>
    </p>
   </div>
  </div>
 </body>
</html>
