4564 6038
558 665 637 728 1206
1083 666 1268 728 CONRlel
1293 668 1444 742 ouandi
1778 667 1860 748 [An.
1877 669 1962 730 lato.

555 797 777 906 primariam
799 797 1075 882 institutionem
1100 799 1150 883 ab
1175 802 1282 884 omni
1308 801 1503 885 advocatia
1531 800 1679 909 eximit,
1705 811 1860 909 excepto
1888 799 1964 882 solo

555 929 795 1038 imperatore.

638 1233 729 1312 (Edlt.
746 1250 795 1310 ap.
810 1230 950 1315 Priolftq.
966 1231 1152 1310 coeam„
1167 1241 1192 1296 t.
1207 1235 1255 1314 11,
1269 1251 1301 1313 p.
1311 1245 1342 1314 7,
1356 1243 1391 1296 n·
1405 1237 1704 1308 sla-demam
1714 1235 1824 1296 dour.
1834 1234 1962 1298 nmmo.

676 1335 911 1418 diplom.,t.11,
929 1357 961 1418 p.
984 1350 1060 1416 108,
1078 1350 1113 1401 n⁰
1132 1349 1179 1402 12.
1197 1371 1238 1388 -
1256 1343 1487 1419 Feminarum,
1509 1339 1579 1403 God.
1599 1337 1718 1421 diprlou.
1739 1343 1834 1422 mttq.
1856 1340 1961 1422 Nordo.

675 1452 699 1506 t.
715 1445 769 1520 IV,
785 1462 816 1523 p.
834 1455 1003 1526 ⁵1,n⁰ao,
1022 1455 1053 1508 et
1069 1450 1102 1508 ln
1118 1448 1252 1526 ejusdam
1274 1446 1659 1520 amensamens,
1674 1465 1706 1526 p.
1724 1456 1772 1509 to.
1785 1479 1825 1494 -
1836 1449 1961 1508 Monac.

675 1551 770 1626 Boia,
784 1558 809 1614 t.
824 1552 922 1627 XXX,
937 1569 1007 1630 pars
1019 1555 1046 1632 1,
1059 1571 1089 1632 p.
1105 1561 1176 1632 279,
1189 1564 1225 1614 n⁰
1240 1564 1310 1636 rot,
1325 1573 1364 1616 ex
1377 1556 1514 1634 orlglnall
1524 1558 1610 1634 culus
1623 1555 1752 1634 alglllum
1762 1555 1900 1615 nonnlhll
1910 1556 1963 1616 laa-

675 1675 743 1719 sum
761 1675 800 1719 ax
814 1658 872 1719 filis
888 1661 989 1720 sericis
1004 1658 1086 1722 rubri
1098 1667 1129 1721 et
1142 1660 1203 1721 ulbl
1217 1661 1323 1722 colorls
1335 1659 1507 1740 appendet.)

606 1922 644 1991 ln
663 1919 802 1992 nomine
819 1929 938 1992 sancte
952 1927 988 1992 et
1005 1918 1189 1992 individue
1206 1919 1393 1992 Trinitatis.
1417 1920 1597 1993 Cunradus
1614 1919 1689 1992 divi
1705 1923 1844 2014 augusti
1858 1923 1966 2016 impe-

556 2041 679 2115 ratoris
696 2043 859 2116 Friderici
883 2041 995 2132 filine,
1014 2043 1078 2116 Dei
1101 2043 1218 2137 gracia
1237 2045 1468 2116 Romanorum
1491 2045 1526 2116 in
1551 2067 1669 2140 regem
1689 2047 1818 2119 electus
1836 2067 1967 2142 semper

557 2175 728 2258 augustus
740 2176 775 2238 et
790 2165 889 2239 heres
907 2167 1004 2260 regni
1019 2168 1242 2239 Hierusalem.
1260 2167 1396 2262 Regalis
1417 2169 1620 2240 excellentia
1641 2179 1724 2240 tunc
1738 2170 1904 2264 precipue
1917 2168 1967 2242 sui

557 2291 708 2363 nominis
728 2291 845 2362 titulos
870 2291 1011 2386 ampliat
1037 2300 1072 2362 et
1091 2292 1226 2364 extollit
1248 2313 1329 2364 oum
1354 2294 1428 2364 loca
1447 2291 1568 2364 divino
1593 2292 1701 2364 cultui
1723 2293 1920 2386 mancipata
1937 2301 1968 2364 et

557 2436 721 2509 personas
740 2416 775 2486 in
792 2414 924 2487 eisdem
943 2416 1088 2488 Domino
1102 2415 1307 2488 famulantes
1322 2417 1379 2510 pia
1397 2417 1522 2488 mentis
1540 2416 1722 2489 affectione
1742 2415 1777 2486 in
1792 2416 1865 2488 suis
1881 2417 1969 2487 fovet

555 2538 694 2630 juribus
712 2547 878 2612 eteorum
896 2539 1206 2633 supplicationibus
1228 2541 1462 2612 favorabiliter
1477 2562 1516 2612 se
1534 2539 1689 2611 inclinat.
1708 2541 1779 2612 Hac
1799 2539 1969 2632 siquidem

558 2661 691 2736 ratione
701 2663 747 2735 ad
764 2663 1008 2736 modernorum
1024 2674 1058 2735 et
1074 2663 1268 2736 futurorum
1284 2665 1421 2760 plenam
1439 2664 1600 2736 noticiam
1614 2664 1795 2759 pervenire
1813 2664 1970 2757 cupimus

559 2797 593 2858 et
611 2785 768 2882 protendi
792 2787 889 2882 quod
913 2809 976 2859 nos
1001 2786 1047 2859 ad
1069 2787 1355 2883 supplicationem
1378 2788 1522 2860 Albardi
1543 2787 1751 2860 venerabilis
1772 2787 1907 2858 abbatis
1929 2786 1971 2858 de

559 2911 649 2982 Ebra
661 2911 786 3004 suique
798 2911 1233 2984 conventusCislerciensis
1246 2911 1392 2998 ordinis,
1405 2911 1561 2983 fidolium
1575 2920 1780 3000 nostrorum,
1792 2911 1972 2982 salubriter

560 3033 607 3107 ad
623 3035 855 3106 imitacionem
875 3035 1037 3108 divorum
1057 3035 1313 3130 progenitorum
1330 3047 1525 3106 nostrorum
1547 3036 1657 3130 ipsam
1673 3035 1853 3106 ecclesiam
1870 3035 1974 3106 Ebra·

561 3179 699 3232 censam
715 3181 795 3230 com
811 3158 966 3254 personis
983 3167 1018 3230 et
1035 3160 1197 3231 omnibus
1215 3159 1315 3230 bonis
1334 3159 1407 3230 suis
1429 3169 1464 3230 et
1482 3158 1674 3252 specialiter
1692 3179 1772 3228 cum
1793 3156 1914 3251 predio
1930 3157 1973 3229 de

560 3283 733 3357 Swabaoh
750 3304 829 3356 oum
844 3283 1009 3355 attinente
1029 3281 1095 3356 sibi
1116 3283 1295 3377 parrochia
1316 3285 1462 3376 ejusque
1485 3281 1698 3377 pertinentiis
1719 3282 1785 3354 snb
1801 3291 1917 3354 nostre
1941 3291 1974 3354 et

561 3406 695 3500 imperii
711 3405 930 3500 protectionis
940 3406 1088 3500 presidio
1099 3407 1351 3502 assumpsimus
1364 3407 1522 3500 speciali,
1537 3405 1739 3477 auctoritate
1752 3413 1894 3498 paterna
1905 3425 1974 3496 qua

561 3531 739 3623 fungimur
755 3540 788 3602 et
802 3539 917 3602 nostra
933 3529 1078 3603 firmiter
1096 3541 1282 3604 statuentes
1301 3541 1340 3602 ut
1355 3531 1445 3602 sicut
1464 3531 1551 3602 ordo
1569 3530 1801 3602 Cisterciensis
1818 3529 1862 3600 ab
1881 3527 1974 3598 omni

561 3653 810 3758 advocatorum
840 3675 965 3748 genera
989 3656 1091 3748 juxta
1112 3655 1309 3748 primariam
1333 3655 1584 3726 institutionem
1608 3673 1707 3724 suam
1730 3673 1867 3744 semper
1890 3651 1975 3722 liber

562 3779 675 3851 extitit
695 3787 730 3850 et
745 3779 926 3866 immunis,
944 3779 995 3850 sic
1013 3779 1176 3872 deinceps
1196 3779 1318 3851 eadem
1333 3779 1478 3850 ecclesia
1491 3787 1637 3874 excepto
1654 3777 1727 3849 solo
1741 3777 1974 3846 Romanorum

562 3901 767 3996 imperatore
784 3901 870 3972 nulli
888 3923 1029 3996 prorsus
1039 3901 1286 3973 advocatorum
1304 3901 1371 3972 nisi
1385 3902 1442 3973 cui
1457 3900 1651 3973 voluntarie
1663 3921 1702 3970 se
1715 3897 1914 3988 subjecerit,
1927 3896 1975 3966 ita

561 4023 658 4119 quod
675 4025 764 4097 vella
778 4045 880 4096 suum
897 4033 1019 4119 postea
1033 4027 1145 4097 valeat
1164 4026 1358 4117 immutare,
1377 4045 1437 4120 per
1453 4024 1573 4119 predia
1593 4033 1628 4096 et
1643 4023 1879 4117 possessiones
1895 4041 1975 4091 suas

561 4149 780 4242 aliquatenus
795 4147 840 4220 sit
854 4148 1022 4239 subjecta.
1038 4149 1208 4232 Quocirca
1222 4147 1429 4221 mandamus
1446 4169 1507 4242 per
1520 4148 1700 4220 obtentum
1715 4144 1831 4238 gracie
1845 4143 1976 4216 domini

562 4281 597 4344 et
612 4273 720 4368 patris
737 4271 843 4344 nostri
859 4272 1090 4346 Romanorum
1107 4272 1321 4367 imperatoris
1339 4271 1501 4344 Friderici
1517 4269 1661 4342 secundi
1679 4277 1714 4340 at
1735 4275 1850 4340 nostro
1868 4267 1977 4360 preci-

561 4397 696 4492 pientes
712 4394 854 4467 firmiter
866 4404 900 4468 et
915 4394 1069 4468 districte
1087 4405 1126 4468 ut
1142 4395 1238 4468 nulla
1254 4396 1299 4468 sit
1311 4417 1458 4490 persona
1473 4395 1613 4466 humilis
1623 4393 1678 4466 vel
1695 4392 1776 4482 alta,
1794 4390 1978 4463 ecclesias-

562 4522 631 4593 tica
643 4521 701 4592 vel
717 4518 911 4609 mundana,
930 4540 999 4613 que
1016 4519 1210 4614 predictum
1226 4521 1474 4593 monasterium
1491 4527 1526 4591 et
1537 4537 1702 4612 personas
1718 4515 1754 4586 in
1769 4535 1812 4587 eo
1829 4513 1978 4585 Domino

564 4644 769 4718 famulantes
788 4663 891 4737 super
910 4642 1077 4738 premisso
1095 4643 1216 4738 predio
1234 4643 1271 4714 in
1285 4642 1456 4717 Swabacb
1478 4651 1513 4714 et
1531 4641 1675 4714 ecclesia
1697 4647 1875 4734 prenotata
1896 4657 1978 4708 cum

565 4767 638 4838 suis
652 4765 865 4862 pertinentiis
889 4773 1063 4862 presumat
1080 4767 1136 4840 vel
1158 4765 1285 4841 audeat
1307 4775 1426 4840 eontra
1452 4773 1648 4860 presentem
1664 4771 1815 4836 nostram
1833 4760 1978 4854 gratiam
