4468 6010
555 685 617 748 828
1058 683 1269 746 uetustus!
1297 685 1470 747 sttctttlttl
1781 691 1859 776 [Ass.
1882 694 1966 757 teto.

555 818 636 892 dato
656 828 772 894 nostro
794 828 868 891 eret
888 820 1092 892 castellanus
1114 819 1151 890 in
1167 827 1279 893 castro
1301 830 1418 894 nostro
1438 823 1559 896 Casuli
1581 825 1809 918 constitutus,
1830 830 1968 924 etquis

554 942 685 1016 inutilis
705 952 740 1016 et
764 942 975 1016 insufficiens
1000 951 1073 1014 erat
1096 941 1226 1016 ibidem
1248 953 1386 1038 propter
1407 943 1647 1020 infirmitatem
1671 949 1871 1024 continuam
1898 973 1967 1048 que

553 1067 704 1158 laboret,
725 1075 762 1139 tu
788 1088 857 1139 nna
875 1088 955 1139 curn
976 1065 1130 1138 Iohanne
1147 1064 1192 1138 de
1210 1067 1342 1162 Raymo
1366 1069 1546 1163 provisore
1567 1079 1755 1142 castrorum
1774 1082 1966 1147 nostrorum

553 1191 705 1286 ipsarum
729 1190 878 1287 partium
900 1188 1063 1263 eumdem
1087 1189 1309 1262 castellanum
1338 1191 1532 1266 necessario
1556 1192 1735 1286 amovisti,
1756 1217 1802 1268 ex
1823 1219 1895 1292 qno
1918 1220 1968 1271 ιο

554 1314 684 1387 inutilis
704 1321 740 1387 et
764 1313 975 1386 insufficiens
997 1321 1070 1386 erat
1095 1313 1162 1404 ibi,
1189 1313 1298 1408 placet
1320 1313 1421 1388 nobis
1445 1315 1543 1410 quod
1572 1317 1767 1390 ammovisti
1791 1320 1964 1394 eumdem.

552 1439 717 1510 Miramur
730 1447 844 1512 umen
860 1448 895 1510 et
908 1449 941 1510 te
957 1437 993 1508 in
1007 1437 1073 1510 boc
1087 1436 1330 1530 redarguimus
1342 1460 1411 1510 non
1426 1439 1573 1535 indigue
1591 1440 1686 1534 quod
1701 1461 1779 1514 cum
1791 1445 1968 1540 scripseris

554 1573 587 1635 te
605 1563 710 1636 alium
728 1562 948 1635 substituisse
963 1559 1110 1651 ibidem,
1136 1558 1233 1656 quod
1253 1569 1288 1632 et
1307 1561 1383 1634 sine
1398 1561 1614 1636 couscientia
1633 1572 1748 1636 nostra
1768 1567 1882 1639 lacere
1898 1587 1965 1640 non

552 1686 722 1760 debueras
735 1685 800 1784 (l),
823 1707 948 1758 nomen
962 1687 1037 1777 ejus
1055 1693 1089 1757 et
1107 1683 1202 1757 unde
1217 1685 1262 1756 sit
1276 1695 1392 1758 nostre
1408 1707 1636 1780 nequaquam
1656 1689 1859 1762 excellentie
1879 1712 1968 1762 nun·

552 1811 661 1883 ciesti.
673 1808 835 1902 Significa
848 1809 953 1902 igitur
969 1830 1095 1881 nomen
1110 1807 1286 1880 substituti
1299 1816 1334 1881 et
1350 1807 1394 1882 de
1405 1829 1479 1903 quo
1499 1811 1574 1883 loco
1586 1811 1690 1882 luerit
1705 1812 1819 1904 nobis,
1835 1821 1870 1884 et
1885 1822 1967 1885 tunc

552 1934 638 2028 qnid
654 1933 699 2008 de
710 1955 752 2006 eo
769 1932 871 2005 nobis
889 1933 1056 2028 placuerit
1073 1931 1312 2004 rescribemus.
1335 1934 1384 2004 De
1401 1941 1520 2006 cetero
1538 1933 1588 2006 sic
1607 1935 1820 2028 negligenter
1833 1935 1869 2008 io
1889 1937 1965 2008 teli·

551 2060 618 2132 bus
631 2082 699 2133 non
715 2055 893 2152 procedas.
907 2057 951 2127 Et
966 2077 1048 2128 ecce
1063 2053 1158 2150 quod
1176 2054 1331 2149 predicto
1347 2055 1446 2128 Petro
1465 2056 1716 2154 archiepiscopi
1731 2058 1793 2151 qui
1809 2058 1855 2131 de
1871 2078 1966 2132 reoc-

554 2185 669 2258 dendo
686 2191 841 2256 nostrum
858 2188 1017 2274 expectet
1036 2177 1258 2268 mandatum,
1280 2177 1414 2250 lieteras
1435 2179 1610 2251 mictimus
1626 2177 1723 2273 quod
1743 2179 1894 2254 recedat.
1915 2184 1966 2255 De

553 2307 700 2404 pecunia
715 2326 798 2378 vero
817 2301 984 2398 presentie
999 2302 1138 2374 collecte
1160 2321 1265 2396 super
1280 2322 1351 2394 qna
1367 2301 1601 2394 recolligenda
1613 2313 1648 2374 et
1661 2301 1836 2376 mictenda
1853 2325 1895 2377 ac
1909 2327 1964 2378 es·

553 2429 722 2526 signanda
739 2427 876 2501 diversa
896 2435 928 2497 te
944 2425 1068 2496 asseris
1086 2423 1256 2517 recepisse
1273 2431 1425 2495 anostra
1442 2427 1622 2515 majestate
1638 2423 1820 2514 mandate,
1837 2427 1964 2520 quibus

553 2577 631 2627 cum
651 2551 801 2624 videaris
813 2545 1070 2643 quodammodo
1085 2547 1272 2641 perplexus
1296 2545 1418 2616 instrui
1436 2545 1635 2639 diligentius
1653 2547 1845 2641 requisisti,
1865 2570 1963 2621 men·

553 2677 676 2749 damus
687 2681 727 2746 ut
739 2671 898 2767 quamvis
911 2691 1014 2763 super
1029 2669 1095 2741 boc
1113 2667 1252 2740 diversa
1268 2667 1429 2741 mandata
1441 2671 1612 2764 receperis
1629 2671 1718 2744 sicut
1732 2669 1868 2761 scribis,
1882 2693 1961 2746 cum

552 2823 598 2874 en
614 2799 778 2894 qualitate
794 2795 1009 2888 negotiorum
1026 2789 1238 2887 quaudoque
1257 2791 1500 2864 mandatorum
1522 2794 1674 2865 varietas
1696 2793 1821 2866 debeat
1840 2815 1963 2890 prove·

551 2925 644 3015 nire,
664 2935 700 2995 tu
714 2920 896 3017 pecuniam
913 2919 1052 2991 collecte
1066 2917 1175 3012 ipsius
1193 2915 1359 2989 instanter
1372 2913 1570 3011 recolligas,
1593 2926 1628 2990 et
1643 2917 1734 2989 sicut
1751 2917 1886 2990 dudum
1902 2917 1964 2990 tibi

551 3047 794 3121 mandavimus
809 3043 843 3115 in
855 3051 966 3115 castro
978 3049 1095 3114 nostro
1109 3037 1283 3112 introduci
1300 3040 1421 3134 reponi
1439 3041 1544 3112 tocies
1557 3039 1768 3112 recollectam
1786 3051 1822 3112 et
1835 3039 1963 3112 ibidem

550 3171 694 3258 servari,
708 3168 818 3240 donec
835 3166 879 3239 de
894 3186 937 3237 ea
947 3164 1034 3259 quid
1046 3163 1211 3258 placuerit
1223 3161 1462 3254 injungamus.
1478 3163 1529 3232 Tu
1545 3181 1626 3233 vero
1639 3183 1742 3255 super
1753 3161 1820 3233 boc
1833 3171 1963 3234 tantm

551 3315 668 3366 curam
687 3289 854 3364 adhibeas
871 3297 910 3359 ut
930 3285 1025 3381 apud
1046 3308 1109 3358 nos
1127 3283 1415 3357 commendabilis
1436 3304 1604 3378 appareas
1620 3305 1667 3356 ex
1691 3285 1828 3357 ellectu.
1854 3285 1965 3356 Pecu-

550 3417 643 3488 niam
659 3433 861 3507 veroquam
878 3411 1026 3483 Henrico
1039 3409 1160 3482 illustri
1178 3409 1251 3501 regi
1264 3407 1423 3479 anrinm
1440 3417 1475 3480 at
1489 3405 1640 3497 Gallure,
1655 3417 1739 3496 etc,
1759 3428 1822 3502 pru
1837 3407 1964 3480 nostds

548 3539 698 3614 servitiis
719 3534 936 3632 exequendis
957 3557 1019 3630 per
1041 3543 1076 3606 te
1098 3531 1143 3606 de
1162 3532 1316 3628 predicta
1339 3533 1489 3628 pecunia
1515 3531 1758 3606 mandarimus
1778 3531 1962 3623 assignan-

550 3665 646 3751 dam,
663 3662 731 3734 sibi
748 3661 823 3733 sine
841 3659 979 3733 delectu
998 3657 1104 3730 lecim
1122 3655 1305 3754 assignari.

596 3790 720 3861 Datum
733 3783 889 3875 Viterbii,
910 3783 987 3855 Xlll
1001 3780 1126 3870 martii,
1147 3779 1225 3851 Xlll
1245 3777 1456 3852 indictionis.

595 3938 764 4010 itemesti
787 3937 854 4008 sit:

595 3960 811 4144 Fredericrii,
835 4067 918 4143 etc»,
940 4054 1087 4128 Iohanni
1113 4051 1158 4125 de
1177 4053 1308 4148 Raymo
1331 4049 1375 4124 de
1392 4051 1509 4146 Capua
1535 4049 1702 4145 provisori
1719 4059 1908 4123 castrorum
1924 4049 1962 4120 in

547 4185 704 4280 Aprutio,
718 4191 784 4256 etc.
796 4179 947 4274 Benigne
963 4178 1169 4273 recepimus,
1184 4185 1250 4248 etc.
1266 4176 1317 4246 lle
1332 4175 1432 4246 Petro
1448 4181 1566 4246 autem
1581 4171 1826 4266 archiepiscopi
1839 4173 1963 4242 Rosea-

547 4307 663 4379 nensis
674 4306 735 4404 qui
752 4301 975 4377 demandato
993 4308 1112 4373 nostro
1126 4308 1200 4370 erat
1215 4297 1418 4370 castellanus
1435 4297 1471 4368 in
1489 4304 1598 4368 castro
1613 4304 1728 4368 nostru
1739 4293 1853 4366 Casuli
1872 4315 1961 4366 con·

1477 4489 1593 4501 *a
1603 4491 1677 4498 ..---
1687 4491 1718 4496 υ.
1740 4491 1745 4496 .
1758 4487 1847 4496 --—-.-
1868 4486 1958 4496 .-.n-

583 4613 621 4683 (t)
632 4611 757 4669 Castrum
768 4613 858 4666 tamen
869 4607 922 4665 Cas
930 4605 969 4663 uli
977 4621 1031 4664 non
1043 4608 1202 4661 numeratur
1209 4602 1279 4660 inter
1289 4617 1322 4658 ee
1334 4617 1404 4675 quae
1415 4601 1444 4658 in
1451 4600 1624 4674 jmtitiarieto
1634 4599 1763 4673 dpnrtino
1774 4605 1897 4672 acceptu
1909 4597 1961 4654 de·

545 4709 696 4780 cierentur,
715 4705 815 4764 subest
836 4719 853 4764 a
874 4704 974 4790 quibus
994 4701 1133 4762 castellani
1151 4700 1210 4758 sine
1228 4697 1359 4774 imperiali
1375 4698 1539 4758 couscientia
1556 4714 1610 4757 non
1631 4701 1695 4755 sunt
1710 4695 1874 4756 removendi.
1891 4693 1961 4753 Vide

546 4822 637 4880 supra,
650 4821 678 4879 p.
693 4805 757 4862 lta.
