4468 6010
251 691 350 751 lunser.
370 687 430 771 la]
699 684 897 747 urseolus
921 684 1216 748 nleloltllutcs.
1607 686 1662 749 781

249 837 346 898 tuam
360 822 544 920 pecuniam
560 819 861 915 superaddendam
872 841 938 916 pro
948 819 1103 916 predicta
1118 821 1199 894 navi
1210 821 1361 896 emenda
1374 822 1499 895 debeat
1513 821 1663 916 elargiri.

249 949 299 1021 lle
316 948 399 1021 navi
416 945 485 1019 alia
505 965 574 1039 quc
589 963 653 1039 pro
672 943 727 1015 sni
745 942 985 1038 magnitudine
1004 943 1121 1038 inepta
1139 944 1255 1019 estad
1278 945 1535 1040 navigandum,
1556 945 1668 1041 placet

250 1070 350 1144 nobis
365 1067 462 1164 qnod
479 1089 557 1141 eam
571 1066 682 1139 minui
696 1066 805 1139 iacias
820 1075 861 1138 ut
872 1066 1039 1162 scripsisti
1056 1077 1091 1140 et
1104 1067 1151 1142 ad
1170 1069 1273 1142 talem
1292 1071 1437 1143 formam
1455 1069 1576 1142 reduci
1596 1091 1666 1163 qna

250 1195 294 1264 sit
310 1192 360 1266 ad
377 1189 617 1284 navigandum
634 1189 762 1262 babilis
777 1197 813 1262 et
835 1199 967 1284 parata.
987 1191 1038 1262 De
1058 1190 1254 1264 tarsinabns
1271 1191 1437 1266 faciendis
1451 1193 1488 1263 in
1508 1192 1667 1266 Messana

196 1405 199 1412 ,
228 1303 231 1310 ’
249 1317 338 1390 scias
350 1324 468 1388 nosne
479 1313 667 1387 volontatis
678 1314 828 1386 existere
839 1311 936 1408 qnod
948 1315 1051 1404 juxta
1070 1315 1235 1411 palatium
1250 1325 1406 1388 nostrum
1422 1314 1507 1388 liant
1522 1315 1551 1387 si
1566 1315 1666 1389 vide·

250 1443 296 1514 ris
308 1429 407 1536 quod
421 1441 458 1512 iu
475 1439 551 1512 loco
564 1438 642 1534 ipsc
655 1435 837 1510 commode
849 1436 982 1532 possint
994 1457 1083 1510 esse.
1099 1437 1199 1522 Quod
1216 1439 1245 1510 si
1262 1439 1311 1510 ibi
1329 1459 1487 1512 essenon
1505 1449 1664 1533 possunt,

249 1566 356 1658 eligas
379 1561 533 1657 aliquem
558 1561 666 1634 elium
684 1561 798 1634 locum
821 1558 1000 1656 ydoneum
1027 1559 1089 1632 nbi
1114 1561 1297 1635 commode
1320 1561 1393 1635 lieri
1424 1563 1578 1648 valeant,
1604 1561 1666 1634 sed

249 1711 317 1761 non
336 1689 435 1759 illum
451 1707 557 1780 qoem
577 1694 636 1758 tna
657 1684 807 1780 capitula
821 1684 1059 1775 continebant,
1081 1694 1115 1757 et
1132 1686 1246 1758 locum
1264 1685 1379 1781 ipsnm
1396 1706 1501 1781 qncm
1518 1685 1668 1778 elegeris

251 1813 452 1906 prinsquam
474 1809 524 1881 ibi
543 1809 730 1903 quicquam
750 1805 947 1898 edificetur,
969 1807 1069 1884 nobis
1083 1829 1144 1903 per
1157 1817 1234 1882 tuas
1249 1809 1383 1882 lioterns
1401 1809 1595 1882 nunciabis.
1616 1811 1668 1882 lle

253 1935 446 2008 larsinabns
472 1943 588 2004 nutem
610 1932 767 2004 Nicoterc
790 1929 842 2026 (a)
862 1933 1024 2003 volumus
1049 1942 1084 2003 et
1108 1931 1315 2004 mandamus
1337 1943 1374 2003 ut
1395 1934 1424 2005 si
1448 1933 1483 2003 in
1508 1933 1567 2004 tali
1592 1933 1668 2006 loco

250 2067 329 2129 snut
346 2057 420 2151 quo
433 2057 502 2128 sint
512 2055 559 2128 ab
575 2055 773 2148 egressione
789 2075 926 2144 secura,
943 2075 1005 2127 eas
1019 2054 1080 2126 nbi
1097 2055 1234 2150 incapte
1250 2065 1332 2126 snnt
1344 2056 1435 2127 sicut
1451 2065 1487 2128 tn
1501 2055 1669 2150 expedire

252 2181 382 2255 rideris
396 2179 503 2252 iacias
518 2177 756 2274 percompleri.
776 2179 888 2272 Super
904 2197 947 2250 eo
962 2177 1058 2272 quod
1076 2179 1240 2272 scripsisti
1261 2178 1306 2252 de
1324 2179 1400 2273 pice
1415 2189 1450 2252 et
1468 2181 1557 2252 lerro
1575 2181 1667 2252 reci-

250 2303 386 2398 piendis
412 2324 434 2374 a
455 2301 629 2374 donneriis
652 2301 777 2374 nostris
798 2323 861 2396 pro
885 2301 1034 2374 servitiis
1058 2302 1185 2373 nostris
1203 2302 1266 2374 tibi
1290 2302 1483 2374 commissis
1502 2311 1536 2372 et
1559 2302 1668 2396 prelio

251 2449 318 2521 qno
340 2435 506 2500 emuntur
523 2425 581 2496 rel
596 2445 667 2517 qno
683 2423 901 2513 venduntur,
922 2424 1130 2497 mandamus
1147 2435 1186 2496 nt
1205 2424 1288 2498 inde
1306 2426 1412 2497 iacias
1427 2447 1508 2497 cum
1525 2425 1669 2498 oonsilio

252 2550 494 2624 dcaneriornm
518 2559 716 2622 nostrornm
735 2548 832 2642 qnod
854 2549 992 2621 utilitati
1013 2549 1109 2620 curie
1128 2557 1242 2621 nostre
1260 2549 1383 2622 melius
1403 2549 1533 2620 videris
1554 2571 1669 2644 expe-

254 2676 337 2748 dire.
359 2676 411 2746 De
426 2694 470 2747 eo
487 2671 583 2768 qnod
602 2671 725 2744 misisti
749 2671 795 2746 de
820 2673 991 2746 carabana
1012 2673 1154 2744 navium
1174 2672 1420 2763 lennensinm,
1441 2673 1547 2744 facias
1568 2685 1670 2768 prout

253 2800 312 2871 tibi
325 2799 491 2872 dedimus
504 2795 582 2868 aliis
598 2795 723 2868 nostris
739 2795 864 2868 licteris
882 2797 916 2866 in
934 2795 1108 2868 mandatis
1125 2807 1161 2868 et
1179 2805 1280 2890 prout
1295 2796 1451 2868 notarius
1464 2796 1669 2869 Thomasins

254 2923 403 2996 nuncius
418 2931 501 2992 tuns
518 2917 631 2992 fidelis
658 2927 775 2991 noster
797 2917 860 2990 tibi
884 2929 1047 2992 oretenus
1068 2941 1115 2992 cx
1131 2927 1229 3014 parte
1250 2919 1412 2992 culminis
1430 2921 1535 2992 nostri
1560 2919 1664 2992 dicet.
1774 2919 1775 2924 ’

254 3046 305 3118 ,ιιι
321 3046 387 3118 bec
404 3047 548 3138 insuper
564 3063 634 3137 qne
650 3043 772 3114 misisti
794 3043 839 3116 de
857 3043 1049 3117 diffidenda
1063 3043 1245 3116 &lavania
1264 3063 1326 3138 pro
1347 3042 1483 3138 piratis,
1499 3043 1550 3116 sic
1567 3045 1669 3116 volu·

253 3191 329 3241 mns
342 3179 378 3241 et
391 3168 558 3260 jubemus
575 3175 615 3238 ιιι
627 3175 665 3237 tn
678 3167 828 3261 primum
841 3167 1049 3260 lisgnsiam,
1066 3169 1260 3262 Spalatum,
1274 3168 1497 3259 Dalmatiam,
1514 3167 1667 3240 laderam

254 3303 287 3365 et
303 3293 390 3366 alias
406 3293 606 3384 adjacentes
620 3289 778 3384 regiones
789 3291 970 3363 Sclavenie
983 3313 1045 3386 per
1063 3292 1193 3363 litteras
1206 3300 1283 3364 tuas
1296 3292 1471 3386 requirere
1485 3291 1616 3364 debeas
1635 3301 1670 3364 et

254 3417 421 3490 mandare
437 3413 534 3508 qnod
556 3415 586 3486 si
607 3414 782 3486 voluerint
797 3414 980 3487 sufficienti
997 3416 1139 3510 prestita
1156 3415 1315 3488 cantione
1330 3435 1368 3488 sc
1387 3415 1497 3488 taliter
1516 3415 1670 3510 obligare

252 3539 348 3634 qnod
364 3539 522 3611 homines
539 3537 637 3632 regni
657 3538 763 3610 nostri
781 3538 818 3610 in
832 3539 987 3632 personis
1009 3548 1043 3612 et
1059 3539 1163 3611 rebns
1185 3561 1205 3611 a
1222 3541 1353 3613 Sclavis
1370 3540 1549 3635 piraticam
1566 3561 1669 3614 exer·

254 3665 415 3736 centibus
431 3664 625 3734 nnllatenns
638 3661 859 3735 offendantur
876 3675 911 3735 et
930 3663 1026 3757 qnod
1042 3663 1093 3736 de'
1102 3661 1263 3758 dampnis
1284 3664 1387 3734 illatis
1408 3663 1443 3732 in
1463 3665 1617 3757 personis
1635 3673 1669 3735 et

255 3787 359 3859 rebus
383 3795 630 3860 conserventur
657 3784 884 3880 indempnes,
904 3787 1114 3859 concedetur
1138 3789 1188 3859 eis
1206 3786 1422 3860 conversatio
1446 3787 1544 3858 solita
1569 3789 1668 3880 regni

254 3911 375 3982 nostri.
391 3909 494 3994 Quod
508 3909 538 3981 si
554 3911 667 3982 iacere
682 3909 867 3998 noluerint,
883 3930 943 3981 eos
957 3909 993 3980 in
1010 3911 1164 4003 personis
1180 3922 1214 3982 et
1227 3909 1331 3982 rebus
1346 3909 1476 3981 debeas
1494 3909 1664 3984 diffidere.

112 4079 114 4084 -
255 4036 303 4106 lle
317 4032 543 4106 cohercendis
556 4034 696 4128 insuper
708 4033 912 4105 officialibus
923 4035 983 4126 qui
993 4043 1074 4105 sunt
1085 4035 1152 4105 snb
1163 4042 1295 4124 secreto
1306 4035 1463 4105 Messene
1473 4033 1670 4107 cohertione

255 4157 410 4230 districta
427 4178 489 4250 per
504 4157 635 4252 ipsum,
658 4165 697 4227 nt
713 4158 895 4251 pecuniam
913 4157 975 4227 tibi
993 4179 1057 4250 pro
1076 4157 1200 4229 nostris
1224 4156 1374 4228 servitiis
1395 4167 1596 4250 oportunam
1621 4157 1668 4231 ad

255 4281 515 4376 requisitionem
538 4290 633 4352 tuam
650 4279 798 4354 debcant
813 4280 996 4370 exhibere,
1016 4279 1062 4352 ad
1079 4300 1185 4373 quam
1201 4299 1314 4373 usqne
1335 4301 1428 4350 nnnc
1452 4279 1668 4352 tribuendam

255 4425 316 4476 ecs
330 4403 471 4478 desides
489 4397 715 4499 descripsisti,
736 4402 892 4498 predicto
907 4410 1038 4477 secreto
1053 4402 1218 4497 speciales
1235 4401 1395 4473 culminis
1409 4402 1514 4474 nostri
1534 4401 1669 4474 lieteras

298 4697 341 4777 (a)
362 4699 400 4759 ln
412 4698 556 4776 impresso
568 4698 679 4775 Nicon,
694 4695 775 4776 qnod
787 4699 830 4757 lta
843 4697 1095 4774 interpretandum
1110 4697 1300 4773 arbltrsmnr,
1315 4696 1389 4758 dum
1402 4699 1463 4758 situ
1476 4703 1507 4756 et
1518 4697 1668 4757 vlclnltate

256 4805 328 4864 urbs
337 4805 475 4866 itlcotcra
487 4805 830 4882 relcptlmeconrantat.
1555 4799 1558 4804 '

352 4910 393 4972 V.
414 4925 470 4969 Pers
482 4927 504 4968 2
1472 4915 1508 4969 99
