4358 5996
220 735 326 796 lrotca.
344 732 405 817 le]
662 731 857 795 HISTORIA
882 729 1173 794 ntatottarlca
1366 783 1368 785 .
1569 723 1626 790 951

271 869 321 939 De
339 866 535 966 imperiali
535 865 694 940 mandato
719 869 809 964 [acto
829 890 893 962 per
920 869 1116 962 moqistrom
1143 867 1287 949 Petrum
1303 864 1343 936 dc
1364 865 1487 954 Vince
1489 866 1630 958 ,scripsit

221 991 454 1084 Procopius:

271 1114 488 1204 Fredericus,
503 1123 569 1188 etc.
575 1095 742 1209 ‚prelatis
756 1113 990 1207 ecolmiarum,
1003 1113 1211 1208 justiciariis,
1226 1111 1397 1206 magistris
1415 1100 1627 1203 camerariis,

224 1240 436 1331 camerariis,
449 1239 587 1332 bajulis,
601 1238 794 1312 castellanis
805 1249 840 1311 et
856 1240 1024 1312 universis
1039 1239 1272 1312 officialibuea
1288 1247 1386 1333 porta
1394 1237 1506 1310 Roseti
1520 1257 1631 1330 usque

225 1359 271 1434 ad
287 1359 376 1435 lines
388 1363 488 1457 regni
502 1362 707 1454 constitutis,
725 1361 884 1437 fidelibus
898 1363 982 1454 suis,
999 1372 1065 1436 eto.
1080 1364 1164 1435 Cum
1174 1361 1220 1436 ad
1230 1361 1434 1456 exequenda
1449 1361 1631 1452 maJestatis

225 1494 343 1558 nostre
359 1485 500 1559 servitia
522 1484 638 1558 virum
660 1486 811 1581 aliquem
833 1487 979 1582 probum
1003 1494 1039 1561 et
1061 1485 1196 1559 fidelem
1220 1485 1398 1579 eligimus,
1425 1506 1493 1556 non
1517 1485 1632 1555 miuus

226 1608 336 1702 quieti
356 1615 550 1680 nostrorum
566 1606 721 1681 fidelium
745 1631 850 1704 quam
870 1609 992 1683 honori
1018 1619 1134 1684 nostro
1151 1607 1328 1683 consulere
1344 1607 1517 1680 videmus.
1538 1608 1633 1691 Quo-

227 1732 317 1804 circa
335 1731 491 1806 lidelitati
509 1733 623 1805 vestre
641 1733 760 1806 tenore
774 1713 984 1828 piescutium
1004 1733 1224 1830 precipiendo
1245 1729 1450 1804 mandamus
1464 1739 1633 1823 quatenus

228 1853 442 1928 confidentes
470 1856 516 1930 dc
539 1854 722 1951 prudentia
751 1865 786 1930 et
808 1857 979 1950 legalitate
1002 1855 1140 1930 Andros
1166 1855 1211 1929 de
1231 1853 1344 1927 Cicala
1368 1849 1479 1926 fidelis
1503 1853 1631 1944 nostri,

228 1977 468 2050 constituimus
490 1995 572 2051 eom
596 1979 812 2074 capitaneum
837 1991 871 2053 et
895 1979 1096 2074 magistrum
1114 1977 1335 2072 justitiarium
1354 2000 1375 2051 a
1401 1987 1497 2072 porta
1520 1977 1635 2062 Roseti

229 2121 343 2196 usque
360 2099 408 2174 ad
429 2099 516 2174 lines
537 2101 655 2196 regni,
680 2102 736 2176 cni
761 2101 922 2177 dedimus
946 2103 1132 2198 plenariam
1157 2089 1358 2198 potestatem
1382 2109 1421 2172 ut
1441 2109 1635 2174 nostrorum

234 2221 391 2298 fidelium
406 2224 643 2298 contentiones
665 2225 817 2300 audieus·
834 2239 869 2300 et
887 2227 1019 2322 justitia
1040 2224 1213 2300 mediante
1234 2207 1397 2299 decidens
1418 2223 1541 2296 reddat
1563 2223 1635 2296 sin·

231 2347 321 2442 gulis
343 2349 423 2440 juta
444 2355 527 2439 edu,
542 2357 585 2420 et
600 2347 767 2440 justitiam
788 2345 970 2443 querentes
994 2347 1226 2423 favorabiliter
1244 2333 1389 2438 foveat,
1403 2347 1636 2418 malefactores
1714 2393 1716 2400 -

231 2470 394 2566 corripiat
414 2479 448 2544 et
463 2477 701 2567 perversos'et
720 2473 822 2545 etiam
845 2471 1053 2546 facinorosos
1071 2471 1192 2568 puniat
1209 2469 1254 2543 de
1273 2453 1454 2542 criminum
1472 2469 1637 2564 qualitate

231 2601 411 2686 nocentes,
427 2601 466 2666 ut
481 2593 625 2690 pacifice
634 2596 766 2688 justitie
784 2596 934 2690 quietem
951 2604 1109 2690 procuret
1121 2603 1313 2668 nostrorum
1329 2587 1484 2666 fidelium
1496 2601 1531 2664 et
1547 2593 1638 2664 salu-

231 2725 313 2791 tem.
339 2717 546 2791 Mandamus
570 2718 675 2814 igitur
697 2729 732 2792 ct
755 2717 909 2792 districte
933 2719 1142 2850 precipimus
1166 2717 1319 2792 fidelitati
1339 2725 1453 2790 vestre
1468 2697 1639 2810 quatenus

236 2839 350 2913 eidem
373 2841 552 2936 capitaneo
566 2851 602 2914 et
623 2841 716 2914 lideli
739 2839 885 2916 nostro
875 2865 912 2914 m
934 2839 1001 2940 hys
1018 2864 1088 2938 que
1090 2829 1178 2915 silui
1196 2841 1241 2915 de
1263 2840 1393 2914 honore
1411 2847 1445 2913 et
1460 2839 1639 2912 commodo

236 2963 449 3037 celsitudinis
462 2973 577 3038 nostre
590 2965 822 3039 commisimus
842 2965 1067 3061 exequenda,
1087 2973 1188 3078 prout
1201 2965 1316 3037 lictere
1335 2963 1510 3060 continent
1525 2971 1640 3036 nostro

236 3086 348 3181 sigillo
363 3087 516 3182 signate,
534 3088 580 3162 ad
604 3089 769 3162 honorem
786 3097 821 3163 et
838 3088 1036 3163 fidelitatem
1060 3099 1211 3164 nostram
1228 3099 1391 3183 tanquam
1407 3087 1585 3188 capitaneo
1605 3097 1640 3158 et

236 3212 399 3305 magistro
414 3211 599 3304 justitiario
619 3235 640 3285 a
658 3222 775 3286 nostra
797 3205 971 3305 majestate
989 3221 1114 3286 statuto
1133 3211 1258 3286 devote
1275 3231 1393 3307 parere
1408 3221 1442 3284 ct
1463 3209 1640 3283 intendere

239 3334 426 3426 studeatis,
453 3355 517 3408 nec
540 3336 586 3407 sit
604 3335 731 3431 aliquis
749 3335 810 3430 qni
825 3357 930 3432 super
945 3337 1012 3432 hys
1027 3358 1096 3430 que
1111 3335 1156 3409 de
1176 3335 1324 3408 servitiis
1339 3317 1519 3408 ethonore
1540 3333 1639 3405 celsi·

238 3457 370 3532 tudinis
390 3467 505 3532 nostre
536 3458 677 3532 duxerit
702 3457 934 3552 injungenda,
960 3459 1027 3531 sibi
1055 3458 1161 3532 modo
1187 3457 1339 3553 quolibet
1367 3456 1573 3530 eontrarium
1601 3478 1639 3529 se

239 3591 387 3678 opponat
406 3582 496 3655 sicut
512 3581 783 3676 indignationem
801 3591 954 3655 nostram
970 3582 1094 3678 cupitis
1109 3583 1251 3658 evitare.

287 3705 411 3774 Datum
428 3702 526 3787 Orte,
546 3703 591 3774 lll
610 3701 735 3791 madii,
754 3703 833 3774 Xlll
850 3701 1058 3776 indictionis.

287 3825 421 3898 Similes
432 3825 603 3898 universis
613 3833 647 3897 et
662 3833 792 3898 secreto
805 3825 920 3898 Sicilie
931 3826 1170 3921 proltoggerio
1181 3825 1228 3899 de
1238 3824 1367 3899 Amicis
1383 3848 1403 3898 a
1419 3834 1515 3922 porta
1529 3825 1641 3899 Roseti

241 3967 350 4041 usque
362 3947 485 4020 larum
495 3955 529 4021 et
537 3968 599 4042 per
608 3955 713 4020 totam
724 3947 873 4022 Siciliam
882 3945 1074 4046 [capitaneo
1083 3958 1115 4021 et
1126 3947 1287 4042 magistro
1294 3949 1477 4042 justitiario
1486 3945 1638 4048 statuto].

1369 4199 1438 4212 ψ

295 4393 472 4484 Mandata
495 4399 545 4482 ed
571 4343 767 4484 universos
785 4426 809 4482 a
824 4399 922 4485 Fano
946 4425 1068 4510 usque
1089 4425 1157 4548 per
1176 4410 1295 4484 totam
1318 4399 1485 4484 Siciliam
1506 4411 1549 4484 ut
1571 4402 1640 4484 in-

245 4527 399 4612 tendunt
428 4529 597 4616 Obberto
621 4531 936 4642 FallomouachO,
956 4533 1070 4617 unico
1103 4533 1142 4614 in
1172 4533 1299 4616 Sicilia
1327 4543 1467 4618 secreto
1498 4535 1643 4620 nouiter

212 4693 216 4700 ¹
247 4665 407 4770 selum,
429 4671 467 4744 et
484 4663 534 4745 nd
551 4663 729 4746 eumdem
753 4663 965 4748 Obbertum
982 4666 1030 4750 dc
1048 4665 1221 4776 expensis
1239 4675 1276 4750 et
1295 4665 1425 4750 solidis
1442 4691 1508 4751 um
1498 4665 1642 4776 judici

247 4797 283 4871 et
299 4789 446 4877 duobus
463 4794 620 4878 notoriis
640 4793 873 4879 exhibendis.

1716 4419 1795 4468 Ortus.

1707 4475 1722 4516 a
1733 4473 1796 4516 mall.
