4374 6010
218 663 404 742 [1333318]
672 663 871 727 HISTORIA
893 659 1188 724 nlrnolttlnlcs

273 1221 455 1308 Mandata
471 1226 523 1307 ad
540 1223 766 1334 justitiarios
794 1223 1031 1334 Principatus
1057 1231 1096 1306 et
1113 1221 1262 1332 Aprutii
1286 1222 1335 1304 de
1362 1219 1543 1305 faciendis
1567 1220 1638 1302 in·
1692 1233 1818 1342 ffffl

219 1353 493 1464 quisitionibus
514 1383 629 1468 super
644 1356 1002 1440 denuntiationibus
1019 1355 1179 1466 principi
1197 1354 1459 1465 praesentatis.

304 1555 434 1636 (litant.
447 1556 553 1638 imper.
567 1555 688 1618 meta.
703 1557 744 1633 11,
758 1556 810 1661 tol.
827 1565 864 1618 37
879 1562 975 1632 recto;
990 1558 1024 1616 ln
1037 1555 1110 1616 emt.
1125 1553 1264 1627 Cascam,
1278 1571 1309 1632 p.
1327 1551 1410 1633 333.)

269 1725 453 1800 Mondontc
469 1727 601 1802 domm
613 1731 808 1824 imperatore
824 1751 889 1824 par
906 1727 1100 1822 mapiatrnm
1118 1727 1317 1799 Ricccrdum
1336 1727 1469 1820 scripsit
1491 1727 1638 1800 munna

222 1854 400 1948 tappetae
416 1853 458 1925 de
474 1854 637 1926 &tenos

270 1975 490 2070 Fredericm,
506 1987 590 2069 etc,
608 1975 793 2050 Thomasio
815 1973 861 2048 de
880 1975 1096 2068 Montenigro
1111 1973 1296 2068 justitiario
1315 1973 1546 2070 principatus,
1565 1985 1634 2048 etc.

220 2099 416 2194 lloggerius
439 2099 485 2174 da
503 2101 604 2194 Mago
631 2109 666 2174 et
685 2099 859 2172 Mattheus
882 2097 928 2174 de
950 2097 1112 2171 Altavilla
1135 2097 1256 2170 fideles
1280 2099 1387 2170 nostri
1411 2108 1637 2194 presentave-

221 2231 304 2295 runt
326 2223 499 2316 majestati
526 2231 642 2296 nostre
665 2221 949 2297 denunciationsa
975 2243 1064 2316 quas
1095 2221 1219 2296 cedula
1249 2221 1400 2295 continet
1420 2223 1637 2316 presentibus

221 2346 406 2420 interclusa
423 2355 541 2454 contra
557 2346 763 2422 Palmarium
778 2345 824 2420 de
838 2345 1013 2432 Altavilla,
1031 2348 1130 2438 cujus
1144 2343 1266 2418 cadule
1280 2366 1341 2440 per
1357 2346 1473 2420 omnia
1488 2347 1634 2420 similem

221 2471 257 2542 in
282 2479 400 2543 nostra
418 2491 554 2543 camera
574 2471 741 2564 jussimus
763 2456 980 2560 conservari3
997 2480 1031 2542 et
1053 2469 1138 2564 qnia
1158 2489 1263 2564 super
1277 2470 1439 2542 omnibus
1456 2492 1527 2566 que
1548 2493 1636 2544 con·

221 2594 309 2666 tinet
324 2593 453 2687 inquiri
479 2615 540 2690 per
555 2603 589 2666 te
605 2603 641 2668 et
657 2593 748 2666 scire
760 2593 923 2666 volumus
941 2591 1137 2682 veritatem,
1161 2590 1314 2664 fidelitati
1333 2600 1392 2663 tue
1412 2593 1635 2688 precipiendo

220 2717 429 2791 mandamus
442 2725 614 2813 quatenus
629 2717 739 2814 ipsius
755 2718 879 2791 cedula
894 2716 1077 2810 diligenter
1092 2717 1248 2812 inspecto
1260 2724 1377 2788 tenore
1390 2724 1426 2787 et
1439 2718 1572 2789 vocatis
1587 2719 1634 2792 ad

219 2851 255 2914 te
276 2839 584 2914 denunciatoribns
599 2839 826 2936 supradictis,
846 2861 953 2935 super
974 2839 1123 2934 singulis
1140 2860 1210 2934 qne
1225 2838 1446 2912 continentur
1463 2839 1500 2912 in
1519 2863 1561 2914 aa
1579 2842 1634 2914 in·

220 2963 444 3060 quisitionem
458 2964 564 3037 iacias
587 2965 787 3059 diligentem
807 2986 869 3060 per
884 2961 1044 3038 homines
1063 2963 1135 3037 fide
1150 2962 1293 3058 dignos,
1309 2985 1414 3057 qnam
1434 2961 1581 3039 fideliter
1596 2965 1633 3038 in

219 3087 357 3184 scriptis
373 3085 548 3160 redactam
562 3088 629 3161 sub
645 3087 759 3182 sigillo
776 3097 837 3161 tuo
854 3087 901 3161 ad
918 3087 1126 3184 presentiam
1143 3095 1294 3161 nostram
1310 3086 1443 3161 mistas.

267 3213 392 3284 Datum
408 3211 533 3305 Fagie,
551 3211 600 3284 Xl
614 3211 745 3307 aprilis,
763 3211 842 3284 Xlll
856 3211 1068 3285 indictionis.

267 3335 353 3408 Item
376 3333 508 3407 similes
525 3334 662 3407 lictaras
686 3355 749 3430 per
770 3334 887 3406 omnia
909 3333 1046 3429 scripsit
1064 3331 1156 3407 idem
1180 3333 1335 3407 notarius
1354 3333 1476 3408 eodem
1501 3323 1560 3410 die
1586 3335 1633 3409 da

218 3458 388 3555 superiori
409 3457 572 3532 mandato
593 3478 698 3554 super
718 3457 1036 3531 denuntiationibus
1057 3457 1156 3530 tactis
1178 3479 1241 3552 per
1255 3457 1443 3530 Berardnm
1459 3459 1505 3532 da
1524 3460 1632 3553 Paga·

218 3581 297 3656 nica
313 3589 433 3654 conda
451 3581 663 3676 prepositum
674 3581 791 3654 Sancti
804 3581 942 3668 tustini,
964 3589 999 3652 et
1013 3580 1191 3675 inquisitio
1206 3579 1388 3655 commissa
1405 3590 1457 3654 est
1472 3583 1632 3660 facienda

218 3705 258 3778 B.
274 3683 419 3779 Pissono
432 3703 618 3798 justitiario
631 3702 767 3800 Aprutii
783 3703 841 3776 cui
855 3702 1142 3778 denunciationes
1160 3704 1265 3778 misse
1277 3713 1360 3777 sunt
1372 3705 1567 3780 intercluso.

268 4307 448 4393 Mandata
475 4315 520 4389 ut
538 4305 713 4415 jumenta
743 4306 872 4390 curiae
908 4307 1046 4392 Gentili
1074 4309 1123 4390 de
1151 4308 1336 4392 Castanea
1371 4310 1629 4423 assignentur,
1701 4336 1799 4390 ronne.

218 4464 285 4546 pro
303 4465 382 4522 uua
399 4438 520 4522 aratia
536 4437 578 4520 in
596 4437 735 4548 Apulia
752 4437 941 4546 iacienda,
963 4449 1002 4522 et
1019 4449 1062 4522 nt
1079 4467 1267 4550 expensae
1283 4445 1516 4528 necessariae
1533 4470 1630 4528 cus-

219 4569 369 4654 todibus
386 4594 576 4681 equorum
597 4569 862 4655 exhibeantur.

296 4767 424 4850 (lirant.
436 4765 541 4852 rape.
556 4765 677 4832 aaa.
692 4766 734 4846 11,
747 4768 802 4833 tol.
817 4778 855 4833 37
870 4786 972 4846 verso3
986 4771 1020 4832 tn
1032 4771 1102 4832 cdlt.
1119 4771 1257 4852 Curam,
1272 4789 1303 4852 p.
1321 4775 1404 4855 333.)

1685 4391 1712 4435 13
1726 4391 1813 4445 sprllls.
