4468 6010
563 712 625 776 '160
1067 711 1282 775 lntnssnlct
1307 713 1479 776 securta!
1789 711 1869 796 [aas.
1890 714 1974 774 tato.

611 848 746 921 Similes
770 848 851 922 lecit
875 847 1048 920 Ptolomeo
1073 847 1119 920 de
1143 848 1343 922 Castellione
1365 847 1550 942 justitiario
1572 847 1671 919 vallis
1696 847 1808 920 Gratis
1829 860 1865 920 et
1888 861 1976 921 terre

561 970 710 1044 Iordane
725 980 764 1044 ut
781 972 856 1068 ipse
876 970 1049 1044 universis
1069 971 1269 1044 homiuibus
1287 993 1351 1046 sue
1365 970 1616 1065 jurisdictionis
1636 969 1791 1045 inhibeat
1806 973 1843 1044 in
1866 973 1974 1046 forma

561 1093 730 1188 predicta.

611 1217 747 1290 Similes
762 1214 916 1295 Goffrido
932 1217 979 1289 de
993 1217 1240 1290 Monteluscolo
1252 1217 1435 1310 justitiario
1452 1215 1619 1290 Calabris.

611 1339 749 1412 Similes
765 1337 807 1411 G.
822 1339 868 1413 de
882 1337 1041 1432 Anglone
1054 1340 1236 1431 justitiario
1254 1341 1369 1413 Sicilia
1383 1341 1468 1414 citra
1482 1339 1611 1412 llnmen
1628 1341 1776 1414 Salsum.

610 1463 747 1538 Similes
756 1463 798 1538 lt.
815 1461 860 1538 de
870 1460 1003 1536 Amicis
1016 1461 1199 1556 justitiario
1216 1464 1331 1538 Sicilie
1349 1465 1438 1539 ultra
1453 1463 1583 1537 llumen
1595 1463 1743 1538 Salsum.

784 1765 1743 1780 fflnnffl——n--ffl

362 2045 524 2142 tillim·
614 2045 814 2156 Inquisitio
854 2045 1059 2128 commissa
1099 2045 1303 2155 justitiario
1339 2045 1488 2155 Aprutii
1533 2054 1666 2130 ronna
1708 2045 1901 2128 Andream
1934 2052 1972 2124 ct

559 2177 771 2262 Iohannem
790 2178 839 2260 de
856 2177 1054 2261 Pontibus.

643 2389 772 2471 (liccat.
786 2390 890 2470 imper.
902 2387 1019 2451 Fredo.
1037 2389 1142 2466 11,t01.
1158 2399 1197 2452 ta
1211 2397 1306 2465 recto;
1320 2393 1353 2452 ln
1367 2391 1439 2452 edlt.
1454 2390 1591 2466 Curcum,
1605 2408 1636 2468 p.
1653 2389 1737 2468 tta.)

611 2580 658 2648 Dc
675 2577 836 2649 mandato
847 2580 938 2669 sacto
946 2599 1010 2670 per
1025 2579 1222 2669 mapistrum
1236 2580 1372 2649 Petrum
1388 2579 1428 2650 dc
1447 2581 1545 2650 Vinea
1558 2579 1693 2671 scripsit
1712 2579 1753 2648 P.
1770 2577 1810 2647 dc
1828 2573 1969 2670 Capera:

610 2701 828 2791 Fredericus‚
849 2711 934 2789 otc,
951 2701 989 2772 B.
1008 2701 1149 2774 Pissono
1163 2701 1348 2793 justitiario
1362 2701 1514 2797 Aprutii‚
1537 2713 1602 2775 etc.
1624 2699 1837 2794 Significavit
1856 2699 1973 2773 excel-

416 2813 421 2824 ’
562 2826 666 2898 lentie
691 2835 806 2896 nostre
822 2823 1079 2897 Bartholomeus
1104 2825 1149 2897 de
1171 2827 1365 2898 Tallacozzo
1384 2825 1496 2898 fidelis
1510 2835 1625 2898 nostor
1649 2823 1745 2918 quod
1759 2823 1918 2896 Andreas
1937 2832 1971 2896 et

561 2949 733 3023 lohannes
751 2947 797 3020 dc
814 2948 982 3020 Pontibus
1003 2949 1039 3018 in
1062 2958 1173 3020 castro
1190 2949 1374 3021 'l'allacozzi
1392 2949 1513 3020 turrim
1531 2957 1797 3021 construxerunt
1816 2947 1861 3020 de
1879 2967 1971 3020 novo

561 3075 683 3167 inquo
705 3093 884 3165 nunquam
904 3072 1023 3142 turrim
1049 3093 1125 3145 esse
1142 3073 1333 3145 consuevit.
1356 3072 1440 3144 Cum
1460 3073 1565 3163 igitur
1588 3071 1656 3145 hoc
1676 3081 1794 3144 contra
1819 3069 1971 3164 prohibi-

562 3197 689 3269 tionem
702 3204 854 3268 nostram
867 3195 995 3267 lactum
1007 3193 1184 3283 videatur,
1204 3197 1358 3267 volantes
1372 3195 1501 3269 exinde
1513 3195 1616 3289 plane
1630 3194 1718 3267 scire
1732 3191 1973 3266 certitudinem

563 3318 732 3406 veritatis,
765 3316 922 3388 fidelitati
954 3325 1013 3389 tue
1041 3318 1264 3411 precipiendo
1297 3319 1505 3391 mandamns
1530 3327 1702 3412 quatenus
1732 3339 1796 3412 per
1822 3317 1973 3410 aliquem

563 3441 700 3516 fidelem
723 3439 837 3510 virum
861 3439 906 3512 de
926 3461 997 3534 quo
1016 3441 1111 3513 nulla
1127 3441 1294 3536 suspictio
1313 3441 1432 3514 haberi
1452 3442 1581 3536 possit,
1599 3441 1725 3536 inquiri
1746 3441 1851 3513 iacias
1870 3459 1975 3534 super

563 3565 630 3638 hoc
641 3563 840 3656 diligentius
854 3564 1031 3636 veritatem
1050 3589 1059 3634 ε
1076 3585 1148 3658 quo
1159 3573 1311 3659 tempore
1327 3565 1456 3638 scilicet
1468 3566 1572 3636 turris
1584 3565 1659 3659 ipsa
1673 3573 1868 3637 constructa
1884 3563 1928 3635 sit
1940 3573 1975 3636 et

462 3705 466 3713 ’
563 3689 598 3759 in
614 3709 684 3781 qua
695 3698 792 3782 parte
808 3689 909 3759 castri
924 3697 958 3759 et
970 3688 1072 3780 cujus
1087 3688 1189 3760 etiam
1205 3687 1394 3760 altitudinis
1408 3698 1442 3760 et
1457 3691 1563 3762 forme
1574 3689 1748 3777 consistat,
1762 3686 1973 3781 etquioquid

563 3809 693 3884 exinde
704 3809 883 3882 inventum
898 3811 1001 3882 luerit
1014 3809 1080 3882 sub
1092 3811 1204 3905 sigillo
1221 3822 1282 3884 tuo
1297 3811 1343 3884 ad
1354 3813 1484 3884 curiam
1497 3821 1648 3886 nostram
1666 3811 1797 3884 mistas.

612 3935 737 4006 Datum
755 3933 851 4030 apud
865 3935 1000 4027 Ortam,
1019 3935 1094 4006 XVI
1111 3935 1293 4028 februarii,
1310 3936 1386 4007 Xlll
1401 3935 1610 4008 indictionis.

363 4547 520 4602 trellano
616 4523 853 4628 Fridericus‚
882 4524 1143 4608 Romanorum
1172 4525 1393 4634 imperator,
1422 4522 1553 4606 scribit
1578 4519 1743 4606 senatori
1768 4531 1805 4604 et
1831 4517 1973 4630 populo

560 4653 734 4738 Romano
762 4664 805 4736 ut
833 4654 987 4738 mittant
1008 4655 1256 4765 proconsules
1279 4680 1369 4740 suos
1391 4655 1441 4739 ad
1462 4679 1571 4762 eum,
1592 4652 1733 4764 quibus
1750 4651 1914 4736 honores
1935 4661 1974 4734 et

560 4785 684 4870 officia
700 4786 783 4870 vult
800 4786 985 4871 conferre.
