4564 6038
575 635 652 694 1216
1095 639 1278 700 condent
1304 639 1456 712 QttettTt
1797 642 1876 719 [durs.
1896 643 1988 705 lest.

620 770 659 840 b.
688 770 773 842 ltem
791 773 923 846 babens
942 783 1012 848 tres
1028 797 1162 850 marcas
1184 775 1220 846 in
1236 774 1430 849 redditibus
1449 773 1577 846 babeat
1592 787 1728 848 scutum
1751 778 1846 872 quod
1865 779 1988 852 dicitur

572 891 774 964 Setzisehilt.

587 1076 590 1086 ,
624 1018 660 1088 6.
689 1019 774 1090 ltem
793 1020 1015 1114 prohibeatur
1029 1026 1192 1100 continua
1204 1026 1359 1100 taberna.

623 1136 659 1212 7.
688 1142 1080 1242 ltemvestsspreoiose.

394 1713 506 1823 pm,
623 1678 858 1791 FridericnS,
890 1685 970 1767 dux
997 1685 1173 1769 Austrine
1196 1697 1234 1769 et
1259 1685 1425 1797 Styrus,
1457 1685 1631 1768 Conrado
1658 1685 1920 1768 Romanorum
1942 1683 1980 1765 in

568 1838 698 1923 regem
720 1815 838 1899 electo
861 1817 993 1900 scribit
1017 1819 1066 1901 de
1091 1829 1193 1901 statu
1222 1817 1441 1928 Hungariue
1462 1829 1501 1900 et
1523 1818 1791 1924 laubrorum,
1820 1841 1980 1899 monens

565 1949 670 2056 quod
688 1947 818 2031 divisis
841 1950 990 2058 imperii
1010 1951 1128 2060 copiis
1146 1979 1331 2062 unapars
1349 1979 1417 2060 per
1435 1952 1653 2058 Austriam,
1676 1951 1751 2032 aliu
1768 1977 1838 2059 per
1852 1949 1981 2032 Bohe-

564 2079 683 2160 miam
705 2081 925 2192 descendat,
944 2095 987 2166 ut
1008 2085 1145 2168 deinde
1163 2083 1243 2168 suis
1265 2083 1410 2168 uiribus
1429 2081 1618 2193 adjunctis
1636 2109 1770 2167 omnes
1792 2085 1980 2192 potentiue

564 2213 809 2298 Tartarorum
827 2229 1042 2302 occurrant.

645 2426 739 2507 (Edit.
755 2445 805 2506 ap.
820 2431 1041 2506 Fonsrnrrann,
1058 2431 1137 2495 Neue
1150 2427 1361 2514 Mittdcilurrp„
1375 2439 1398 2494 t.
1409 2431 1463 2511 IV,
1477 2449 1507 2510 p.
1524 2431 1814 2508 tto-Homine,
1829 2432 1884 2493 Dr'e
1894 2429 1975 2494 Gold.

684 2531 812 2596 Clrrooilr
823 2555 879 2598 oon
891 2536 1178 2620 Hodmrcdwaupno,
1193 2537 1340 2612 bothert,
1356 2555 1387 2616 p.
1404 2547 1453 2614 ot,
1469 2547 1504 2598 n·
1517 2537 1561 2618 ι.)

610 2723 762 2796 Glorioso
780 2723 920 2796 domino
938 2745 1002 2797 sno
1021 2723 1178 2798 Conrado
1192 2724 1267 2798 divi
1283 2725 1422 2817 angusti
1441 2723 1613 2797 Frederioi
1633 2719 1841 2795 serenissimi
1861 2724 1974 2818 impe-

560 2845 682 2919 ratoris
703 2847 934 2921 Romanorum
957 2846 1045 2939 filio,
1071 2849 1107 2919 in
1132 2869 1248 2941 regem
1273 2849 1502 2920 Romanorum
1531 2849 1657 2932 electo,
1680 2847 1895 2933 rudericus,
1913 2846 1972 2918 Dei

560 2969 670 3065 gratie
684 2969 759 3042 dux
773 2971 955 3044 Austrieet
968 2973 1140 3067 Styrensis
1158 2980 1193 3046 et
1207 2971 1369 3044 dominns
1382 2970 1538 3042 Carniole
1550 2991 1629 3041 cnm
1644 2969 1828 3042 devotione
1841 2971 1973 3041 sincera

560 3093 867 3190 promptitudinem
889 3095 1076 3168 serviendi.
1102 3096 1350 3170 Universorum
1375 3095 1520 3168 Domino
1545 3095 1626 3166 Jesn
1651 3093 1784 3166 Christo
1807 3094 1867 3186 qni
1891 3115 1971 3165 suos

560 3215 680 3290 fideles
697 3218 930 3313 multipliciter
947 3219 1124 3292 examinat
1143 3221 1178 3290 in
1189 3219 1314 3292 aflectu
1328 3228 1362 3291 et
1375 3219 1512 3307 effectu,
1529 3227 1642 3312 grates
1658 3216 1872 3289 exsolvimus
1885 3237 1970 3310 quas

560 3343 733 3431 valemus,
749 3342 810 3436 qui
827 3341 928 3414 vobis
945 3352 979 3416 et
996 3343 1168 3415 universis
1187 3343 1402 3438 principibus
1424 3341 1545 3413 tribuit
1567 3342 1776 3413 intellectum
1794 3339 1890 3434 quod
1910 3361 1970 3434 pro

560 3463 759 3537 defensione
774 3466 922 3538 nominis
938 3465 1103 3538 Cruoidxi
1124 3477 1159 3540 et
1181 3468 1322 3542 honoris
1342 3466 1478 3562 imperii
1503 3465 1647 3538 accincti
1671 3465 1753 3537 estis
1778 3463 1920 3536 feliciter
1937 3471 1970 3536 et

558 3596 730 3684 potenter.
750 3589 792 3660 llt
805 3589 888 3682 quia
904 3589 949 3664 de
967 3599 1058 3664 statu
1072 3601 1107 3662 et
1120 3611 1282 3684 processu
1298 3611 1434 3662 necnon
1453 3597 1487 3662 et
1504 3589 1639 3662 actibus
1657 3590 1891 3674 Terterornm‚
1911 3607 1971 3681 ρει

558 3733 647 3807 quos
664 3733 810 3804 regnum
837 3714 1039 3808 Hnngarum
1057 3735 1179 3787 versus
1197 3724 1310 3808 partes
1331 3713 1493 3786 Bobemie
1514 3711 1734 3785 ascendendo
1760 3731 1822 3805 ρει
1844 3711 1968 3782 Danu-

557 3835 655 3908 bium
675 3844 727 3908 est
753 3836 935 3930 depastum
960 3845 995 3910 et
1020 3837 1056 3908 in
1079 3837 1324 3912 desolationem
1349 3838 1512 3910 transisse
1536 3835 1726 3909 dinoscitur
1750 3835 1965 3926 generalem,

556 3970 672 4034 vestra
691 3960 865 4034 desiderat
893 3961 1070 4035 sinceritas
1087 3959 1137 4058 (o)
1156 3961 1308 4050 edoceri,
1329 3962 1496 4035 universa
1519 3982 1589 4055 qne
1606 3957 1839 4056 predictorum
1858 3957 1970 4029 rabies

556 4085 672 4158 subito
687 4095 723 4158 et
743 4086 900 4178 nequiter
920 4087 1012 4158 circe
1034 4086 1159 4158 limites
1179 4096 1294 4160 nostre
1319 4095 1408 4158 terre
1426 4084 1655 4180 perpetravit,
1677 4083 1766 4156 infra
1781 4102 1870 4175 qnos
1888 4090 1969 4152 sunt

556 4214 691 4280 tantum
713 4205 758 4280 ad
777 4216 990 4280 momentum
1012 4208 1175 4303 temporis
1198 4207 1382 4298 demorati,
1409 4229 1450 4280 eo
1472 4206 1569 4300 qnod
1593 4213 1745 4278 nostram
1764 4204 1969 4298 presentiam

558 4351 628 4426 qne
643 4331 760 4404 vicina
775 4331 886 4404 luerat
903 4331 1145 4419 formidarent,
1165 4332 1288 4405 occisis
1307 4341 1440 4404 tantum
1456 4339 1595 4402 eentum
1611 4327 1766 4424 personis
1778 4327 1968 4400 humilibus

556 4475 603 4528 ex
618 4454 773 4550 ipsisque
787 4456 946 4528 trecentis
963 4477 1024 4550 per
1042 4465 1177 4528 nostros
1196 4457 1252 4529 vel
1267 4456 1415 4551 emplius
1430 4453 1631 4546 intersectis,
1649 4451 1832 4525 scribimus
1849 4459 1888 4520 ut
1902 4471 1968 4544 pe·

555 4579 656 4654 listis.
676 4580 727 4653 De
743 4587 833 4652 stetu
849 4600 934 4652 vero
948 4581 1045 4674 regni
1056 4579 1243 4676 Hnngarioi
1259 4589 1294 4654 et
1307 4601 1430 4674 regum
1448 4599 1596 4673 quornm
1612 4584 1664 4649 est
1677 4572 1921 4650 exterminium
1934 4579 1969 4644 et

597 4755 638 4836 (a)
661 4755 1024 4819 Vorlslmlllterrcrenitor.
