4524 6012
267 681 359 744 Ιιιιιιστ.
377 679 442 760 13.]
710 679 906 742 HISTORIA
931 679 1222 744 alamannica,
1604 675 1664 736 ’Μ

312 815 446 892 Similes
463 813 600 910 scripsit
621 813 787 907 magistro
800 816 947 890 Iohanni
965 817 1011 892 de
1022 817 1190 892 Panormo
1205 813 1302 912 quod
1317 823 1375 890 sai
1390 833 1469 886 oum
1488 811 1565 907 ipso
1577 811 1665 884 lien·

268 939 334 1012 duo
350 939 397 1013 ad
415 961 533 1034 regem
550 937 756 1036 predictum.

313 1064 397 1134 item
413 1065 570 1156 saepsit:

276 1281 279 1290 Ι
314 1183 534 1277 Frederiuus,
564 1191 647 1276 ein,
673 1185 714 1259 R.
748 1186 793 1261 de
819 1185 950 1260 Amicis
973 1185 1157 1278 iustitiario
1183 1183 1297 1258 Sicilie
1326 1185 1414 1256 nitra
1438 1183 1566 1257 flumen
1591 1185 1668 1276 Sai-

272 1327 363 1398 sum,
394 1317 462 1380 eto.
488 1307 659 1381 Fideliiati
687 1317 746 1382 tua
774 1307 994 1408 precipiendo
1019 1307 1224 1382 mandamus
1252 1316 1424 1400 quatenus
1449 1307 1479 1378 si
1508 1306 1669 1400 magister

271 1429 441 1502 Iohannes
461 1429 508 1504 de
522 1431 708 1520 Panemo,
726 1431 879 1506 notarius
896 1439 931 1502 et
943 1429 1055 1504 fidelis
1072 1439 1203 1521 noster,
1221 1428 1419 1504 infirmitate
1438 1440 1601 1524 gravatus
1618 1431 1670 1504 irs

273 1573 338 1625 non
362 1553 514 1650 potuerit
541 1574 621 1626 oum
644 1554 791 1627 Honrioo
812 1553 947 1628 annau
969 1553 1065 1649 apud
1086 1553 1265 1628 Tunisium
1291 1574 1371 1626 oum
1395 1553 1519 1626 iiotsris
1547 1555 1670 1628 nostris

273 1697 355 1770 quas
372 1677 448 1772 regi
461 1676 629 1752 duximus
645 1675 880 1768 doetinandas,
898 1677 989 1750 siout
1006 1677 1074 1750 sibi
1092 1677 1252 1752 dedimus
1266 1697 1327 1771 per
1343 1676 1477 1750 lioteras
1489 1685 1622 1750 nostras
1634 1677 1671 1749 in

276 1799 464 1882 mandatis,
488 1800 646 1873 invenias
672 1800 777 1872 aiiurn
806 1798 1036 1884 idoneumei
1055 1798 1240 1874 discretum
1261 1799 1375 1872 virum
1396 1799 1458 1892 qui
1483 1799 1528 1872 ad
1555 1821 1671 1894 regem

275 1921 466 2018 predictum
481 1945 562 1996 oum
575 1922 697 1998 eudem
712 1923 858 1998 Henrioo
873 1921 999 2000 debeat
1014 1945 1052 1996 se
1067 1925 1233 2014 oonierrs,
1249 1941 1470 2017 pruoessurus
1485 1923 1522 1994 in
1535 1924 1674 2017 negotio

275 2045 367 2140 quod
388 2047 611 2142 paraturam
632 2047 841 2144 presentium
856 2045 1033 2120 diberium
1056 2045 1102 2120 de
1124 2045 1373 2120 Pentetremulo
1396 2045 1462 2116 sibi
1483 2046 1671 2136 minuimus,

274 2169 371 2259 juxta
388 2168 485 2262 quod
498 2167 590 2244 idem
609 2171 670 2266 qui
688 2191 828 2244 oausmn
849 2170 947 2244 novit
965 2192 1012 2244 ex
1032 2177 1131 2266 paria
1147 2177 1262 2242 nostra
1279 2175 1440 2241 oretenus
1456 2169 1489 2241 ei
1503 2171 1629 2244 referet
1643 2181 1676 2244 et

280 2290 405 2364 exinde
420 2293 535 2388 ipsum
551 2293 697 2378 instruet
710 2292 902 2386 diiigenter.

319 2416 449 2488 Datum
464 2412 518 2514 [ιιι
532 2414 665 2514 supro}

327 2538 411 2612 iiam
427 2539 461 2610 X
481 2538 646 2612 februarii
668 2547 707 2612 ut
726 2537 903 2612 eontinent
918 2536 1148 2632 infrascripta,
1164 2537 1253 2610 faute
1266 2545 1350 2610 sunt
1362 2537 1477 2610 liotore
1498 2557 1561 2631 per
1578 2537 1619 2610 G.
1635 2536 1680 2611 de

284 2660 388 2734 Toooo
406 2661 452 2735 ad
469 2662 673 2755 magistrum
690 2659 908 2738 Theodorum
925 2668 965 2732 ut
986 2659 1113 2734 sodbat
1127 2659 1201 2754 regi
1224 2661 1260 2732 in
1283 2659 1400 2734 liutara
1420 2661 1558 2734 arabica
1577 2682 1682 2756 super

284 2785 420 2876 negotio
452 2783 651 2879 supradicto
681 2790 717 2857 et
742 2783 847 2858 missa
877 2793 929 2857 asi
959 2783 992 2858 ei
1021 2792 1113 2856 caria
1140 2783 1285 2878 sigillata
1316 2792 1352 2858 at
1379 2805 1448 2856 non
1474 2784 1600 2880 soriptu
1627 2786 1683 2856 si-

285 2905 365 2999 giilo
381 2903 471 3000 (sia).

330 3031 414 3100 item
432 3030 589 3122 scripsit:

332 3151 551 3243 aradorium,
575 3157 659 3242 ete,
690 3149 842 3224 Obberio
868 3149 1129 3224 Fuilamonaoho
1154 3157 1285 3224 secreto
1308 3149 1483 3242 Panormi,
1507 3160 1572 3225 eto.
1599 3151 1686 3226 Cum

289 3273 569 3347 mandaverimus
589 3273 753 3364 magistro
777 3273 922 3347 Iohanni
939 3273 984 3347 de
999 3275 1168 3346 Panormo
1186 3273 1320 3347 notario
1339 3283 1373 3347 et
1390 3275 1536 3348 Hsnrioo
1560 3275 1687 3349 Abbati

291 3395 449 3471 fidelibus
464 3397 589 3469 nostris
604 3405 645 3468 ut
663 3393 709 3468 ad
728 3416 846 3488 regern
863 3396 982 3468 Tunisi
1001 3419 1062 3491 pro
1080 3395 1291 3492 quibusdam
1309 3397 1456 3470 servitiis
1472 3399 1596 3472 nostris
1620 3420 1689 3493 que

291 3519 372 3616 ipsis
398 3518 632 3592 oommisimus
654 3517 879 3612 exequenda,
903 3518 1050 3592 debeant
1070 3541 1109 3592 se
1131 3521 1302 3609 oonierra,
1326 3517 1481 3593 fidelitati
1499 3529 1558 3593 tus
1579 3522 1688 3616 preci-

292 3641 419 3738 piendo
443 3641 649 3714 mandamus
671 3649 845 3736 quatenus
862 3640 1004 3736 aliquod
1020 3642 1149 3714 bonum
1175 3643 1362 3715 vasseilum
1385 3641 1545 3716 invenias
1563 3643 1599 3716 in
1620 3667 1691 3740 quo

294 3765 343 3840 ire
360 3775 529 3862 oportune
553 3766 691 3838 valeant
706 3773 741 3838 et
756 3763 886 3853 redire,
908 3763 1004 3860 quod
1027 3764 1152 3838 armni
1177 3764 1282 3838 iacias
1308 3765 1466 3838 strabus
1492 3767 1692 3840 necessariis

297 3890 483 3985 preparari,
500 3897 535 3962 et
546 3889 660 3982 ipsum
678 3888 729 3962 eis
749 3888 916 3981 assignes,
936 3887 1066 3960 nuliam
1077 3887 1113 3958 in
1127 3888 1194 3961 hoo
1206 3909 1340 3960 moram
1354 3889 1555 3982 protrahens
1568 3899 1607 3962 ut
1626 3890 1692 3985 ipsi

296 4013 446 4086 eeleriter
460 4010 614 4107 proniora
632 4011 770 4085 servitia
788 4021 903 4085 nostra
916 4011 1006 4085 sieut
1022 4011 1166 4108 expedit
1181 4020 1409 4106 exequantur.

339 4137 464 4208 Datum
481 4129 530 4233 [ui
546 4129 676 4234 supro}

1237 4431 1491 4447 σι’-..Ἁ-

298 4705 301 4712 *
352 4745 572 4830 Mandatum
589 4749 640 4832 ad
656 4748 860 4832 Henncum
872 4683 1151 4858 praeceptorem
1165 4709 1367 4833 domorum
1381 4749 1538 4834 militiae
1552 4751 1697 4861 Templi

1744 4757 1882 4858 diffisa
