4374 6010
238 689 334 757 tac.
353 692 421 772 ra]
685 691 883 757 ursruarn
906 679 1200 758 nrrtoimrrcn
1587 681 1649 748 8³⁹

239 824 360 898 rationi
377 825 570 900 commissis
584 826 668 900 dicti
690 837 928 925 procuratores
949 831 1139 925 solverent,
1155 838 1189 904 ct
1210 827 1276 901 boc
1296 825 1378 900 ideo
1401 846 1446 898 ne
1467 822 1649 896 occasione

239 948 438 1041 hujusmodi
464 951 605 1024 collecta
625 950 719 1025 illius
745 953 909 1051 temporis
928 952 1090 1052 impediri
1118 954 1262 1028 valmet.
1284 949 1403 1046 Nuper
1426 956 1542 1021 autem
1564 945 1648 1018 dicti

239 1073 376 1145 vassalli
398 1073 501 1146 nobis
520 1073 694 1148 humiliter
718 1078 955 1173 supplicarunt
978 1075 1177 1172 quodcum
1204 1073 1355 1171 quedam
1382 1071 1555 1168 quantitas
1577 1089 1647 1142 non

239 1196 350 1268 minor
372 1195 557 1271 duodecim
575 1199 756 1274 unciarum
777 1202 855 1274 auri
876 1223 917 1276 ex
936 1201 1152 1297 impositione
1175 1199 1260 1274 dicti
1273 1197 1449 1291 justitiarii
1473 1204 1509 1268 et
1529 1215 1648 1290 recep·

241 1319 332 1392 tione
349 1329 613 1416 procuratorum
624 1322 778 1420 ipsorum
794 1325 840 1397 ab
856 1325 940 1420 ipsis
952 1324 1109 1398 vassallis
1121 1324 1224 1396 luerit
1237 1321 1422 1418 persoluta,
1437 1338 1531 1390 nunc
1544 1317 1648 1390 ctiam

239 1439 451 1516 adveniente
468 1445 619 1540 presenti
636 1447 792 1538 collecta,
810 1469 874 1522 sue
888 1457 927 1520 ut
944 1457 1100 1520 asserunt
1116 1447 1163 1520 ad
1178 1454 1364 1540 utrumque
1381 1439 1648 1540 persolvendum

240 1587 309 1639 non
327 1575 513 1662 suppetant
528 1568 727 1662 luoultutes,
752 1571 936 1668 providere
962 1571 1048 1669 ipsis
1066 1569 1112 1644 de
1133 1579 1247 1644 nostra
1274 1568 1384 1664 gratia
1408 1565 1646 1662 dignaremur.

239 1688 306 1762 Nos
317 1689 426 1784 igitur
442 1700 477 1764 et
493 1691 633 1766 collecte
645 1695 815 1790 presentis
831 1695 1116 1793 impedimentum
1133 1695 1275 1768 omniuo
1288 1701 1322 1766 et
1340 1689 1551 1764 intolerabile
1564 1687 1650 1763 fide·

238 1813 323 1886 lium
337 1824 532 1888 nostrorum
546 1839 734 1910 gravamen
747 1841 789 1894 ac
804 1817 1067 1894 diminutionem
1080 1817 1237 1894 solvendi
1252 1815 1360 1892 debiti
1371 1813 1534 1889 declarati
1548 1814 1650 1888 vitari

239 1937 409 2030 volentes,
424 1939 464 2010 B.
479 1939 620 2015 Pissuuo
631 1942 819 2035 justitiario
829 1943 964 2040 Aprutii
976 1943 1159 2017 scribimus
1174 1951 1213 2014 ut
1229 1941 1258 2014 si
1275 1941 1305 2014 ei
1324 1938 1513 2012 constiterit
1526 1938 1571 2013 de
1583 1937 1650 2034 hys

239 2082 308 2155 que
327 2062 478 2136 continet
494 2065 700 2160 supplicatio
718 2065 967 2162 predictorum,
981 2087 1041 2140 eos
1057 2087 1122 2140 nec
1134 2065 1287 2161 requirat
1302 2061 1432 2138 exinde
1441 2083 1507 2136 nec
1521 2062 1650 2158 requiri

239 2185 421 2280 permictat
436 2197 472 2260 et
490 2188 658 2284 quioquid
680 2189 853 2266 invenerit
879 2191 942 2264 tibi
965 2187 1120 2265 notificet
1141 2188 1236 2285 quod
1257 2189 1293 2262 in
1315 2188 1381 2285 hys
1403 2186 1549 2262 discrete
1569 2207 1649 2284 pro·

240 2307 357 2382 cedas.
377 2309 492 2396 Quare
507 2311 716 2386 mandamus
732 2325 904 2409 quatenus
921 2335 942 2387 a
959 2312 1238 2408 procuratoribus
1254 2311 1411 2404 ejusdem
1429 2310 1573 2384 ecclesie
1590 2309 1651 2405 qui

240 2433 381 2504 luerunt
397 2454 447 2506 cx
469 2454 540 2528 qno
560 2435 699 2508 vacavit
723 2457 835 2531 usque
862 2436 967 2510 adid
990 2436 1153 2532 temporis
1178 2455 1250 2530 quo
1271 2456 1348 2508 eam
1374 2432 1652 2530 procuratoribus

240 2555 448 2651 supradictis
459 2557 600 2632 nomine
613 2559 734 2653 prelati
750 2559 903 2654 magistri
915 2558 957 2632 G.
976 2559 1209 2633 commisimus
1226 2556 1491 2654 procurandam,
1508 2556 1553 2630 de
1566 2565 1653 2630 tem·

240 2699 325 2774 pore
341 2700 414 2775 quo
432 2690 671 2776 pmcuratores
687 2684 827 2756 luemnt
850 2693 889 2756 ut
906 2683 1038 2757 dictum
1054 2692 1125 2775 est,
1146 2682 1292 2778 recipias
1313 2681 1495 2775 diligenter
1511 2690 1546 2755 et
1564 2679 1652 2756 fide-

241 2801 319 2876 liter
335 2803 518 2894 rationem,
537 2813 571 2876 et
583 2815 766 2900 postquam
785 2803 846 2877 tibi
865 2805 1054 2878 constiterit
1074 2827 1137 2901 per
1154 2804 1285 2877 dietum
1299 2803 1522 2896 justitiarium
1538 2813 1574 2876 et
1592 2825 1653 2900 per

242 2925 477 3021 inquisitionis
491 2935 550 3001 tue
567 2928 722 3002 studium
738 2927 784 3002 de
795 2927 861 3024 bys
879 2950 949 3024 que
967 2927 1059 3002 dicta
1072 2927 1277 3023 supplicatio
1292 2928 1454 3015 continet,
1473 2926 1652 2999 residuum

241 3047 350 3122 debiti
369 3049 466 3145 quod
482 3051 659 3124 inveneris
676 3073 746 3124 non
763 3053 913 3126 solutum
932 3051 977 3125 de
993 3050 1164 3147 perceptis
1180 3060 1334 3146 tempore
1348 3049 1409 3123 illo
1429 3050 1652 3146 proventibus

237 3174 341 3266 juxta
357 3173 483 3269 prioris
497 3174 652 3249 mandati
670 3175 776 3249 nostri
793 3185 964 3268 tenorem,
982 3175 1145 3272 suppleas
1165 3173 1211 3247 ad
1230 3194 1319 3270 opus
1339 3173 1422 3247 dicti
1441 3174 1596 3267 magistri
1608 3176 1648 3248 G.

240 3298 523 3391 procuratoribus
548 3299 766 3393 memoratis,
789 3307 824 3373 et
851 3299 1010 3372 residuos
1035 3297 1082 3372 ad
1105 3320 1194 3394 opus
1223 3308 1379 3372 nostrum
1406 3297 1550 3395 recipias
1577 3299 1652 3373 sine

241 3440 355 3513 mora,
377 3431 548 3496 cantuset
562 3423 710 3518 diligens
726 3445 771 3497 ne
787 3423 845 3498 vel
863 3423 899 3496 in
918 3423 1050 3497 ratione
1065 3419 1225 3519 ponenda
1240 3423 1296 3496 vel
1316 3423 1487 3520 perceptis
1502 3443 1651 3521 proven·

242 3542 336 3617 tibus
352 3545 480 3619 nostris
496 3547 603 3643 possit
618 3548 834 3643 aliquatenus
850 3546 947 3620 curia
964 3545 1176 3621 defraudari.

287 3671 418 3742 Datum
433 3669 595 3765 viterbii,
616 3672 678 3744 XV
692 3671 825 3761 martii,
845 3671 923 3744 Xlll
938 3670 1149 3745 indictionis.

290 3788 468 3890 [Addimus
487 3817 506 3865 e
524 3797 675 3890 marytre
688 3791 716 3894 :]
730 3795 832 3868 Lutor
852 3804 1053 3890 procurator
1068 3794 1294 3869 vamudorum
1319 3793 1458 3868 nomine
1475 3791 1588 3867 Adam
1607 3792 1653 3867 de

242 3915 374 4012 Pupero
386 3915 573 4008 habitator,
588 3919 650 4014 qui
664 3917 788 3994 detulit
797 3919 883 3992 alias
893 3919 1022 3994 similes
1032 3918 1217 4014 justitiario
1226 3917 1361 4015 Aprutii
1372 3920 1516 4016 scriptas
1528 3918 1652 3993 ecdem

244 4037 301 4112 die
317 4039 354 4112 in
373 4049 541 4156 quaterno
558 4043 709 4138 generali
728 4043 795 4139 (t).

280 4306 315 4380 (t)
332 4307 411 4366 Unde
423 4323 525 4366 novum
537 4285 648 4369 alienor
665 4308 847 4370 testimouium
859 4309 932 4385 quod
944 4310 1026 4371 hocce
1039 4316 1175 4388 regestum
1188 4329 1222 4370 ex
1236 4313 1319 4372 altem
1332 4312 1448 4387 generali
1463 4317 1568 4386 regesto
1581 4325 1653 4368 nunc

244 4402 382 4478 deperdito
393 4410 591 4484 transumptum
602 4407 690 4481 luerit,
703 4407 825 4484 pluribus
835 4408 942 4469 emissis
952 4409 994 4467 vel
1007 4409 1120 4469 brevius
1130 4410 1255 4470 exaratis
