4374 6010
520 687 582 751 864
1022 701 1237 764 FRlDlllllCl
1261 699 1434 762 secudu!
1743 701 1823 788 [An.
1844 704 1930 767 1240.

519 831 557 906 et
583 823 779 908 castellani
807 829 920 912 castri
955 833 1171 944 Pectorani,
1198 845 1237 918 et
1267 834 1387 917 ulium
1418 833 1668 918 castellanum
1697 834 1850 920 fidelem
1881 835 1931 920 ab

516 955 652 1038 eodem
668 957 859 1044 Friderico
879 965 993 1047 stetui
1010 967 1218 1076 permittet.

597 1155 845 1264 (Repertrr'mper.
857 1161 978 1225 made.
993 1167 1034 1240 11,
1046 1166 1100 1232 iol.
1114 1175 1152 1230 92
1167 1174 1263 1243 rector
1274 1169 1307 1230 ln
1319 1167 1391 1230 edlt.
1405 1167 1544 1242 cerem,
1558 1185 1590 1248 p.
1605 1167 1689 1250 est.)

564 1331 612 1401 ne
629 1331 798 1425 imperiali
818 1337 973 1414 mandute
997 1341 1087 1430 secto
1099 1363 1167 1434 pcr-
1182 1341 1377 1434 magistrum
1402 1341 1441 1411 ll.
1463 1341 1503 1410 cle
1518 1343 1780 1413 Petrostermr'co
1794 1343 1929 1436 scripsit

518 1451 562 1526 G.
586 1454 626 1524 dc
644 1456 830 1528 Gerontio:

561 1575 775 1670 Fredericus,
789 1589 873 1670 etc,
890 1583 1029 1657 Andree
1043 1585 1089 1658 de
1102 1585 1215 1658 Cicala
1228 1585 1407 1682 capitaneo
1421 1608 1441 1658 a
1456 1596 1552 1681 porta
1566 1587 1681 1659 Roseti
1697 1609 1809 1680 usqne
1821 1589 1928 1660 Tmn-

512 1708 606 1793 tum,
631 1710 696 1774 ete.
718 1703 931 1798 Significavit
943 1709 1147 1782 excellentie
1168 1719 1285 1783 nostre
1295 1709 1497 1782 Fredericus
1513 1707 1566 1804 (l)
1585 1709 1677 1781 lilius
1696 1722 1812 1782 noster
1830 1709 1927 1805 quod

511 1822 746 1898 Montanarius
768 1828 1000 1921 Defensonus‚
1026 1831 1199 1906 Mattheus
1223 1833 1268 1906 de
1295 1833 1481 1921 Psnormo,
1507 1833 1680 1906 Maximus
1705 1831 1750 1905 de
1774 1833 1923 1926 Pepere,

511 1943 654 2019 Gentilis
665 1946 711 2022 de
723 1949 852 2044 Papem
865 1961 900 2024 et
914 1953 1118 2028 Thomasius
1131 1955 1286 2048 Gentilis,
1300 1956 1362 2051 qui
1382 1953 1513 2030 dudum
1530 1965 1769 2051 procuratores
1787 1949 1926 2028 fuerunt

509 2080 579 2143 tum
595 2071 631 2142 in
647 2072 834 2149 Pectorano
853 2099 959 2170 quum
978 2079 1013 2150 in
1032 2080 1110 2152 aliis
1125 2081 1223 2154 terris
1239 2079 1329 2166 suis,
1346 2089 1382 2152 et
1397 2080 1545 2152 lacobus
1559 2079 1663 2152 etiam
1679 2079 1725 2152 de
1743 2079 1925 2150 laurentio

508 2194 570 2288 qui
584 2205 691 2268 terras
707 2197 800 2292 ipsas
816 2199 851 2270 in
867 2203 1020 2294 presenti
1039 2213 1217 2298 procurat,
1241 2213 1350 2275 terras
1372 2203 1466 2297 ipsas
1482 2202 1571 2275 adeo
1594 2203 1742 2297 pessime
1756 2223 1926 2296 procura·

509 2328 604 2408 runt,
620 2319 654 2388 in
669 2321 945 2416 perceptionibus
957 2327 1029 2396 suis
1041 2348 1138 2397 suam
1155 2327 1386 2420 potiusquam
1404 2325 1547 2420 predicti
1559 2325 1728 2398 Frederici
1744 2325 1924 2398 utilitatem

507 2451 693 2535 sequentes
711 2453 746 2516 et
765 2444 850 2518 alies
868 2446 904 2518 in
916 2447 1073 2520 homines
1086 2459 1254 2522 terrerum
1270 2449 1423 2544 ipsarum
1442 2457 1648 2542 gravantes,
1670 2447 1765 2541 quod
1780 2447 1826 2519 de
1842 2469 1923 2544 pro·

507 2565 672 2638 ventibus
687 2588 807 2639 earum
829 2568 922 2642 idem
946 2570 1152 2643 Fredericns
1172 2571 1254 2643 illuc
1277 2571 1380 2644 modo
1402 2591 1440 2643 sc
1463 2571 1641 2643 conterens
1660 2569 1767 2642 nichil
1789 2569 1925 2642 invenit

507 2690 660 2762 omuino.
676 2689 822 2766 Addidit
839 2694 941 2766 etiam
956 2695 1052 2790 qnod
1065 2695 1271 2768 castellanus
1285 2695 1387 2768 castri
1402 2695 1578 2768 Pectorani
1595 2717 1675 2766 cum
1689 2714 1800 2766 uxore
1813 2691 1923 2786 ipsius

506 2813 676 2887 Frederici
693 2837 762 2909 que
778 2817 976 2891 merebatur
990 2819 1026 2892 in
1047 2829 1157 2892 castm
1171 2819 1248 2914 ipso
1265 2827 1301 2890 et
1319 2819 1395 2891 eliis
1415 2818 1461 2892 de
1485 2818 1611 2890 familia
1625 2819 1701 2910 ejus
1722 2815 1924 2889 indecenter

506 2958 544 3010 se
562 2939 680 3029 gessit.
699 2939 798 3014 Unde
818 2963 896 3014 cum
914 2952 983 3014 tum
998 2919 1275 3036 de'processibus
1289 2941 1521 3038 predictorum
1537 2951 1798 3037 procuratorum
1815 2960 1922 3034 quam

505 3061 614 3154 ipsius
633 3062 806 3134 castellani
823 3063 1080 3158 inquisitionem
1096 3065 1245 3136 velimus
1264 3063 1339 3136 fieri
1356 3064 1555 3157 diligentem
1571 3074 1610 3136 nt
1623 3063 1774 3135 sciemus
1791 3061 1836 3135 de
1849 3061 1922 3134 sin·

504 3183 596 3275 gulis
620 3183 819 3272 veritatem,
848 3184 1002 3258 fidelitati
1025 3197 1083 3260 tue
1101 3187 1325 3282 precipiendo
1344 3185 1551 3260 mandamns
1573 3195 1744 3280 quatenus
1769 3185 1814 3258 de
1838 3207 1922 3281 pm·

505 3305 607 3378 dietis
620 3308 782 3379 omnibus
799 3309 1056 3401 inquisitionem
1072 3311 1175 3382 facias
1194 3311 1395 3404 diligentem
1411 3321 1446 3383 et
1463 3308 1632 3405 quiequid
1646 3309 1728 3382 inde
1745 3309 1921 3380 inveneris

505 3439 620 3504 nostre
635 3431 775 3504 studeas
794 3432 990 3505 celsitudini
1013 3435 1190 3507 nunciare.
1211 3435 1370 3507 Preterea
1392 3435 1476 3528 quia
1491 3434 1605 3506 dictus
1620 3431 1823 3505 Fredericus
1836 3453 1921 3527 sup·

504 3555 644 3648 plicavit
660 3555 862 3629 excellentie
880 3566 996 3630 nostre
1013 3567 1052 3628 ut
1070 3560 1151 3650 quia
1169 3580 1216 3630 ex
1234 3559 1406 3654 presentia
1426 3559 1509 3630 dicti
1525 3556 1699 3629 castellani
1715 3565 1749 3628 et
1767 3556 1919 3628 servien-

505 3679 592 3750 tium
610 3679 711 3752 castri
731 3679 904 3752 Pectorani
924 3681 961 3752 in
978 3682 1108 3753 familia
1123 3681 1186 3754 sue
1205 3704 1311 3775 qnam
1331 3682 1380 3754 ibi
1400 3681 1506 3754 habet
1523 3680 1662 3772 gravari
1684 3678 1841 3770 videtur,
1858 3699 1920 3752 eos

503 3801 634 3876 exinde
650 3803 802 3876 amoveri
822 3805 991 3877 vellemus
1009 3814 1044 3877 et
1059 3807 1134 3900 ipsc
1149 3828 1210 3902 per
1228 3827 1408 3902 personam
1427 3806 1529 3877 aliam
1546 3827 1650 3898 quem
1665 3803 1714 3876 ibi
1728 3811 1854 3876 statuet
1873 3802 1919 3876 de

504 3927 662 4028 custodia
672 3928 772 4000 castri
787 3928 897 4022 ipsius
911 3929 1042 4001 curiam
1053 3939 1203 4002 nostram
1216 3938 1352 4003 cautam
1367 3929 1470 4002 faciet
1481 3938 1516 4002 et
1530 3949 1700 4012 weuram,
1711 3925 1920 3999 mandamus

503 4050 565 4123 tibi
584 4059 622 4121 ut
645 4049 827 4144 diligenter
843 4051 1023 4140 colendas,
1042 4061 1077 4125 et
1092 4053 1197 4125 siille
1209 4075 1314 4148 quem
1334 4053 1381 4125 ibi
1400 4051 1641 4126 statuere'vult
1663 4049 1766 4122 fuerit
1784 4047 1915 4138 fidelis,

504 4176 691 4269 degenere
707 4173 990 4264 fideliumortus‚
1012 4177 1110 4249 dives
1122 4187 1157 4250 et
1171 4179 1347 4250 sufficiens
1365 4175 1411 4250 ed
1426 4175 1619 4249 custodiam
1633 4171 1736 4246 castri
1753 4171 1862 4266 ipsius
1883 4179 1919 4243 et

503 4299 599 4394 qued
616 4320 685 4372 non
705 4299 806 4371 tuerit
827 4297 996 4370 oriundus
1019 4300 1065 4372 de
1084 4301 1201 4394 aliqua
1223 4311 1311 4374 terra
1334 4311 1493 4396 suspecta
1513 4320 1579 4372 nco
1603 4297 1647 4369 sit
1675 4295 1753 4367 telis
1777 4293 1823 4368 de
1846 4313 1917 4388 quo

503 4422 611 4518 possit
634 4422 853 4514 aliquatenus
880 4421 1049 4513 dubitari,
1076 4423 1139 4495 sed
1166 4423 1211 4496 de
1233 4445 1275 4497 eo
1299 4424 1344 4495 sit
1371 4433 1487 4496 nostre
1509 4421 1606 4493 curie
1631 4421 1733 4515 plene
1755 4427 1913 4506 cantum,

504 4555 618 4620 amoto
633 4546 816 4617 castellano
833 4543 1006 4639 predicto,
1024 4545 1137 4640 ipsum
1159 4548 1263 4620 statui
1282 4547 1318 4618 in
1335 4547 1457 4620 eodem
1481 4555 1593 4620 castro
1614 4543 1810 4638 permistas.
1826 4539 1916 4612 Ecce

512 4717 787 4742 „..-....-.-,-..
836 4721 882 4726 ...
908 4721 961 4726 .--
977 4721 994 4726 ..
1007 4721 1042 4726 Q
1691 4709 1915 4726 ......-

541 4801 579 4876 (t)
597 4799 704 4860 Scilicet
716 4799 766 4858 iste
777 4799 808 4858 de
821 4801 968 4858 Antiochia
979 4803 1190 4876 cognominatus,
1205 4803 1239 4860 de
1253 4819 1307 4878 quo
1321 4817 1403 4879 supra
1417 4801 1517 4860 mentio
1529 4799 1568 4874 dt,
1584 4817 1612 4876 p.
1630 4801 1693 4857 8l9.
