4524 6012
282 711 375 772 tnrcr.
394 707 455 794 lt]
723 711 920 774 HISTORIA
947 712 1242 776 btcboltttrtcrt.
1629 713 1688 772 ‘tlt

283 848 461 936 tempnunt
483 841 520 912 in
543 839 734 938 dampnum
756 853 912 920 nostrum
938 853 973 918 et
995 843 1226 938 prejudicium
1248 851 1288 916 ut
1310 843 1449 931 misisti,
1471 841 1633 916 volumus
1655 853 1690 915 et

284 963 488 1038 mandamus
501 965 596 1060 quod
612 965 659 1040 ad
672 967 877 1042 solutionem
894 977 1093 1040 cousuetam
1110 975 1146 1040 et
1159 965 1312 1040 debitam
1325 967 1466 1040 omnino
1487 967 1687 1062 compellas.

285 1088 391 1182 Super
406 1089 496 1162 iacto
511 1109 594 1162 vero
605 1091 687 1162 salis
700 1089 745 1164 de
756 1093 857 1184 cujus
873 1090 1064 1186 portatione
1076 1091 1122 1162 ab
1133 1089 1258 1186 Apulia
1275 1100 1311 1164 et
1323 1091 1369 1164 de
1381 1091 1527 1186 imperio
1542 1091 1578 1162 iu
1588 1090 1691 1182 justi·

286 1212 456 1284 tiariatum
470 1213 604 1308 Aprutii
619 1214 810 1309 dampnum
822 1236 892 1287 nou
903 1213 1080 1288 modicum
1097 1215 1277 1310 provenire
1287 1224 1346 1288 tue
1356 1215 1474 1288 lictore
1486 1213 1687 1304 recitabant,

287 1355 361 1407 ecce
377 1335 475 1428 quod
486 1331 839 1430 justitiario'regionis
860 1337 969 1432 ipsius
987 1337 1171 1410 scribimus
1192 1359 1239 1412 ex
1261 1359 1355 1409 nunc
1367 1339 1470 1430 juxta
1491 1337 1690 1432 petitionem

289 1469 377 1530 tuam
396 1468 511 1532 noetm
535 1459 787 1554 beneplacitum
812 1462 1019 1550 voluntatis,
1040 1471 1075 1535 et
1090 1471 1129 1534 ut
1147 1459 1193 1534 ad
1217 1460 1476 1556 requisitionem
1492 1470 1586 1534 tuam
1604 1459 1691 1532 illud

290 1581 444 1655 ordinare
458 1591 629 1678 procuret.
646 1585 697 1656 Tu
712 1606 814 1672 vero,
830 1594 898 1659 etc.

333 1704 456 1778 Datum
470 1703 624 1797 Fnligni,
646 1705 690 1776 tv
708 1705 892 1797 lebwar-ii,
912 1708 991 1780 Xlll
1006 1705 1213 1779 indictionis.

333 1827 417 1898 ltem
433 1825 474 1898 de
490 1825 600 1898 ωᾱεηι
611 1827 769 1901 mandato
785 1830 920 1924 scripsit
937 1829 1048 1900 idam.-

333 1949 541 2034 Fridericus‚
554 1952 685 2040 etc.‚B.
696 1951 837 2024 Pissono
844 1950 1266 2046 justitiarioAprutii,otc.
1277 1931 1601 2043 Significavitnobis
1609 1949 1693 2024 Cris

292 2076 358 2148 cius
372 2073 601 2147 amalfitanus
616 2075 778 2170 magister
789 2075 998 2148 camerarius
1010 2073 1145 2169 Aprutii
1162 2072 1273 2146 fidelis
1291 2083 1405 2146 noster
1420 2073 1516 2168 quod
1532 2083 1571 2145 tu
1587 2075 1695 2168 quin-

292 2199 452 2292 quaginta
475 2199 595 2271 uncine
617 2199 693 2271 auri
717 2199 894 2294 impositas
921 2198 1057 2273 dudum
1079 2199 1286 2271 monasterio
1309 2199 1423 2270 Sancti
1445 2198 1627 2271 Clementis
1650 2198 1696 2271 de

293 2321 437 2394 Piscaria
455 2321 500 2394 de
519 2321 622 2394 bonis
645 2322 771 2416 ipsius,
795 2322 923 2395 babere
945 2343 1026 2394 cum
1048 2321 1209 2394 instantia
1231 2321 1346 2415 exigis
1371 2330 1407 2393 et
1423 2321 1583 2415 requiris.
1610 2320 1694 2392 Cum

290 2445 390 2537 igitur
414 2445 559 2517 ecclesia
581 2445 657 2539 ipsa
680 2467 761 2518 cum
785 2445 947 2517 omuibus
962 2445 1066 2516 bonis
1087 2445 1159 2515 auis
1179 2443 1225 2516 de
1248 2443 1412 2516 mandato
1431 2452 1545 2516 nostro
1570 2465 1696 2538 procu·

289 2579 380 2642 retur
395 2567 442 2640 ad
458 2589 600 2663 presens
619 2567 666 2640 ad
687 2571 776 2662 opus
797 2577 972 2658 nostrum,
995 2566 1150 2638 fidelitati
1171 2577 1230 2638 tue
1246 2565 1467 2662 precipiendo
1491 2567 1697 2639 mandamus

289 2701 457 2785 quatenus
473 2691 594 2764 uncias
609 2691 700 2785 ipsas
716 2691 761 2762 ab
779 2691 895 2784 aliquo
911 2711 972 2784 pro
992 2699 1089 2785 parte
1105 2690 1214 2785 ipsius
1232 2690 1432 2762 monasterii
1454 2711 1514 2782 pro
1538 2691 1614 2782 ejus
1634 2689 1698 2763 do·

288 2815 400 2886 manio
416 2835 485 2886 non
498 2815 620 2908 exigas
635 2813 782 2907 amplius
797 2834 864 2884 neo
876 2813 1042 2907 requiras.
1057 2813 1093 2884 Si
1108 2821 1222 2884 tamen
1238 2813 1401 2884 vassallos
1412 2811 1517 2884 babet
1534 2813 1697 2906 aquibus

290 2961 350 3032 pro
367 2938 540 3030 adjutorio
557 2938 632 3032 ipso
648 2935 783 3030 aliquid
796 2937 929 3029 requiri
949 2937 1071 3030 possit,
1087 2935 1306 3009 commodum
1325 2935 1419 3007 curie
1437 2944 1551 3008 nostre
1566 2935 1697 3008 exinde

290 3063 393 3135 lacius
415 3062 505 3134 sicut
525 3059 655 3133 videris
672 3059 856 3153 expedire3
875 3069 909 3131 ot
929 3061 1092 3152 quoniam
1117 3059 1347 3132 intelleximus
1368 3081 1430 3154 por
1448 3059 1581 3132 dictum
1606 3060 1697 3132 Cris·

291 3187 378 3258 cium
398 3185 535 3258 fidelem
550 3195 704 3257 nostrum
721 3183 817 3278 quod
837 3183 992 3256 homines
1013 3183 1163 3256 civitatis
1183 3181 1189 3278 Ι
1212 3183 1375 3255 Theatine
1391 3205 1461 3256 non
1478 3184 1699 3278 prestiterunt
1724 3193 1891 3241 aarum...

291 3309 387 3381 nobis
409 3307 584 3381 fidelitatis
605 3313 818 3380 sacramenta
838 3314 1018 3401 propterea
1040 3305 1125 3400 quia
1140 3305 1271 3379 exinde
1294 3306 1332 3377 in
1354 3307 1479 3380 lictoris
1499 3308 1562 3379 tibi
1587 3308 1699 3380 missis

291 3433 417 3504 mentio
439 3451 509 3503 non
534 3429 659 3520 flebat,
685 3438 719 3502 et
746 3428 843 3523 qnod
866 3426 1003 3521 judicas
1027 3439 1062 3500 et
1089 3429 1211 3502 notarii
1235 3439 1270 3504 et
1293 3431 1450 3502 advocati
1478 3431 1586 3526 ipsius
1611 3441 1700 3505 terre

291 3555 400 3627 officia
423 3577 486 3627 sua
506 3553 665 3626 dubitant
691 3573 855 3626 exercere
878 3553 962 3646 quie
986 3575 1048 3647 per
1074 3552 1251 3646 quondam
1273 3553 1472 3648 episcopum
1496 3555 1700 3628 Tbaatinnm

291 3680 393 3751 meati
416 3679 575 3768 luerunt,
599 3687 737 3773 propter
760 3676 856 3771 quod
875 3679 956 3769 jura
977 3676 1195 3768 bajulationis
1219 3685 1333 3748 nostre
1356 3677 1486 3750 ibidem
1512 3679 1700 3772 plurimum

294 3803 510 3886 minuuntur,
530 3799 735 3874 mandamus
753 3801 815 3872 tibi
836 3809 876 3872 ut
898 3799 1055 3872 homines
1076 3801 1183 3894 ipsius
1209 3810 1297 3872 terre
1319 3802 1505 3896 compellas
1526 3801 1701 3876 fidelitatis

293 3925 617 3999 nobissacramenta
628 3933 778 4019 prestare
788 3926 892 4018 juxta
904 3922 1189 3996 consuetudinem
1200 3925 1299 4017 regni
1311 3925 1436 4011 nostri;
1450 3925 1586 4017 jndices
1597 3927 1700 4000 etiam

293 4050 432 4122 annales
455 4047 585 4121 ibidem
607 4058 756 4139 statuas,
784 4046 970 4121 advocatos
992 4068 1075 4120 vero
1099 4057 1134 4120 et
1158 4048 1309 4120 notarios
1334 4071 1398 4122 sua
1422 4049 1512 4121 siout
1533 4051 1700 4123 hactenus

294 4171 423 4245 ibidem
445 4173 627 4266 permictas
642 4171 755 4244 officia
768 4192 948 4261 exercere,
969 4191 1014 4242 ne
1028 4172 1109 4264 jura
1132 4171 1228 4243 curie
1252 4180 1367 4243 nostra
1382 4172 1506 4246 exinde
1522 4181 1700 4268 propterea

294 4296 504 4366 minuentur.
522 4295 678 4369 Ceterum
694 4315 755 4388 per
773 4291 966 4388 predictum
990 4304 1140 4366 nostram
1157 4294 1367 4366 intellexisse
1383 4295 1522 4367 noveris
1542 4299 1700 4389 majesta·

294 4426 362 4490 tem
376 4417 471 4512 quod
485 4417 592 4490 multa
607 4417 780 4511 quantitas
797 4415 878 4488 salis
898 4414 943 4488 de
959 4413 1086 4510 Apulia
1108 4426 1143 4488 et
1162 4415 1306 4511 imperio
1325 4414 1476 4488 defertur
1491 4418 1526 4488 in
1545 4419 1701 4510 justitiu-

295 4541 418 4614 riatum
432 4539 569 4635 Aprutii
581 4541 642 4612 tibi
651 4539 872 4613 commissum
886 4559 946 4633 per
959 4539 1055 4634 quod
1069 4539 1165 4612 curia
1179 4548 1295 4612 nostra
1308 4561 1377 4612 nou
1394 4539 1571 4613 modicum
1582 4541 1701 4636 damp-

295 4684 376 4735 num
390 4665 545 4735 incurrit.
565 4664 726 4736 Volentes
738 4663 842 4756 igitur
862 4663 987 4734 nostris
1002 4651 1309 4758 indempnitatibus
1325 4663 1527 4758 providere,
1545 4663 1720 4738 fidelitati¹

297 4791 353 4856 tuo
377 4783 600 4880 precipiendo
626 4782 832 4857 mandamus
860 4791 1031 4876 quatenus
1053 4782 1100 4856 ad
1123 4784 1383 4878 requisitionem
1406 4784 1525 4857 Criscii
1555 4787 1700 4880 predicti

374 4909 409 4970 V.
432 4923 521 4968 rma
1501 4915 1536 4968 tt
