4524 6012
495 710 555 772 658
994 709 1210 772 uuluuulcl
1234 711 1408 772 SECUNDI
1721 710 1799 795 [buu.
1819 709 1904 774 lato.

542 845 677 918 slmiles
703 853 839 940 apertas
859 855 894 917 et
914 845 1050 918 clausas
1071 845 1183 920 eidem
1203 845 1338 940 Angelo
1361 845 1498 940 scripsit
1514 844 1609 918 idem
1635 846 1673 918 P.
1694 867 1758 942 pro
1781 847 1908 922 Iacobo

493 953 675 1044 salomone
699 977 734 1040 at
757 967 897 1042 Nicolao
924 966 970 1039 de
990 969 1099 1058 Baro,
1129 968 1378 1042 mercatoribus
1405 969 1590 1058 Romanis,
1618 969 1680 1062 qui
1708 989 1771 1064 pro
1796 968 1908 1042 unciis

493 1091 730 1183 CCCXXXVI,
748 1091 876 1164 debent
889 1091 1041 1186 recipere
1055 1093 1175 1166 uncias
1193 1092 1440 1168 CCCCXLVlll.

541 1215 676 1287 Similes
699 1223 834 1309 apertas
856 1223 890 1286 et
908 1215 1041 1287 clausas
1066 1215 1181 1288 eidem
1204 1217 1341 1313 scripsit
1365 1216 1458 1289 idem
1484 1236 1547 1309 pro
1571 1215 1727 1288 Iohanne
1752 1215 1908 1291 Gorbeu-

493 1340 597 1430 cello,
620 1339 681 1431 qui
706 1359 769 1433 pro
790 1338 902 1410 unciis
920 1338 996 1410 aori
1019 1339 1124 1412 LXIII
1137 1337 1192 1436 Ἄ,
1216 1339 1321 1414 debet
1343 1339 1495 1433 recipere
1521 1337 1643 1410 uncins
1666 1337 1849 1410 LXXXllll
1874 1346 1908 1410 et

495 1473 628 1536 uranos
641 1461 720 1536 XX.
829 1491 831 1496 ’

541 1586 677 1658 Similes
706 1593 843 1678 apertas
869 1593 904 1656 et
927 1585 1062 1658 clausas
1090 1583 1203 1657 eidem
1232 1585 1368 1680 scripsit
1394 1584 1487 1658 idem
1512 1604 1576 1678 pro
1601 1581 1736 1674 ringeln
1760 1592 1795 1658 et
1818 1585 1907 1658 Isu-

494 1709 605 1780 rentio
624 1706 669 1780 de
686 1705 872 1798 Pandollo,
892 1707 1074 1778 Laurentio
1096 1707 1141 1779 de
1162 1705 1271 1797 Gilia,
1293 1707 1539 1781 mercatoribus
1559 1705 1744 1795 Romanis,
1761 1707 1823 1800 qui
1845 1729 1908 1802 pm

494 1831 605 1904 unciis
622 1829 813 1922 CCLXXX,
834 1829 962 1904 debent
977 1831 1131 1925 recipere
1148 1832 1269 1905 uncias
1291 1832 1499 1906 uccuxxlss
1517 1840 1552 1904 at
1571 1839 1709 1904 tarsum
1726 1831 1772 1902 X.

542 1955 677 2028 Similes
706 1962 842 2048 apertas
866 1963 900 2025 ct
925 1954 1057 2027 clausas
1086 1954 1199 2028 eidem
1226 1955 1361 2050 scripsit
1387 1953 1482 2028 idom
1513 1973 1576 2049 pro
1602 1954 1700 2026 Petro
1730 1954 1904 2048 Donadei,

492 2079 632 2152 Nicolao
657 2077 832 2169 Donadei,
853 2087 887 2150 et
908 2077 1008 2151 Petro
1027 2079 1187 2152 Mancino
1212 2080 1460 2154 mercatoribus
1479 2078 1642 2152 Romanis
1663 2079 1810 2173 quipno
1836 2102 1908 2153 un·-

494 2202 556 2274 ciis
572 2201 715 2274 CLXIlll
725 2201 778 2294 7„
797 2201 926 2274 debent
942 2200 1094 2295 recipere
1107 2202 1230 2276 uncias
1247 2201 1472 2295 CCXXllllll,
1492 2212 1627 2276 tarenos
1639 2190 1685 2274 Χ.

541 2326 677 2399 Similes
693 2333 830 2419 apertas
853 2335 888 2396 et
904 2325 1038 2398 clausas
1063 2324 1177 2398 eidem
1197 2326 1333 2422 scripsit
1350 2328 1388 2400 L.
1410 2326 1456 2400 de
1468 2325 1664 2400 Brundusio
1687 2346 1750 2420 pro
1770 2323 1907 2402 Andrea

493 2451 584 2538 Tito,
610 2448 760 2521 Chencio
787 2447 952 2543 Stephani
974 2446 1019 2520 de
1038 2447 1213 2544 Philippo,
1245 2449 1433 2524 Lanrencio
1452 2448 1498 2524 de
1518 2449 1604 2524 Gillo
1629 2457 1664 2522 ot
1691 2448 1906 2543 Tedelgardo

492 2574 598 2660 Rufo,
615 2573 677 2666 qui
697 2593 760 2667 pro
776 2571 889 2644 unciis
909 2570 1192 2661 CCLXXXllllll,
1210 2572 1338 2646 debent
1350 2573 1504 2670 recipere
1521 2573 1644 2648 uncias
1659 2571 1903 2666 COCLXXXV,

493 2707 629 2770 tarenos
644 2697 690 2768 X.
1498 2767 1500 2772 ,

540 2823 698 2915 Sequitur
720 2821 759 2892 dc
784 2819 906 2895 lictoris
922 2818 963 2890 da
986 2829 1104 2892 niatuo
1126 2817 1354 2892 limenorum
1375 2823 1465 2912 [acto
1484 2820 1576 2915 apud
1601 2821 1755 2893 Laudom
1777 2824 1906 2896 XVIIII

492 2947 695 3036 novembris,
714 2945 793 3016 XIII
810 2945 1015 3033 indictionis,
1035 2943 1286 3038 putaturum
1303 2947 1447 3038 quietari
1464 2945 1557 3039 apud
1574 2946 1767 3018 Cremonam
1780 2949 1819 3018 in
1832 2971 1905 3020 mo·

493 3073 610 3145 dietate
627 3071 801 3142 meandris
814 3079 846 3139 ct
858 3091 922 3162 pro
944 3069 1074 3161 ἅψαι(
1083 3071 1222 3162 pecunie
1238 3070 1425 3142 missisunt
1439 3070 1476 3142 in
1492 3089 1632 3162 regnum
1646 3069 1804 3141 solvendi.

560 3193 568 3284 l
588 3195 664 3268 VIII
686 3193 854 3285 Januarii,
884 3189 979 3286 apud
1004 3193 1124 3264 Senas.
1152 3193 1191 3262 ln
1218 3193 1328 3265 forma
1348 3191 1505 3288 predicta
1529 3191 1664 3287 scripsit
1687 3193 1835 3266 Iacobus
1858 3193 1905 3267 de

490 3323 618 3392 Bantra
643 3316 793 3389 Obberto
821 3314 1084 3388 Fallamouacho
1111 3323 1244 3388 secreto
1273 3316 1432 3388 Panormi
1456 3336 1519 3410 pro
1544 3315 1651 3388 Paulo
1671 3316 1902 3408 Malagmmo,

490 3442 630 3516 Nicolao
652 3437 817 3534 Stephani
840 3436 885 3511 da
907 3437 1083 3532 Philippo,
1112 3437 1286 3532 Stephano
1313 3437 1478 3532 Philippi,
1507 3436 1648 3511 Andrca
1682 3447 1717 3510 et
1740 3439 1833 3512 Iaca
1860 3437 1905 3512 de

491 3569 635 3654 Ianuar,
655 3584 718 3658 pro
732 3561 845 3636 unciis
860 3562 936 3634 auri
958 3561 1201 3654 CCCLXVIIII,
1222 3573 1311 3656 quas
1327 3561 1480 3656 recipere
1497 3560 1694 3636 debuerunt
1713 3561 1750 3633 in
1769 3583 1906 3634 camera

491 3687 589 3786 apud
602 3690 803 3761 Cremonam
826 3687 863 3756 in
879 3683 1065 3758 medietate
1083 3685 1279 3759 decembris
1298 3685 1410 3780 primo
1432 3685 1586 3780 preteriti
1606 3685 1685 3756 Xlll
1708 3685 1906 3758 indictionis

491 3834 555 3909 pro
571 3819 692 3883 mutuo
707 3807 804 3903 quod
818 3809 971 3880 iecerunt
983 3807 1079 3903 apud
1092 3807 1247 3880 mudum
1263 3807 1385 3881 XVIIII
1399 3805 1616 3896 novembris,
1633 3815 1669 3880 et
1685 3807 1769 3900 qnia
1781 3807 1905 3880 solutIo

491 3957 609 4010 eorum
629 3933 743 4008 delata
761 3940 814 4006 est
829 3929 1002 4023 usquead
1015 3929 1180 4004 kalendas
1193 3930 1300 4003 madii
1315 3931 1567 4026 stcomputatis
1582 3930 1746 4025 dampnis
1763 3938 1798 4002 et
1819 3930 1906 4002 inte·

491 4080 586 4133 resse
612 4065 761 4152 quatuor
787 4053 961 4128 mensium
991 4062 1027 4126 et
1056 4052 1212 4143 dimidii,
1234 4051 1282 4125 ad
1309 4054 1476 4126 rationem
1501 4075 1564 4148 pro
1588 4052 1736 4144 siugulis
1756 4060 1907 4146 quatuor

464 4183 602 4256 *unciis
620 4182 776 4278 quinque
794 4177 937 4268 uncias,
956 4176 1086 4251 debent
1101 4176 1231 4250 habore
1245 4177 1367 4249 uncias
1382 4175 1558 4249 CCCCLXI
1572 4185 1608 4248 st
1621 4181 1757 4269 quarta.

540 4305 675 4377 Similes
705 4309 839 4397 apertas
866 4310 901 4374 et
927 4303 1061 4374 clausas
1086 4300 1201 4374 eidem
1227 4300 1364 4395 scripsit
1391 4299 1563 4373 lohannes
1592 4298 1639 4372 de
1658 4297 1819 4388 ldronto,
1842 4317 1905 4391 pro

491 4429 663 4523 Stephano
679 4424 847 4520 Philippi,
868 4424 1041 4519 Stephano
1054 4433 1180 4519 nepote
1192 4426 1286 4518 ejus,
1305 4423 1438 4515 Angalo
1456 4422 1580 4494 Rufino
1593 4430 1628 4494 et
1640 4421 1905 4494 NIcolaoDona·

491 4552 566 4641 dei,
581 4549 828 4623 mercatoribus
841 4548 1023 4639 Romanis,
1040 4548 1102 4642 qui
1118 4569 1181 4642 pro
1200 4547 1311 4620 unciis
1329 4546 1505 4622 CCXXXV
1523 4545 1651 4620 debent
1666 4545 1821 4641 recipere
1838 4565 1904 4616 un·

491 4676 562 4748 cias
578 4673 764 4763 CCXCllll,
786 4671 903 4744 minus
920 4680 1054 4765 quarta.

539 4797 674 4870 Slmiles
690 4804 824 4892 apertas
840 4805 875 4868 et
890 4795 1025 4868 clausas
1047 4791 1161 4872 eidem
1183 4793 1319 4889 scripsit
1337 4793 1542 4866 laurentium
1563 4791 1609 4865 de
1627 4787 1823 4863 Brundusio
1842 4808 1905 4883 pro
