4524 6012
562 715 624 777 'ms
1003 749 1007 756 ·
1061 709 1275 772 tntotttttct
1300 707 1473 768 suetinsi
1782 707 1863 785 [Ans.
1880 707 1964 769 leto

562 844 602 928 iu
621 843 730 926 ltalia
752 843 800 926 de
823 842 1058 952 corrigendis
1077 840 1258 924 fratribus
1285 837 1367 946 ejus
1395 863 1444 918 ne
1468 835 1594 918 ‘ferant
1620 837 1819 944 pecuniam
1837 853 1966 919 eontra

562 975 763 1058 domiuum
781 975 1061 1082 imperatorem.

595 1221 597 1226 .
643 1171 772 1252 (licoat.
786 1171 890 1251 imper.
905 1168 1026 1234 diedo.
1041 1109 1085 1242 1³1,
1099 1169 1154 1230 iol.
1170 1175 1206 1228 ot
1222 1173 1318 1238 recem
1332 1167 1364 1226 ln
1379 1165 1451 1228 edit.
1466 1164 1602 1239 mmo..
1615 1181 1648 1242 p.
1665 1165 1749 1243 tto.)

611 1345 660 1416 De
676 1343 848 1437 imperiali
865 1344 1019 1414 mndata
1036 1341 1166 1434 scripsit
1183 1342 1223 1410 P.
1243 1339 1283 1410 de
1297 1339 1441 1432 Capua:

559 1501 562 1510 .
610 1465 826 1555 Fredericus,
844 1473 927 1556 etc,
950 1464 1043 1536 tratri
1057 1463 1205 1536 ilenrico
1224 1460 1413 1556 preceptori
1438 1459 1619 1533 domorum
1642 1459 1760 1532 militie
1780 1459 1909 1555 Templi
1931 1463 1967 1532 in

563 1589 660 1663 ltalia
678 1587 773 1662 fideli
794 1609 870 1677 suo,
890 1596 955 1660 etc.
975 1587 1039 1658 Pro
1053 1593 1145 1658 certo
1162 1606 1225 1656 nos
1239 1583 1402 1656 didicisse
1420 1603 1607 1675 cognosces
1623 1583 1878 1678 quodquidam
1898 1585 1966 1658 lra-

562 1721 631 1785 tres
650 1709 696 1784 de
714 1709 875 1783 domibus
895 1709 964 1780 tuis
986 1709 1082 1780 ltelie
1102 1705 1276 1799 religionis
1300 1705 1456 1778 habitum
1475 1706 1691 1799 abjicientes,
1713 1706 1879 1779 malitiose
1902 1707 1967 1779 sub

563 1855 742 1906 cursorum
769 1833 884 1928 specie
905 1832 1085 1926 pecuniam
1110 1831 1156 1902 ab
1177 1829 1325 1904 inimicis
1342 1829 1466 1901 uostris
1487 1836 1659 1923 acceptam
1682 1828 1814 1901 deleme
1832 1851 1901 1902 non
1923 1831 1966 1900 ti·

565 1965 659 2029 ment
674 1955 878 2028 uadendum
893 1977 954 2049 per
969 1975 1093 2026 monus
1108 1973 1227 2025 eornm
1242 1952 1288 2024 ad
1302 1952 1516 2024 eversionem
1531 1959 1723 2024 nostrorum
1742 1950 1915 2042 fidelium,
1933 1952 1968 2023 in

564 2078 805 2152 detrimentum
828 2078 934 2150 nostri
953 2078 1102 2149 nominis
1120 2075 1311 2148 ethonoris
1327 2075 1413 2146 etin
1431 2073 1628 2146 subsidium
1648 2084 1840 2146 nostrorum
1858 2075 1967 2146 rebel-

563 2203 648 2274 lium
667 2222 708 2273 eo
723 2202 889 2272 levorem.
907 2199 1008 2286 Quod
1022 2209 1152 2294 quanto
1170 2199 1334 2271 serenitas
1349 2205 1463 2270 nostra
1479 2197 1604 2270 debeat
1621 2219 1703 2290 egre
1717 2200 1822 2286 terre,
1842 2197 1968 2290 tuipse

564 2334 728 2417 tanquam
751 2323 804 2394 vir
827 2343 911 2394 sene
934 2322 1059 2394 mentis
1079 2321 1231 2394 dilucida
1247 2330 1343 2416 potes
1356 2333 1390 2393 et
1415 2321 1522 2393 debes
1542 2321 1673 2393 ratione
1694 2320 1849 2392 serutari.
1873 2321 1967 2392 Mou-

564 2447 688 2519 damus
708 2445 813 2535 igitur
835 2442 1056 2538 precipiendo
1073 2441 1228 2516 fidelitati
1247 2453 1307 2514 tue
1325 2453 1512 2537 quatenus,
1538 2465 1583 2516 ne
1602 2443 1638 2514 in
1659 2452 1832 2538 posterum
1852 2430 1968 2516 contre

564 2575 680 2640 nostre
706 2566 890 2658 mejestatis
911 2567 1074 2637 honorem
1094 2566 1175 2638 talia
1196 2575 1449 2660 presumuntur,
1471 2566 1634 2638 cohibeas
1657 2568 1777 2638 iratres
1796 2577 1873 2638 tuos
1894 2577 1928 2638 et
1946 2589 1968 2640 e

564 2688 733 2760 similibus
750 2687 888 2760 studeas
909 2709 1089 2776 revocare3
1108 2689 1257 2759 sciturus
1273 2687 1368 2782 quod
1386 2688 1416 2758 si
1435 2687 1480 2759 de
1495 2697 1608 2761 cetero
1627 2689 1829 2783 contingerit
1844 2689 1965 2783 hujus·

554 2809 659 2883 -modi
681 2831 742 2904 per
765 2809 936 2904 predictos
958 2811 1077 2882 iratres
1103 2819 1179 2882 tuos
1204 2810 1372 2882 commicti
1398 2818 1433 2882 et
1461 2831 1523 2882 nos
1550 2809 1632 2882 inde
1656 2811 1707 2882 sic
1731 2810 1816 2882 certi
1840 2811 1969 2882 erimus

564 2934 653 3006 sicut
671 2955 790 3004 sumus
807 2931 852 3006 de
868 2931 1031 3026 predictis
1050 2953 1128 3004 cum
1143 2944 1317 3027 presentes
1333 2933 1393 3003 tibi
1408 2933 1543 3006 lictores
1555 2932 1770 3026 injunximus
1788 2932 1965 3024 destinari,

564 3056 791 3152 equanimiter
808 3077 877 3128 uon
895 3055 1088 3129 valebimus
1104 3057 1274 3129 sustinere
1288 3055 1354 3151 (l).

614 3182 740 3250 Datum
759 3178 913 3269 Fuligui,
936 3179 980 3249 lll
997 3178 1178 3265 februarii,
1197 3179 1275 3250 xiii
1295 3177 1505 3251 indictionis.

612 3301 771 3373 Notarius
788 3299 943 3392 Angelus
960 3300 1049 3372 tulit.

1782 3511 1963 3526 -h-—q-

601 3630 636 3704 (t)
654 3631 696 3687 dd
714 3631 785 3686 hune
808 3630 895 3688 locum
913 3645 947 3687 ex
965 3630 1071 3688 nomme
1092 3629 1214 3704 ejusdem
1231 3631 1339 3688 Bennoi
1356 3633 1537 3708 praeceptoris
1555 3633 1690 3708 quoddam
1710 3633 1878 3708 privilegium
1895 3635 1967 3692 omni

439 3805 441 3810 Α
563 3725 747 3798 chronologice
759 3731 824 3782 nota
839 3725 996 3784 destitutum
1013 3726 1243 3784 transcribendum
1258 3743 1318 3785 esse
1336 3743 1491 3802 censemus,
1506 3730 1578 3804 quod
1591 3733 1666 3788 extet
1684 3729 1754 3787 inter
1771 3731 1845 3787 Patr.
1859 3729 1890 3786 de
1906 3731 1965 3787 Vin.

564 3821 691 3896 Epistol„
702 3821 750 3879 lib.
765 3823 814 3893 vi,
827 3819 889 3896 cap.
904 3823 1035 3894 xxxiii,
1056 3823 1118 3881 licet
1130 3823 1228 3880 mmms
1242 3829 1305 3880 ante
1319 3839 1403 3882 annos
1416 3840 1575 3883 concessum
1592 3826 1674 3884 luisse
1687 3825 1820 3884 rideatur.
1832 3845 1846 3880 e
1858 3824 1968 3900 [iride-

565 3936 580 3971 s
594 3918 678 3988 ricus,
693 3917 768 3991 stol.
783 3919 833 3975 Per
855 3933 983 3990 praeseus
1004 3920 1134 3993 scriptum
1152 3925 1245 3977 uotum
1262 3920 1320 3978 tisri
1340 3921 1464 3978 volumus
1483 3921 1617 3980 universis
1634 3923 1706 3995 quod
1723 3923 1806 3980 irater
1826 3921 1967 3980 Helorinus

565 4015 734 4072 »demonem
753 4013 846 4070 militie
863 4014 968 4088 'templi
983 4015 1012 4072 in
1033 4015 1109 4072 ltelis
1130 4023 1286 4090 preceptor,
1307 4017 1420 4076 devotus
1436 4023 1464 4076 et
1484 4017 1571 4078 testu
1592 4024 1699 4089 noster,
1723 4018 1858 4091 maiestati
1878 4025 1968 4076 nostre

565 4129 579 4164 a
594 4110 730 4168 humiliter
747 4109 908 4184 supplicarit
925 4116 956 4167 ut
973 4111 1067 4169 domm
1079 4113 1107 4168 in
1121 4112 1232 4186 imperio
1245 4113 1298 4170 sibi
1311 4115 1482 4186 commissas,
1494 4115 1602 4186 buum,
1613 4114 1724 4174 iemiliss
1734 4120 1762 4174 et
1773 4114 1843 4172 bons
1854 4130 1904 4174 suu
1917 4114 1968 4172 sub

565 4212 686 4264 »nostra
707 4213 736 4262 et
756 4205 861 4279 imperii
883 4208 1048 4280 protectione
1068 4207 1103 4264 de
1119 4214 1211 4266 uostm
1229 4209 1314 4282 gratis
1330 4211 1449 4284 recipere
1464 4211 1646 4284 dignaremur.
1660 4212 1716 4268 Nos
1732 4211 1812 4284 igitur
1829 4211 1967 4285 supplice·

566 4303 711 4360 »tionibus
732 4303 852 4374 ejusdem
872 4305 1038 4377 preceptoris
1062 4304 1242 4362 favorabiliter
1262 4305 1391 4378 inclinati,
1409 4322 1458 4364 sue
1472 4307 1622 4366 devotionis
1640 4307 1765 4378 obtentu,
1791 4305 1885 4363 domos
1903 4321 1966 4380 pre·

565 4421 579 4454 s
595 4401 688 4470 dicus,
696 4398 802 4470 iratres,
814 4397 943 4470 tamilias,
954 4405 983 4457 et
993 4400 1063 4458 boun
1075 4417 1129 4474 que
1139 4402 1212 4474 juste
1222 4407 1315 4459 teuent
1326 4407 1354 4459 et
1364 4401 1514 4476 possident,
1528 4403 1580 4462 sub
1590 4409 1683 4462 nostro
1696 4409 1725 4462 et
1736 4403 1842 4477 imperii
1858 4407 1967 4476 protac-

566 4517 580 4550 ι
596 4497 668 4554 boue
681 4494 826 4568 recipimus
838 4496 959 4568 speciali,
974 4498 1123 4570 praesentis
1134 4497 1225 4572 scripti
1239 4499 1396 4556 euomuitete
1408 4501 1567 4558 mandantes
1577 4507 1606 4558 et
1616 4500 1727 4557 tirmiter
1738 4499 1899 4570 inhibentes,
1915 4498 1966 4556 sub

565 4614 580 4647 s
595 4606 666 4665 penu
681 4591 767 4664 gredo
778 4597 882 4663 nostre,
898 4597 1031 4664 quatenus
1046 4593 1134 4650 nullus
1154 4594 1189 4651 sit
1208 4595 1255 4668 qui
1270 4596 1421 4652 nominatas
1441 4597 1549 4669 domos,
1563 4597 1657 4656 batres
1671 4603 1698 4654 et
1711 4595 1840 4668 smnus,
1862 4596 1890 4652 iu
1902 4611 1967 4670 per-

567 4688 684 4759 »sonis,
699 4687 910 4760 possessionibus
928 4693 955 4744 et
970 4688 1049 4746 bonis
1066 4689 1137 4760 suis,
1155 4705 1222 4746 ausu
1243 4691 1383 4750 temerario
1402 4699 1495 4749 centra
1513 4692 1666 4766 hujusmodi
1685 4692 1857 4767 protectionis
1878 4699 1968 4750 nostre

565 4807 581 4842 ι
598 4792 732 4856 onorem,
745 4784 891 4858 impetere,
905 4785 1048 4860 impedire,
1062 4787 1196 4846 offendere
1208 4803 1258 4845 seu
1270 4788 1413 4847 molestare
1426 4795 1589 4862 praesum.
1607 4791 1691 4848 Immo
1707 4789 1823 4849 universi
1835 4795 1864 4848 et
1873 4789 1968 4862 singuli
