<?xml version="1.0" encoding="UTF-8"?>
<!DOCTYPE html PUBLIC "-//W3C//DTD XHTML 1.0 Transitional//EN"
    "http://www.w3.org/TR/xhtml1/DTD/xhtml1-transitional.dtd">
<html xmlns="http://www.w3.org/1999/xhtml" xml:lang="en" lang="en">
 <head>
  <title>
</title>
<meta http-equiv="Content-Type" content="text/html;charset=utf-8" />
  <meta name='ocr-system' content='tesseract 3.04.00' />
  <meta name='ocr-capabilities' content='ocr_page ocr_carea ocr_par ocr_line ocrx_word'/>
</head>
<body>
  <div class='ocr_page' id='page_1' title='image "./historiadiploma01fredgoog_0526.png"; bbox 0 0 4564 6038; ppageno 0'>
   <div class='ocr_carea' id='block_1_1' title="bbox 511 667 1918 746">
    <p class='ocr_par' dir='ltr' id='par_1_1' title="bbox 511 667 1918 746">
     <span class='ocr_line' id='line_1_1' title="bbox 511 667 1918 746; baseline -0.002 -13"><span class='ocrx_word' id='word_1_1' title='bbox 511 673 589 734; x_wconf 87' lang='grc'><strong>1160</strong></span> <span class='ocrx_word' id='word_1_2' title='bbox 1010 673 1221 736; x_wconf 78' lang='lat' dir='ltr'><strong>FllllllllllCl</strong></span> <span class='ocrx_word' id='word_1_3' title='bbox 1242 671 1416 734; x_wconf 77' lang='lat' dir='ltr'><strong>sucorum</strong></span> <span class='ocrx_word' id='word_1_4' title='bbox 1730 667 1809 746; x_wconf 69' lang='lat' dir='ltr'><strong>[Aac.</strong></span> <span class='ocrx_word' id='word_1_5' title='bbox 1829 669 1918 730; x_wconf 74' lang='lat'>1241.</span> 
     </span>
    </p>
   </div>
   <div class='ocr_carea' id='block_1_2' title="bbox 383 803 1920 1028">
    <p class='ocr_par' dir='ltr' id='par_1_2' title="bbox 383 803 1920 1028">
     <span class='ocr_line' id='line_1_2' title="bbox 508 803 1920 903; baseline -0.001 -23"><span class='ocrx_word' id='word_1_6' title='bbox 508 807 637 880; x_wconf 86' lang='lat' dir='ltr'><strong>devote</strong></span> <span class='ocrx_word' id='word_1_7' title='bbox 656 817 694 878; x_wconf 92' lang='lat' dir='ltr'><strong>ut</strong></span> <span class='ocrx_word' id='word_1_8' title='bbox 711 809 825 903; x_wconf 91' lang='lat' dir='ltr'><strong>ipsum</strong></span> <span class='ocrx_word' id='word_1_9' title='bbox 841 820 876 882; x_wconf 92' lang='lat' dir='ltr'><strong>et</strong></span> <span class='ocrx_word' id='word_1_10' title='bbox 893 811 1072 884; x_wconf 88' lang='lat' dir='ltr'><strong>ecclesiam</strong></span> <span class='ocrx_word' id='word_1_11' title='bbox 1090 831 1190 882; x_wconf 87' lang='lat' dir='ltr'><strong>suam</strong></span> <span class='ocrx_word' id='word_1_12' title='bbox 1209 809 1255 882; x_wconf 91' lang='lat' dir='ltr'><strong>ab</strong></span> <span class='ocrx_word' id='word_1_13' title='bbox 1276 829 1399 882; x_wconf 91' lang='lat' dir='ltr'><strong>eorum</strong></span> <span class='ocrx_word' id='word_1_14' title='bbox 1417 803 1714 879; x_wconf 75' lang='lat' dir='ltr'><strong>molestationibus</strong></span> <span class='ocrx_word' id='word_1_15' title='bbox 1734 805 1920 878; x_wconf 81' lang='lat' dir='ltr'><strong>clementer</strong></span> 
     </span>
     <span class='ocr_line' id='line_1_3' title="bbox 383 927 1920 1028; baseline -0.001 -24"><span class='ocrx_word' id='word_1_16' title='bbox 383 971 385 976; x_wconf 85' lang='lat'><em>.</em></span> <span class='ocrx_word' id='word_1_17' title='bbox 507 931 641 1026; x_wconf 87' lang='lat' dir='ltr'><strong>eripere</strong></span> <span class='ocrx_word' id='word_1_18' title='bbox 657 931 891 1026; x_wconf 81' lang='lat' dir='ltr'><strong>dignaremur.</strong></span> <span class='ocrx_word' id='word_1_19' title='bbox 909 936 977 1008; x_wconf 88' lang='lat' dir='ltr'><strong>Nos</strong></span> <span class='ocrx_word' id='word_1_20' title='bbox 996 935 1102 1028; x_wconf 78' lang='lat' dir='ltr'><strong>igitur</strong></span> <span class='ocrx_word' id='word_1_21' title='bbox 1127 933 1293 1006; x_wconf 85' lang='lat' dir='ltr'><strong>babentes</strong></span> <span class='ocrx_word' id='word_1_22' title='bbox 1313 953 1374 1028; x_wconf 91' lang='lat' dir='ltr'><strong>pre</strong></span> <span class='ocrx_word' id='word_1_23' title='bbox 1391 931 1500 1002; x_wconf 90' lang='lat' dir='ltr'><strong>oeulis</strong></span> <span class='ocrx_word' id='word_1_24' title='bbox 1521 927 1679 1022; x_wconf 87' lang='lat' dir='ltr'><strong>ejusdem</strong></span> <span class='ocrx_word' id='word_1_25' title='bbox 1698 927 1826 1001; x_wconf 87' lang='lat' dir='ltr'><strong>devota</strong></span> <span class='ocrx_word' id='word_1_26' title='bbox 1846 949 1920 1002; x_wconf 90' lang='lat' dir='ltr'><strong>ser·</strong></span> 
     </span>
    </p>
   </div>
   <div class='ocr_carea' id='block_1_3' title="bbox 493 1053 1928 4618">
    <p class='ocr_par' dir='ltr' id='par_1_3' title="bbox 493 1053 1928 4618">
     <span class='ocr_line' id='line_1_4' title="bbox 506 1053 1928 1153; baseline 0.002 -25"><span class='ocrx_word' id='word_1_27' title='bbox 506 1055 677 1149; x_wconf 87' lang='lat' dir='ltr'><strong>vitiaque</strong></span> <span class='ocrx_word' id='word_1_28' title='bbox 694 1057 794 1130; x_wconf 88' lang='lat' dir='ltr'><strong>nobis</strong></span> <span class='ocrx_word' id='word_1_29' title='bbox 815 1067 849 1131; x_wconf 90' lang='lat' dir='ltr'><strong>et</strong></span> <span class='ocrx_word' id='word_1_30' title='bbox 868 1059 1012 1153; x_wconf 91' lang='lat' dir='ltr'><strong>imperio</strong></span> <span class='ocrx_word' id='word_1_31' title='bbox 1028 1080 1164 1152; x_wconf 85' lang='lat' dir='ltr'><strong>semper</strong></span> <span class='ocrx_word' id='word_1_32' title='bbox 1179 1057 1315 1130; x_wconf 89' lang='lat' dir='ltr'><strong>studuit</strong></span> <span class='ocrx_word' id='word_1_33' title='bbox 1331 1055 1497 1128; x_wconf 81' lang='lat' dir='ltr'><strong>exhibere</strong></span> <span class='ocrx_word' id='word_1_34' title='bbox 1515 1073 1580 1126; x_wconf 93' lang='lat' dir='ltr'><strong>uec</strong></span> <span class='ocrx_word' id='word_1_35' title='bbox 1600 1074 1668 1126; x_wconf 93' lang='lat' dir='ltr'><strong>nou</strong></span> <span class='ocrx_word' id='word_1_36' title='bbox 1692 1062 1728 1124; x_wconf 92' lang='lat' dir='ltr'><strong>et</strong></span> <span class='ocrx_word' id='word_1_37' title='bbox 1747 1053 1928 1132; x_wconf 83' lang='lat' dir='ltr'><strong>orationes.</strong></span> 
     </span>
     <span class='ocr_line' id='line_1_5' title="bbox 506 1175 1919 1272; baseline -0.001 -24"><span class='ocrx_word' id='word_1_38' title='bbox 506 1199 576 1272; x_wconf 88' lang='lat' dir='ltr'><strong>que</strong></span> <span class='ocrx_word' id='word_1_39' title='bbox 588 1179 622 1249; x_wconf 93' lang='lat' dir='ltr'><strong>iu</strong></span> <span class='ocrx_word' id='word_1_40' title='bbox 636 1180 780 1252; x_wconf 88' lang='lat' dir='ltr'><strong>ecclesia</strong></span> <span class='ocrx_word' id='word_1_41' title='bbox 798 1203 861 1252; x_wconf 90' lang='lat' dir='ltr'><strong>sua</strong></span> <span class='ocrx_word' id='word_1_42' title='bbox 886 1179 973 1252; x_wconf 88' lang='lat' dir='ltr'><strong>liunt</strong></span> <span class='ocrx_word' id='word_1_43' title='bbox 986 1181 1032 1253; x_wconf 92' lang='lat' dir='ltr'><strong>ad</strong></span> <span class='ocrx_word' id='word_1_44' title='bbox 1049 1182 1248 1254; x_wconf 91' lang='lat' dir='ltr'><strong>continuam</strong></span> <span class='ocrx_word' id='word_1_45' title='bbox 1267 1179 1406 1252; x_wconf 90' lang='lat' dir='ltr'><strong>laudem</strong></span> <span class='ocrx_word' id='word_1_46' title='bbox 1424 1175 1559 1268; x_wconf 83' lang='lat' dir='ltr'><strong>Christi,</strong></span> <span class='ocrx_word' id='word_1_47' title='bbox 1581 1197 1644 1270; x_wconf 94' lang='lat' dir='ltr'><strong>pro</strong></span> <span class='ocrx_word' id='word_1_48' title='bbox 1661 1175 1816 1248; x_wconf 87' lang='lat' dir='ltr'><strong>remedio</strong></span> <span class='ocrx_word' id='word_1_49' title='bbox 1834 1175 1919 1246; x_wconf 89' lang='lat' dir='ltr'><strong>ani-</strong></span> 
     </span>
     <span class='ocr_line' id='line_1_6' title="bbox 506 1300 1918 1400; baseline -0.001 -27"><span class='ocrx_word' id='word_1_50' title='bbox 506 1323 639 1374; x_wconf 92' lang='lat' dir='ltr'><strong>marum</strong></span> <span class='ocrx_word' id='word_1_51' title='bbox 664 1303 824 1376; x_wconf 89' lang='lat' dir='ltr'><strong>divorum</strong></span> <span class='ocrx_word' id='word_1_52' title='bbox 849 1315 1075 1400; x_wconf 77' lang='lat' dir='ltr'><strong>augustorum</strong></span> <span class='ocrx_word' id='word_1_53' title='bbox 1099 1314 1280 1400; x_wconf 89' lang='lat' dir='ltr'><strong>parentum</strong></span> <span class='ocrx_word' id='word_1_54' title='bbox 1303 1312 1497 1374; x_wconf 91' lang='lat' dir='ltr'><strong>nostrorum</strong></span> <span class='ocrx_word' id='word_1_55' title='bbox 1520 1310 1555 1373; x_wconf 92' lang='lat' dir='ltr'><strong>et</strong></span> <span class='ocrx_word' id='word_1_56' title='bbox 1576 1309 1690 1372; x_wconf 90' lang='lat' dir='ltr'><strong>nostre</strong></span> <span class='ocrx_word' id='word_1_57' title='bbox 1706 1300 1918 1372; x_wconf 89' lang='lat' dir='ltr'><strong>incremento</strong></span> 
     </span>
     <span class='ocr_line' id='line_1_7' title="bbox 505 1423 1918 1522; baseline -0.001 -27"><span class='ocrx_word' id='word_1_58' title='bbox 505 1425 646 1516; x_wconf 89' lang='lat' dir='ltr'><strong>salutis,</strong></span> <span class='ocrx_word' id='word_1_59' title='bbox 668 1426 885 1499; x_wconf 83' lang='lat' dir='ltr'><strong>advocatiam</strong></span> <span class='ocrx_word' id='word_1_60' title='bbox 907 1428 1050 1500; x_wconf 87' lang='lat' dir='ltr'><strong>ecclesie</strong></span> <span class='ocrx_word' id='word_1_61' title='bbox 1072 1428 1296 1522; x_wconf 79' lang='lat' dir='ltr'><strong>Reuogieusis</strong></span> <span class='ocrx_word' id='word_1_62' title='bbox 1318 1447 1423 1521; x_wconf 89' lang='lat' dir='ltr'><strong>quam</strong></span> <span class='ocrx_word' id='word_1_63' title='bbox 1447 1424 1561 1497; x_wconf 88' lang='lat' dir='ltr'><strong>dictus</strong></span> <span class='ocrx_word' id='word_1_64' title='bbox 1584 1423 1768 1496; x_wconf 87' lang='lat' dir='ltr'><strong>Dietelmus</strong></span> <span class='ocrx_word' id='word_1_65' title='bbox 1793 1433 1829 1496; x_wconf 93' lang='lat' dir='ltr'><strong>et</strong></span> <span class='ocrx_word' id='word_1_66' title='bbox 1855 1423 1918 1495; x_wconf 89' lang='lat' dir='ltr'><strong>filii</strong></span> 
     </span>
     <span class='ocr_line' id='line_1_8' title="bbox 503 1547 1916 1646; baseline 0 -26"><span class='ocrx_word' id='word_1_67' title='bbox 503 1549 580 1640; x_wconf 88' lang='lat' dir='ltr'><strong>ejus</strong></span> <span class='ocrx_word' id='word_1_68' title='bbox 598 1547 643 1622; x_wconf 93' lang='lat' dir='ltr'><strong>de</strong></span> <span class='ocrx_word' id='word_1_69' title='bbox 661 1549 877 1645; x_wconf 79' lang='lat' dir='ltr'><strong>Creulringeu</strong></span> <span class='ocrx_word' id='word_1_70' title='bbox 896 1551 957 1624; x_wconf 92' lang='lat' dir='ltr'><strong>diu</strong></span> <span class='ocrx_word' id='word_1_71' title='bbox 974 1561 1155 1625; x_wconf 88' lang='lat' dir='ltr'><strong>tenuerant</strong></span> <span class='ocrx_word' id='word_1_72' title='bbox 1168 1561 1372 1646; x_wconf 82' lang='lat' dir='ltr'><strong>occupatam</strong></span> <span class='ocrx_word' id='word_1_73' title='bbox 1392 1547 1604 1622; x_wconf 83' lang='lat' dir='ltr'><strong>redemimus</strong></span> <span class='ocrx_word' id='word_1_74' title='bbox 1618 1571 1695 1620; x_wconf 95' lang='lat' dir='ltr'><strong>cum</strong></span> <span class='ocrx_word' id='word_1_75' title='bbox 1714 1548 1916 1621; x_wconf 92' lang='lat' dir='ltr'><strong>munitioni-</strong></span> 
     </span>
     <span class='ocr_line' id='line_1_9' title="bbox 502 1670 1917 1772; baseline 0.001 -28"><span class='ocrx_word' id='word_1_76' title='bbox 502 1671 569 1744; x_wconf 89' lang='lat' dir='ltr'><strong>bus</strong></span> <span class='ocrx_word' id='word_1_77' title='bbox 581 1670 648 1768; x_wconf 87' lang='lat' dir='ltr'><strong>(l),</strong></span> <span class='ocrx_word' id='word_1_78' title='bbox 666 1673 857 1747; x_wconf 86' lang='lat' dir='ltr'><strong>rationibus</strong></span> <span class='ocrx_word' id='word_1_79' title='bbox 876 1685 911 1746; x_wconf 88' lang='lat' dir='ltr'><strong>et</strong></span> <span class='ocrx_word' id='word_1_80' title='bbox 926 1677 1088 1749; x_wconf 90' lang='lat' dir='ltr'><strong>omnibus</strong></span> <span class='ocrx_word' id='word_1_81' title='bbox 1106 1676 1323 1772; x_wconf 87' lang='lat' dir='ltr'><strong>pertinentiis</strong></span> <span class='ocrx_word' id='word_1_82' title='bbox 1342 1675 1414 1747; x_wconf 92' lang='lat' dir='ltr'><strong>suis</strong></span> <span class='ocrx_word' id='word_1_83' title='bbox 1432 1695 1494 1770; x_wconf 94' lang='lat' dir='ltr'><strong>pro</strong></span> <span class='ocrx_word' id='word_1_84' title='bbox 1511 1673 1604 1746; x_wconf 88' lang='lat' dir='ltr'><strong>mille</strong></span> <span class='ocrx_word' id='word_1_85' title='bbox 1617 1673 1775 1746; x_wconf 88' lang='lat' dir='ltr'><strong>ducentis</strong></span> <span class='ocrx_word' id='word_1_86' title='bbox 1790 1673 1917 1746; x_wconf 87' lang='lat' dir='ltr'><strong>mareis</strong></span> 
     </span>
     <span class='ocr_line' id='line_1_10' title="bbox 502 1795 1915 1894; baseline 0 -26"><span class='ocrx_word' id='word_1_87' title='bbox 502 1795 653 1890; x_wconf 75' lang='lat' dir='ltr'><strong>argenti,</strong></span> <span class='ocrx_word' id='word_1_88' title='bbox 679 1797 738 1869; x_wconf 90' lang='lat' dir='ltr'><strong>tuli</strong></span> <span class='ocrx_word' id='word_1_89' title='bbox 760 1797 956 1871; x_wconf 88' lang='lat' dir='ltr'><strong>conditione</strong></span> <span class='ocrx_word' id='word_1_90' title='bbox 980 1811 1018 1870; x_wconf 92' lang='lat' dir='ltr'><strong>ut</strong></span> <span class='ocrx_word' id='word_1_91' title='bbox 1049 1800 1112 1894; x_wconf 91' lang='lat' dir='ltr'><strong>ipsi</strong></span> <span class='ocrx_word' id='word_1_92' title='bbox 1134 1800 1251 1872; x_wconf 90' lang='lat' dir='ltr'><strong>omnia</strong></span> <span class='ocrx_word' id='word_1_93' title='bbox 1276 1821 1346 1893; x_wconf 87' lang='lat' dir='ltr'><strong>que</strong></span> <span class='ocrx_word' id='word_1_94' title='bbox 1370 1799 1520 1871; x_wconf 90' lang='lat' dir='ltr'><strong>alienata</strong></span> <span class='ocrx_word' id='word_1_95' title='bbox 1542 1798 1597 1870; x_wconf 86' lang='lat' dir='ltr'><strong>vel</strong></span> <span class='ocrx_word' id='word_1_96' title='bbox 1626 1797 1776 1892; x_wconf 82' lang='lat' dir='ltr'><strong>obligata</strong></span> <span class='ocrx_word' id='word_1_97' title='bbox 1802 1799 1915 1870; x_wconf 83' lang='lat' dir='ltr'><strong>forent</strong></span> 
     </span>
     <span class='ocr_line' id='line_1_11' title="bbox 501 1921 1916 2016; baseline -0.001 -23"><span class='ocrx_word' id='word_1_98' title='bbox 501 1930 656 2016; x_wconf 81' lang='lat' dir='ltr'><strong>tompore</strong></span> <span class='ocrx_word' id='word_1_99' title='bbox 673 1941 744 2015; x_wconf 95' lang='lat' dir='ltr'><strong>quo</strong></span> <span class='ocrx_word' id='word_1_100' title='bbox 763 1921 873 2016; x_wconf 84' lang='lat' dir='ltr'><strong>ipsam</strong></span> <span class='ocrx_word' id='word_1_101' title='bbox 894 1922 1110 1996; x_wconf 78' lang='lat' dir='ltr'><strong>advocatiam</strong></span> <span class='ocrx_word' id='word_1_102' title='bbox 1132 1923 1170 1995; x_wconf 92' lang='lat' dir='ltr'><strong>in</strong></span> <span class='ocrx_word' id='word_1_103' title='bbox 1192 1945 1312 1996; x_wconf 89' lang='lat' dir='ltr'><strong>eorum</strong></span> <span class='ocrx_word' id='word_1_104' title='bbox 1336 1923 1496 1994; x_wconf 87' lang='lat' dir='ltr'><strong>manibus</strong></span> <span class='ocrx_word' id='word_1_105' title='bbox 1512 1921 1724 2011; x_wconf 87' lang='lat' dir='ltr'><strong>habueruut,</strong></span> <span class='ocrx_word' id='word_1_106' title='bbox 1745 1921 1916 1994; x_wconf 88' lang='lat' dir='ltr'><strong>redimere</strong></span> 
     </span>
     <span class='ocr_line' id='line_1_12' title="bbox 502 2043 1915 2142; baseline 0.001 -26"><span class='ocrx_word' id='word_1_107' title='bbox 502 2053 537 2116; x_wconf 91' lang='lat' dir='ltr'><strong>et</strong></span> <span class='ocrx_word' id='word_1_108' title='bbox 554 2045 688 2117; x_wconf 85' lang='lat' dir='ltr'><strong>solvere</strong></span> <span class='ocrx_word' id='word_1_109' title='bbox 716 2043 762 2116; x_wconf 91' lang='lat' dir='ltr'><strong>de</strong></span> <span class='ocrx_word' id='word_1_110' title='bbox 783 2067 904 2118; x_wconf 90' lang='lat' dir='ltr'><strong>eorum</strong></span> <span class='ocrx_word' id='word_1_111' title='bbox 925 2048 1062 2142; x_wconf 87' lang='lat' dir='ltr'><strong>proprio</strong></span> <span class='ocrx_word' id='word_1_112' title='bbox 1088 2056 1282 2120; x_wconf 87' lang='lat' dir='ltr'><strong>teneantur.</strong></span> <span class='ocrx_word' id='word_1_113' title='bbox 1305 2048 1381 2133; x_wconf 82' lang='lat' dir='ltr'><strong>Qus</strong></span> <span class='ocrx_word' id='word_1_114' title='bbox 1404 2045 1548 2140; x_wconf 88' lang='lat' dir='ltr'><strong>quidem</strong></span> <span class='ocrx_word' id='word_1_115' title='bbox 1574 2046 1691 2118; x_wconf 88' lang='lat' dir='ltr'><strong>omnia</strong></span> <span class='ocrx_word' id='word_1_116' title='bbox 1717 2053 1785 2116; x_wconf 89' lang='lat' dir='ltr'><strong>tam</strong></span> <span class='ocrx_word' id='word_1_117' title='bbox 1802 2045 1915 2117; x_wconf 84' lang='lat' dir='ltr'><strong>soluta</strong></span> 
     </span>
     <span class='ocr_line' id='line_1_13' title="bbox 500 2167 1913 2266; baseline 0 -28"><span class='ocrx_word' id='word_1_118' title='bbox 500 2189 606 2262; x_wconf 90' lang='lat' dir='ltr'><strong>quam</strong></span> <span class='ocrx_word' id='word_1_119' title='bbox 622 2167 789 2240; x_wconf 88' lang='lat' dir='ltr'><strong>solvenda</strong></span> <span class='ocrx_word' id='word_1_120' title='bbox 804 2191 865 2264; x_wconf 90' lang='lat' dir='ltr'><strong>per</strong></span> <span class='ocrx_word' id='word_1_121' title='bbox 881 2190 940 2242; x_wconf 89' lang='lat' dir='ltr'><strong>eos</strong></span> <span class='ocrx_word' id='word_1_122' title='bbox 957 2171 1102 2266; x_wconf 87' lang='lat' dir='ltr'><strong>propriis</strong></span> <span class='ocrx_word' id='word_1_123' title='bbox 1116 2171 1296 2244; x_wconf 88' lang='lat' dir='ltr'><strong>vocabulis</strong></span> <span class='ocrx_word' id='word_1_124' title='bbox 1320 2169 1487 2242; x_wconf 80' lang='lat' dir='ltr'><strong>duximus</strong></span> <span class='ocrx_word' id='word_1_125' title='bbox 1511 2167 1767 2264; x_wconf 86' lang='lat' dir='ltr'><strong>exprimenda:</strong></span> <span class='ocrx_word' id='word_1_126' title='bbox 1788 2167 1822 2238; x_wconf 92' lang='lat' dir='ltr'><strong>iu</strong></span> <span class='ocrx_word' id='word_1_127' title='bbox 1841 2168 1913 2262; x_wconf 91' lang='lat' dir='ltr'><strong>pri·</strong></span> 
     </span>
     <span class='ocr_line' id='line_1_14' title="bbox 499 2289 1914 2388; baseline 0.001 -26"><span class='ocrx_word' id='word_1_128' title='bbox 499 2289 566 2362; x_wconf 90' lang='lat' dir='ltr'><strong>mis</strong></span> <span class='ocrx_word' id='word_1_129' title='bbox 587 2291 833 2364; x_wconf 87' lang='lat' dir='ltr'><strong>monasterium</strong></span> <span class='ocrx_word' id='word_1_130' title='bbox 851 2293 966 2388; x_wconf 88' lang='lat' dir='ltr'><strong>ipsum</strong></span> <span class='ocrx_word' id='word_1_131' title='bbox 984 2317 1063 2367; x_wconf 88' lang='lat' dir='ltr'><strong>eum</strong></span> <span class='ocrx_word' id='word_1_132' title='bbox 1084 2296 1216 2368; x_wconf 91' lang='lat' dir='ltr'><strong>ambitu</strong></span> <span class='ocrx_word' id='word_1_133' title='bbox 1232 2317 1297 2367; x_wconf 89' lang='lat' dir='ltr'><strong>suo</strong></span> <span class='ocrx_word' id='word_1_134' title='bbox 1320 2304 1355 2367; x_wconf 90' lang='lat' dir='ltr'><strong>et</strong></span> <span class='ocrx_word' id='word_1_135' title='bbox 1370 2293 1545 2366; x_wconf 86' lang='lat' dir='ltr'><strong>civitatem</strong></span> <span class='ocrx_word' id='word_1_136' title='bbox 1562 2293 1815 2384; x_wconf 80' lang='lat' dir='ltr'><strong>Renogiensem</strong></span> <span class='ocrx_word' id='word_1_137' title='bbox 1834 2313 1914 2364; x_wconf 88' lang='lat' dir='ltr'><strong>oum</strong></span> 
     </span>
     <span class='ocr_line' id='line_1_15' title="bbox 499 2414 1911 2509; baseline 0.002 -24"><span class='ocrx_word' id='word_1_138' title='bbox 499 2414 713 2509; x_wconf 87' lang='lat' dir='ltr'><strong>pertiuentiis</strong></span> <span class='ocrx_word' id='word_1_139' title='bbox 730 2416 821 2508; x_wconf 86' lang='lat' dir='ltr'><strong>suis,</strong></span> <span class='ocrx_word' id='word_1_140' title='bbox 849 2418 947 2490; x_wconf 87' lang='lat' dir='ltr'><strong>villas</strong></span> <span class='ocrx_word' id='word_1_141' title='bbox 970 2419 1159 2508; x_wconf 88' lang='lat' dir='ltr'><strong>Martbille‚</strong></span> <span class='ocrx_word' id='word_1_142' title='bbox 1179 2419 1322 2492; x_wconf 82' lang='lat' dir='ltr'><strong>interius</strong></span> <span class='ocrx_word' id='word_1_143' title='bbox 1347 2417 1536 2508; x_wconf 87' lang='lat' dir='ltr'><strong>Martbille,</strong></span> <span class='ocrx_word' id='word_1_144' title='bbox 1564 2417 1678 2508; x_wconf 83' lang='lat' dir='ltr'><strong>Rode,</strong></span> <span class='ocrx_word' id='word_1_145' title='bbox 1700 2415 1911 2506; x_wconf 87' lang='lat' dir='ltr'><strong>Cbriunriet,</strong></span> 
     </span>
     <span class='ocr_line' id='line_1_16' title="bbox 498 2537 1910 2638; baseline 0.003 -28"><span class='ocrx_word' id='word_1_146' title='bbox 498 2537 668 2627; x_wconf 82' lang='lat' dir='ltr'><strong>Elliebou‚</strong></span> <span class='ocrx_word' id='word_1_147' title='bbox 687 2541 864 2636; x_wconf 81' lang='lat' dir='ltr'><strong>Orliugeu,</strong></span> <span class='ocrx_word' id='word_1_148' title='bbox 880 2543 1155 2638; x_wconf 78' lang='lat' dir='ltr'><strong>Wilginspouch,</strong></span> <span class='ocrx_word' id='word_1_149' title='bbox 1170 2545 1316 2631; x_wconf 88' lang='lat' dir='ltr'><strong>blourla,</strong></span> <span class='ocrx_word' id='word_1_150' title='bbox 1332 2541 1541 2635; x_wconf 86' lang='lat' dir='ltr'><strong>Trullicbou,</strong></span> <span class='ocrx_word' id='word_1_151' title='bbox 1555 2541 1730 2630; x_wconf 88' lang='lat' dir='ltr'><strong>Beuebon,</strong></span> <span class='ocrx_word' id='word_1_152' title='bbox 1746 2541 1910 2633; x_wconf 86' lang='lat' dir='ltr'><strong>Mnnbus,</strong></span> 
     </span>
     <span class='ocr_line' id='line_1_17' title="bbox 498 2659 1909 2760; baseline 0.003 -28"><span class='ocrx_word' id='word_1_153' title='bbox 498 2659 717 2752; x_wconf 83' lang='lat' dir='ltr'><strong>Altiuburcb,</strong></span> <span class='ocrx_word' id='word_1_154' title='bbox 734 2665 864 2754; x_wconf 89' lang='lat' dir='ltr'><strong>Husen,</strong></span> <span class='ocrx_word' id='word_1_155' title='bbox 885 2667 984 2738; x_wconf 92' lang='lat' dir='ltr'><strong>Nova</strong></span> <span class='ocrx_word' id='word_1_156' title='bbox 1000 2665 1232 2759; x_wconf 80' lang='lat' dir='ltr'><strong>Crenlingen,</strong></span> <span class='ocrx_word' id='word_1_157' title='bbox 1251 2667 1424 2756; x_wconf 86' lang='lat' dir='ltr'><strong>Wizwile,</strong></span> <span class='ocrx_word' id='word_1_158' title='bbox 1441 2665 1680 2752; x_wconf 87' lang='lat' dir='ltr'><strong>Wizinburcb,</strong></span> <span class='ocrx_word' id='word_1_159' title='bbox 1700 2664 1909 2760; x_wconf 79' lang='lat' dir='ltr'><strong>Arzbiugen,</strong></span> 
     </span>
     <span class='ocr_line' id='line_1_18' title="bbox 497 2785 1910 2885; baseline 0.004 -27"><span class='ocrx_word' id='word_1_160' title='bbox 497 2785 731 2881; x_wconf 86' lang='lat' dir='ltr'><strong>Rechpcrecb,</strong></span> <span class='ocrx_word' id='word_1_161' title='bbox 745 2788 950 2878; x_wconf 90' lang='lat' dir='ltr'><strong>Griezheim,</strong></span> <span class='ocrx_word' id='word_1_162' title='bbox 962 2787 1214 2884; x_wconf 78' lang='lat' dir='ltr'><strong>Roudelingeu,</strong></span> <span class='ocrx_word' id='word_1_163' title='bbox 1225 2789 1463 2885; x_wconf 88' lang='lat' dir='ltr'><strong>Bouchpercb,</strong></span> <span class='ocrx_word' id='word_1_164' title='bbox 1474 2789 1638 2880; x_wconf 80' lang='lat' dir='ltr'><strong>Hagrine,</strong></span> <span class='ocrx_word' id='word_1_165' title='bbox 1651 2788 1910 2883; x_wconf 82' lang='lat' dir='ltr'><strong>Cbuuisgisres,</strong></span> 
     </span>
     <span class='ocr_line' id='line_1_19' title="bbox 498 2909 1911 3006; baseline 0.003 -26"><span class='ocrx_word' id='word_1_166' title='bbox 498 2909 713 3004; x_wconf 78' lang='lat' dir='ltr'><strong>Segiliugeu,</strong></span> <span class='ocrx_word' id='word_1_167' title='bbox 741 2913 933 3006; x_wconf 80' lang='lat' dir='ltr'><strong>louwege,</strong></span> <span class='ocrx_word' id='word_1_168' title='bbox 950 2914 1068 3002; x_wconf 86' lang='lat' dir='ltr'><strong>Mure,</strong></span> <span class='ocrx_word' id='word_1_169' title='bbox 1084 2913 1305 3004; x_wconf 90' lang='lat' dir='ltr'><strong>Gemuuden,</strong></span> <span class='ocrx_word' id='word_1_170' title='bbox 1323 2909 1555 3002; x_wconf 89' lang='lat' dir='ltr'><strong>Glativeldin,</strong></span> <span class='ocrx_word' id='word_1_171' title='bbox 1574 2911 1805 2998; x_wconf 86' lang='lat' dir='ltr'><strong>Witiuouwe‚</strong></span> <span class='ocrx_word' id='word_1_172' title='bbox 1821 2912 1911 2985; x_wconf 91' lang='lat' dir='ltr'><strong>Zbe·</strong></span> 
     </span>
     <span class='ocr_line' id='line_1_20' title="bbox 498 3031 1912 3130; baseline 0.003 -26"><span class='ocrx_word' id='word_1_173' title='bbox 498 3031 644 3125; x_wconf 88' lang='lat' dir='ltr'><strong>vintbal,</strong></span> <span class='ocrx_word' id='word_1_174' title='bbox 664 3037 786 3125; x_wconf 88' lang='lat' dir='ltr'><strong>Hevri,</strong></span> <span class='ocrx_word' id='word_1_175' title='bbox 806 3037 921 3110; x_wconf 86' lang='lat' dir='ltr'><strong>llasila</strong></span> <span class='ocrx_word' id='word_1_176' title='bbox 940 3059 1019 3109; x_wconf 91' lang='lat' dir='ltr'><strong>cum</strong></span> <span class='ocrx_word' id='word_1_177' title='bbox 1035 3037 1134 3110; x_wconf 88' lang='lat' dir='ltr'><strong>terris</strong></span> <span class='ocrx_word' id='word_1_178' title='bbox 1149 3037 1251 3110; x_wconf 90' lang='lat' dir='ltr'><strong>cultis</strong></span> <span class='ocrx_word' id='word_1_179' title='bbox 1272 3045 1307 3110; x_wconf 92' lang='lat' dir='ltr'><strong>et</strong></span> <span class='ocrx_word' id='word_1_180' title='bbox 1322 3035 1473 3126; x_wconf 88' lang='lat' dir='ltr'><strong>incultis,</strong></span> <span class='ocrx_word' id='word_1_181' title='bbox 1494 3035 1614 3130; x_wconf 90' lang='lat' dir='ltr'><strong>pratis,</strong></span> <span class='ocrx_word' id='word_1_182' title='bbox 1631 3035 1781 3130; x_wconf 88' lang='lat' dir='ltr'><strong>pascuis,</strong></span> <span class='ocrx_word' id='word_1_183' title='bbox 1798 3056 1912 3108; x_wconf 84' lang='lat' dir='ltr'><strong>roua-</strong></span> 
     </span>
     <span class='ocr_line' id='line_1_21' title="bbox 498 3155 1911 3255; baseline 0.003 -27"><span class='ocrx_word' id='word_1_184' title='bbox 498 3155 669 3246; x_wconf 89' lang='lat' dir='ltr'><strong>tionibus,</strong></span> <span class='ocrx_word' id='word_1_185' title='bbox 690 3159 955 3254; x_wconf 87' lang='lat' dir='ltr'><strong>piscationibus,</strong></span> <span class='ocrx_word' id='word_1_186' title='bbox 973 3160 1195 3247; x_wconf 85' lang='lat' dir='ltr'><strong>molendinis,</strong></span> <span class='ocrx_word' id='word_1_187' title='bbox 1215 3160 1317 3255; x_wconf 88' lang='lat' dir='ltr'><strong>aquis</strong></span> <span class='ocrx_word' id='word_1_188' title='bbox 1339 3181 1579 3255; x_wconf 86' lang='lat' dir='ltr'><strong>aquarumque</strong></span> <span class='ocrx_word' id='word_1_189' title='bbox 1594 3159 1815 3248; x_wconf 85' lang='lat' dir='ltr'><strong>decursibus,</strong></span> <span class='ocrx_word' id='word_1_190' title='bbox 1834 3179 1911 3232; x_wconf 91' lang='lat' dir='ltr'><strong>mo·</strong></span> 
     </span>
     <span class='ocr_line' id='line_1_22' title="bbox 498 3283 1909 3378; baseline 0.001 -24"><span class='ocrx_word' id='word_1_191' title='bbox 498 3289 595 3372; x_wconf 89' lang='lat' dir='ltr'><strong>neta,</strong></span> <span class='ocrx_word' id='word_1_192' title='bbox 616 3283 706 3375; x_wconf 89' lang='lat' dir='ltr'><strong>loro,</strong></span> <span class='ocrx_word' id='word_1_193' title='bbox 722 3283 897 3378; x_wconf 80' lang='lat' dir='ltr'><strong>pedagiis,</strong></span> <span class='ocrx_word' id='word_1_194' title='bbox 915 3283 1215 3377; x_wconf 87' lang='lat' dir='ltr'><strong>jurisdictionibus</strong></span> <span class='ocrx_word' id='word_1_195' title='bbox 1240 3293 1274 3358; x_wconf 90' lang='lat' dir='ltr'><strong>et</strong></span> <span class='ocrx_word' id='word_1_196' title='bbox 1296 3284 1490 3356; x_wconf 89' lang='lat' dir='ltr'><strong>rationibus</strong></span> <span class='ocrx_word' id='word_1_197' title='bbox 1507 3284 1660 3356; x_wconf 91' lang='lat' dir='ltr'><strong>omnium</strong></span> <span class='ocrx_word' id='word_1_198' title='bbox 1677 3283 1909 3378; x_wconf 87' lang='lat' dir='ltr'><strong>predictorum</strong></span> 
     </span>
     <span class='ocr_line' id='line_1_23' title="bbox 498 3404 1909 3502; baseline 0.003 -24"><span class='ocrx_word' id='word_1_199' title='bbox 498 3404 676 3478; x_wconf 91' lang='lat' dir='ltr'><strong>mobilium</strong></span> <span class='ocrx_word' id='word_1_200' title='bbox 694 3417 729 3478; x_wconf 91' lang='lat' dir='ltr'><strong>et</strong></span> <span class='ocrx_word' id='word_1_201' title='bbox 744 3407 971 3479; x_wconf 90' lang='lat' dir='ltr'><strong>immobilium</strong></span> <span class='ocrx_word' id='word_1_202' title='bbox 990 3407 1218 3502; x_wconf 87' lang='lat' dir='ltr'><strong>spectantium</strong></span> <span class='ocrx_word' id='word_1_203' title='bbox 1235 3405 1282 3480; x_wconf 92' lang='lat' dir='ltr'><strong>ad</strong></span> <span class='ocrx_word' id='word_1_204' title='bbox 1297 3407 1479 3482; x_wconf 88' lang='lat' dir='ltr'><strong>eeclesiam</strong></span> <span class='ocrx_word' id='word_1_205' title='bbox 1495 3417 1729 3481; x_wconf 89' lang='lat' dir='ltr'><strong>memoratam.</strong></span> <span class='ocrx_word' id='word_1_206' title='bbox 1750 3409 1909 3483; x_wconf 84' lang='lat' dir='ltr'><strong>Rationes</strong></span> 
     </span>
     <span class='ocr_line' id='line_1_24' title="bbox 497 3529 1907 3627; baseline 0.001 -25"><span class='ocrx_word' id='word_1_207' title='bbox 497 3539 613 3603; x_wconf 89' lang='lat' dir='ltr'><strong>autem</strong></span> <span class='ocrx_word' id='word_1_208' title='bbox 634 3541 670 3603; x_wconf 90' lang='lat' dir='ltr'><strong>et</strong></span> <span class='ocrx_word' id='word_1_209' title='bbox 682 3533 760 3624; x_wconf 86' lang='lat' dir='ltr'><strong>jura</strong></span> <span class='ocrx_word' id='word_1_210' title='bbox 772 3551 842 3626; x_wconf 87' lang='lat' dir='ltr'><strong>que</strong></span> <span class='ocrx_word' id='word_1_211' title='bbox 858 3542 1011 3627; x_wconf 84' lang='lat' dir='ltr'><strong>tempore</strong></span> <span class='ocrx_word' id='word_1_212' title='bbox 1032 3533 1139 3604; x_wconf 81' lang='lat' dir='ltr'><strong>felicis</strong></span> <span class='ocrx_word' id='word_1_213' title='bbox 1160 3529 1409 3606; x_wconf 86' lang='lat' dir='ltr'><strong>reeordationis</strong></span> <span class='ocrx_word' id='word_1_214' title='bbox 1431 3531 1645 3626; x_wconf 85' lang='lat' dir='ltr'><strong>imperatoris</strong></span> <span class='ocrx_word' id='word_1_215' title='bbox 1666 3531 1832 3606; x_wconf 84' lang='lat' dir='ltr'><strong>Friderici</strong></span> <span class='ocrx_word' id='word_1_216' title='bbox 1847 3533 1907 3608; x_wconf 89' lang='lat' dir='ltr'><strong>avi</strong></span> 
     </span>
     <span class='ocr_line' id='line_1_25' title="bbox 497 3653 1908 3750; baseline 0.003 -26"><span class='ocrx_word' id='word_1_217' title='bbox 497 3653 605 3726; x_wconf 87' lang='lat' dir='ltr'><strong>nostri</strong></span> <span class='ocrx_word' id='word_1_218' title='bbox 618 3662 688 3726; x_wconf 92' lang='lat' dir='ltr'><strong>tam</strong></span> <span class='ocrx_word' id='word_1_219' title='bbox 704 3675 768 3728; x_wconf 89' lang='lat' dir='ltr'><strong>uos</strong></span> <span class='ocrx_word' id='word_1_220' title='bbox 793 3677 898 3749; x_wconf 93' lang='lat' dir='ltr'><strong>quam</strong></span> <span class='ocrx_word' id='word_1_221' title='bbox 919 3655 1028 3728; x_wconf 84' lang='lat' dir='ltr'><strong>abbas</strong></span> <span class='ocrx_word' id='word_1_222' title='bbox 1053 3655 1136 3728; x_wconf 93' lang='lat' dir='ltr'><strong>dicti</strong></span> <span class='ocrx_word' id='word_1_223' title='bbox 1155 3654 1353 3729; x_wconf 82' lang='lat' dir='ltr'><strong>monasterii</strong></span> <span class='ocrx_word' id='word_1_224' title='bbox 1378 3655 1415 3728; x_wconf 93' lang='lat' dir='ltr'><strong>iu</strong></span> <span class='ocrx_word' id='word_1_225' title='bbox 1435 3655 1618 3728; x_wconf 88' lang='lat' dir='ltr'><strong>advocatia</strong></span> <span class='ocrx_word' id='word_1_226' title='bbox 1640 3656 1771 3748; x_wconf 87' lang='lat' dir='ltr'><strong>atejus</strong></span> <span class='ocrx_word' id='word_1_227' title='bbox 1795 3656 1908 3750; x_wconf 88' lang='lat' dir='ltr'><strong>perti-</strong></span> 
     </span>
     <span class='ocr_line' id='line_1_26' title="bbox 496 3775 1904 3869; baseline 0.001 -19"><span class='ocrx_word' id='word_1_228' title='bbox 496 3777 622 3850; x_wconf 88' lang='lat' dir='ltr'><strong>uentiis</strong></span> <span class='ocrx_word' id='word_1_229' title='bbox 642 3775 771 3852; x_wconf 89' lang='lat' dir='ltr'><strong>babere</strong></span> <span class='ocrx_word' id='word_1_230' title='bbox 791 3779 1053 3869; x_wconf 85' lang='lat' dir='ltr'><strong>consuevimus,</strong></span> <span class='ocrx_word' id='word_1_231' title='bbox 1075 3779 1318 3853; x_wconf 90' lang='lat' dir='ltr'><strong>iuviolabiliter</strong></span> <span class='ocrx_word' id='word_1_232' title='bbox 1338 3780 1374 3850; x_wconf 92' lang='lat' dir='ltr'><strong>in</strong></span> <span class='ocrx_word' id='word_1_233' title='bbox 1399 3788 1500 3852; x_wconf 85' lang='lat' dir='ltr'><strong>antea</strong></span> <span class='ocrx_word' id='word_1_234' title='bbox 1525 3779 1686 3851; x_wconf 87' lang='lat' dir='ltr'><strong>volumus</strong></span> <span class='ocrx_word' id='word_1_235' title='bbox 1713 3779 1904 3854; x_wconf 88' lang='lat' dir='ltr'><strong>observari.</strong></span> 
     </span>
     <span class='ocr_line' id='line_1_27' title="bbox 496 3900 1905 3995; baseline 0.004 -23"><span class='ocrx_word' id='word_1_236' title='bbox 496 3900 786 3995; x_wconf 87' lang='lat' dir='ltr'><strong>lusuperdictum</strong></span> <span class='ocrx_word' id='word_1_237' title='bbox 803 3902 1011 3976; x_wconf 86' lang='lat' dir='ltr'><strong>abbatemet</strong></span> <span class='ocrx_word' id='word_1_238' title='bbox 1030 3903 1275 3976; x_wconf 85' lang='lat' dir='ltr'><strong>monasterium</strong></span> <span class='ocrx_word' id='word_1_239' title='bbox 1291 3925 1372 3975; x_wconf 87' lang='lat' dir='ltr'><strong>eum</strong></span> <span class='ocrx_word' id='word_1_240' title='bbox 1390 3902 1484 3975; x_wconf 91' lang='lat' dir='ltr'><strong>omni</strong></span> <span class='ocrx_word' id='word_1_241' title='bbox 1502 3901 1634 3974; x_wconf 84' lang='lat' dir='ltr'><strong>ambitu</strong></span> <span class='ocrx_word' id='word_1_242' title='bbox 1648 3924 1727 3994; x_wconf 88' lang='lat' dir='ltr'><strong>suo,</strong></span> <span class='ocrx_word' id='word_1_243' title='bbox 1743 3904 1905 3978; x_wconf 90' lang='lat' dir='ltr'><strong>munitio·</strong></span> 
     </span>
     <span class='ocr_line' id='line_1_28' title="bbox 496 4025 1905 4122; baseline 0.004 -26"><span class='ocrx_word' id='word_1_244' title='bbox 496 4025 601 4098; x_wconf 88' lang='lat' dir='ltr'><strong>uibus</strong></span> <span class='ocrx_word' id='word_1_245' title='bbox 616 4035 651 4098; x_wconf 89' lang='lat' dir='ltr'><strong>et</strong></span> <span class='ocrx_word' id='word_1_246' title='bbox 667 4025 830 4100; x_wconf 86' lang='lat' dir='ltr'><strong>omnibus</strong></span> <span class='ocrx_word' id='word_1_247' title='bbox 855 4026 958 4101; x_wconf 89' lang='lat' dir='ltr'><strong>bouis</strong></span> <span class='ocrx_word' id='word_1_248' title='bbox 973 4049 1042 4122; x_wconf 89' lang='lat' dir='ltr'><strong>que</strong></span> <span class='ocrx_word' id='word_1_249' title='bbox 1057 4027 1093 4098; x_wconf 93' lang='lat' dir='ltr'><strong>iu</strong></span> <span class='ocrx_word' id='word_1_250' title='bbox 1110 4027 1357 4122; x_wconf 83' lang='lat' dir='ltr'><strong>presentiarum</strong></span> <span class='ocrx_word' id='word_1_251' title='bbox 1379 4025 1626 4100; x_wconf 88' lang='lat' dir='ltr'><strong>rationabiliter</strong></span> <span class='ocrx_word' id='word_1_252' title='bbox 1651 4025 1802 4120; x_wconf 89' lang='lat' dir='ltr'><strong>possidet</strong></span> <span class='ocrx_word' id='word_1_253' title='bbox 1820 4038 1854 4100; x_wconf 90' lang='lat' dir='ltr'><strong>et</strong></span> <span class='ocrx_word' id='word_1_254' title='bbox 1869 4028 1905 4102; x_wconf 93' lang='lat' dir='ltr'><strong>iu</strong></span> 
     </span>
     <span class='ocr_line' id='line_1_29' title="bbox 493 4149 1899 4248; baseline -0.001 -22"><span class='ocrx_word' id='word_1_255' title='bbox 493 4158 594 4226; x_wconf 72' lang='lat' dir='ltr'><strong>cutm</strong></span> <span class='ocrx_word' id='word_1_256' title='bbox 603 4152 698 4244; x_wconf 89' lang='lat' dir='ltr'><strong>justo</strong></span> <span class='ocrx_word' id='word_1_257' title='bbox 710 4149 946 4245; x_wconf 86' lang='lat' dir='ltr'><strong>acquisitionis</strong></span> <span class='ocrx_word' id='word_1_258' title='bbox 962 4151 1059 4225; x_wconf 91' lang='lat' dir='ltr'><strong>titulo</strong></span> <span class='ocrx_word' id='word_1_259' title='bbox 1077 4152 1200 4248; x_wconf 90' lang='lat' dir='ltr'><strong>poterit</strong></span> <span class='ocrx_word' id='word_1_260' title='bbox 1217 4149 1377 4246; x_wconf 86' lang='lat' dir='ltr'><strong>adipisci,</strong></span> <span class='ocrx_word' id='word_1_261' title='bbox 1392 4149 1459 4222; x_wconf 91' lang='lat' dir='ltr'><strong>eub</strong></span> <span class='ocrx_word' id='word_1_262' title='bbox 1473 4159 1588 4224; x_wconf 87' lang='lat' dir='ltr'><strong>nostra</strong></span> <span class='ocrx_word' id='word_1_263' title='bbox 1604 4159 1640 4222; x_wconf 91' lang='lat' dir='ltr'><strong>et</strong></span> <span class='ocrx_word' id='word_1_264' title='bbox 1657 4151 1793 4244; x_wconf 90' lang='lat' dir='ltr'><strong>imperii</strong></span> <span class='ocrx_word' id='word_1_265' title='bbox 1817 4173 1899 4246; x_wconf 94' lang='lat' dir='ltr'><strong>pro·</strong></span> 
     </span>
     <span class='ocr_line' id='line_1_30' title="bbox 495 4273 1907 4370; baseline 0.002 -24"><span class='ocrx_word' id='word_1_266' title='bbox 495 4273 642 4348; x_wconf 88' lang='lat' dir='ltr'><strong>tectione</strong></span> <span class='ocrx_word' id='word_1_267' title='bbox 664 4273 858 4370; x_wconf 87' lang='lat' dir='ltr'><strong>recepimus</strong></span> <span class='ocrx_word' id='word_1_268' title='bbox 877 4275 1039 4370; x_wconf 87' lang='lat' dir='ltr'><strong>speciali,</strong></span> <span class='ocrx_word' id='word_1_269' title='bbox 1056 4275 1092 4348; x_wconf 91' lang='lat' dir='ltr'><strong>iu</strong></span> <span class='ocrx_word' id='word_1_270' title='bbox 1109 4273 1269 4348; x_wconf 88' lang='lat' dir='ltr'><strong>demanio</strong></span> <span class='ocrx_word' id='word_1_271' title='bbox 1283 4284 1318 4348; x_wconf 92' lang='lat' dir='ltr'><strong>et</strong></span> <span class='ocrx_word' id='word_1_272' title='bbox 1335 4273 1497 4348; x_wconf 88' lang='lat' dir='ltr'><strong>manibus</strong></span> <span class='ocrx_word' id='word_1_273' title='bbox 1517 4274 1641 4346; x_wconf 86' lang='lat' dir='ltr'><strong>nostris</strong></span> <span class='ocrx_word' id='word_1_274' title='bbox 1656 4295 1715 4348; x_wconf 88' lang='lat' dir='ltr'><strong>eos</strong></span> <span class='ocrx_word' id='word_1_275' title='bbox 1733 4283 1848 4348; x_wconf 83' lang='lat' dir='ltr'><strong>tenere</strong></span> <span class='ocrx_word' id='word_1_276' title='bbox 1861 4275 1907 4349; x_wconf 90' lang='lat' dir='ltr'><strong>de</strong></span> 
     </span>
     <span class='ocr_line' id='line_1_31' title="bbox 495 4391 1906 4494; baseline 0.003 -24"><span class='ocrx_word' id='word_1_277' title='bbox 495 4407 610 4470; x_wconf 87' lang='lat' dir='ltr'><strong>cetero</strong></span> <span class='ocrx_word' id='word_1_278' title='bbox 622 4399 858 4492; x_wconf 86' lang='lat' dir='ltr'><strong>promittentes</strong></span> <span class='ocrx_word' id='word_1_279' title='bbox 874 4411 909 4470; x_wconf 89' lang='lat' dir='ltr'><strong>et</strong></span> <span class='ocrx_word' id='word_1_280' title='bbox 926 4397 1022 4492; x_wconf 91' lang='lat' dir='ltr'><strong>quod</strong></span> <span class='ocrx_word' id='word_1_281' title='bbox 1043 4399 1127 4470; x_wconf 89' lang='lat' dir='ltr'><strong>nulli</strong></span> <span class='ocrx_word' id='word_1_282' title='bbox 1143 4399 1202 4472; x_wconf 91' lang='lat' dir='ltr'><strong>alii</strong></span> <span class='ocrx_word' id='word_1_283' title='bbox 1221 4407 1401 4472; x_wconf 88' lang='lat' dir='ltr'><strong>teneantur</strong></span> <span class='ocrx_word' id='word_1_284' title='bbox 1421 4397 1489 4470; x_wconf 91' lang='lat' dir='ltr'><strong>nisi</strong></span> <span class='ocrx_word' id='word_1_285' title='bbox 1510 4391 1610 4472; x_wconf 88' lang='lat' dir='ltr'><strong>nobie</strong></span> <span class='ocrx_word' id='word_1_286' title='bbox 1631 4407 1666 4471; x_wconf 93' lang='lat' dir='ltr'><strong>et</strong></span> <span class='ocrx_word' id='word_1_287' title='bbox 1682 4398 1827 4493; x_wconf 91' lang='lat' dir='ltr'><strong>imperio</strong></span> <span class='ocrx_word' id='word_1_288' title='bbox 1843 4420 1906 4494; x_wconf 85' lang='lat' dir='ltr'><strong>pto</strong></span> 
     </span>
     <span class='ocr_line' id='line_1_32' title="bbox 494 4519 1904 4618; baseline 0.003 -24"><span class='ocrx_word' id='word_1_289' title='bbox 494 4528 647 4617; x_wconf 91' lang='lat' dir='ltr'><strong>tempore</strong></span> <span class='ocrx_word' id='word_1_290' title='bbox 665 4519 891 4618; x_wconf 86' lang='lat' dir='ltr'><strong>respondere;</strong></span> <span class='ocrx_word' id='word_1_291' title='bbox 917 4521 1123 4596; x_wconf 87' lang='lat' dir='ltr'><strong>mandantes</strong></span> <span class='ocrx_word' id='word_1_292' title='bbox 1136 4533 1171 4598; x_wconf 91' lang='lat' dir='ltr'><strong>et</strong></span> <span class='ocrx_word' id='word_1_293' title='bbox 1191 4522 1258 4596; x_wconf 91' lang='lat' dir='ltr'><strong>sub</strong></span> <span class='ocrx_word' id='word_1_294' title='bbox 1271 4523 1415 4596; x_wconf 91' lang='lat' dir='ltr'><strong>obtentu</strong></span> <span class='ocrx_word' id='word_1_295' title='bbox 1434 4523 1544 4617; x_wconf 79' lang='lat' dir='ltr'><strong>gratie</strong></span> <span class='ocrx_word' id='word_1_296' title='bbox 1558 4521 1746 4618; x_wconf 87' lang='lat' dir='ltr'><strong>imperialis</strong></span> <span class='ocrx_word' id='word_1_297' title='bbox 1763 4521 1904 4598; x_wconf 72' lang='lat' dir='ltr'><strong>amiur</strong></span> 
     </span>
    </p>
   </div>
   <div class='ocr_carea' id='block_1_4' title="bbox 529 4773 1902 4852">
    <p class='ocr_par' dir='ltr' id='par_1_4' title="bbox 529 4773 1902 4852">
     <span class='ocr_line' id='line_1_33' title="bbox 529 4773 1902 4852; baseline 0.001 -20"><span class='ocrx_word' id='word_1_298' title='bbox 529 4773 568 4848; x_wconf 83' lang='lat' dir='ltr'><strong>(t)</strong></span> <span class='ocrx_word' id='word_1_299' title='bbox 586 4775 707 4846; x_wconf 81' lang='lat' dir='ltr'><strong>Quarum</strong></span> <span class='ocrx_word' id='word_1_300' title='bbox 718 4776 817 4836; x_wconf 86' lang='lat' dir='ltr'><strong>rudera</strong></span> <span class='ocrx_word' id='word_1_301' title='bbox 827 4773 917 4834; x_wconf 84' lang='lat' dir='ltr'><strong>adhuc</strong></span> <span class='ocrx_word' id='word_1_302' title='bbox 926 4781 1045 4852; x_wconf 87' lang='lat' dir='ltr'><strong>tempore</strong></span> <span class='ocrx_word' id='word_1_303' title='bbox 1054 4777 1177 4835; x_wconf 82' lang='lat' dir='ltr'><strong>Gerberti</strong></span> <span class='ocrx_word' id='word_1_304' title='bbox 1186 4781 1355 4851; x_wconf 83' lang='lat' dir='ltr'><strong>mperermt,</strong></span> <span class='ocrx_word' id='word_1_305' title='bbox 1369 4783 1400 4834; x_wconf 87' lang='lat' dir='ltr'><strong>ut</strong></span> <span class='ocrx_word' id='word_1_306' title='bbox 1411 4775 1469 4852; x_wconf 83' lang='lat' dir='ltr'><strong>ipse</strong></span> <span class='ocrx_word' id='word_1_307' title='bbox 1480 4783 1581 4848; x_wconf 82' lang='lat' dir='ltr'><strong>mouet,</strong></span> <span class='ocrx_word' id='word_1_308' title='bbox 1592 4775 1644 4837; x_wconf 87' lang='lat' dir='ltr'><strong>loe.</strong></span> <span class='ocrx_word' id='word_1_309' title='bbox 1658 4791 1735 4852; x_wconf 83' lang='lat' dir='ltr'><strong>supr.</strong></span> <span class='ocrx_word' id='word_1_310' title='bbox 1742 4775 1801 4850; x_wconf 83' lang='lat' dir='ltr'><strong>eit,</strong></span> <span class='ocrx_word' id='word_1_311' title='bbox 1810 4776 1902 4836; x_wconf 80' lang='lat' dir='ltr'><strong>uotb.</strong></span> 
     </span>
    </p>
   </div>
   <div class='ocr_carea' id='block_1_5' title="bbox 0 0 2286 6038">
    <p class='ocr_par' dir='ltr' id='par_1_5' title="bbox 0 0 2286 6038">
     <span class='ocr_line' id='line_1_34' title="bbox 0 0 2286 6038; baseline 0 5"><span class='ocrx_word' id='word_1_312' title='bbox 0 0 2286 6038; x_wconf 95' lang='lat' dir='ltr'><strong> </strong></span> 
     </span>
    </p>
   </div>
  </div>
 </body>
</html>
