4358 5996
556 667 617 731 946
1059 661 1273 725 seruentur
1298 661 1473 726 secubet
1782 664 1865 748 [dn.
1887 666 1982 730 12⁴⁰.

556 823 619 900 pro
633 801 727 876 bono
746 809 781 872 et
798 795 941 896 pacifico
954 806 1045 870 statu
1059 796 1158 891 regni
1174 799 1334 872 Turrinm
1349 809 1385 874 et
1398 797 1537 874 Gallure
1555 799 1759 896 pertinentis
1779 801 1823 875 ll.
1846 801 1983 876 dilecto

556 925 628 1000 lilio
646 934 763 1000 nostro
781 922 914 996 ratione
929 919 1048 995 uxoris
1062 941 1139 1012 suo,
1155 921 1345 1018 quamdam
1356 921 1583 1020 quantitatem
1595 933 1807 998 armatorum
1821 924 1982 1000 vannus

498 1029 510 1052 '
557 1050 593 1124 in
623 1046 818 1124 Sardiniam
844 1045 1029 1138 destinari,
1052 1044 1209 1122 fidelitati
1236 1057 1296 1125 tue
1319 1047 1544 1144 precipiendo
1566 1047 1774 1124 mandamus
1799 1057 1983 1144 quatenus

558 1173 674 1246 statim
693 1171 779 1244 risis
795 1170 862 1268 hys
882 1169 1028 1263 licteris,
1051 1179 1085 1244 te
1100 1170 1199 1267 apud
1222 1171 1403 1267 Neapolim
1425 1171 1599 1262 conteras,
1614 1181 1652 1246 et
1670 1171 1819 1247 inventis
1844 1170 1983 1246 ibidem

557 1295 681 1391 viginti
696 1293 883 1383 militibus,
897 1279 1021 1389 viginti
1037 1293 1223 1367 balistariis
1237 1293 1433 1368 ettotidem
1445 1293 1676 1370 servientibus
1687 1295 1793 1368 armis
1811 1295 1984 1370 omuibus

557 1419 642 1514 ipsis
664 1416 934 1514 expedientibus
959 1415 1229 1506 benemeritis,
1253 1439 1316 1492 eos
1333 1419 1370 1490 in
1386 1417 1581 1492 Sardiniam
1602 1418 1776 1494 destinare
1789 1440 1980 1515 procures,

558 1541 677 1616 dando
694 1541 884 1649 unicuique
899 1541 1046 1614 militum
1063 1540 1192 1616 solidos
1205 1540 1356 1616 duorum
1375 1542 1547 1616 mensium
1569 1565 1638 1617 ana
1656 1544 1769 1616 unciis
1785 1541 1899 1618 tribus
1917 1564 1983 1638 per

558 1687 734 1754 mensem,
756 1663 939 1737 balistariis
956 1672 1071 1738 comm
1087 1674 1122 1738 et
1140 1665 1370 1740 servientibus
1387 1665 1541 1740 similiter
1558 1687 1622 1763 pro
1640 1666 1778 1741 duobus
1795 1667 1983 1742 mensibus

559 1811 629 1866 ana
647 1789 759 1863 unciis
774 1786 914 1862 duabus
931 1809 994 1883 per
1005 1808 1159 1866 mensem
1175 1788 1318 1862 cuilibet
1333 1788 1503 1884 ipsorum,
1521 1787 1567 1864 da
1580 1790 1728 1887 pecunia
1743 1791 1840 1865 curie
1859 1799 1983 1865 nostre

560 1935 630 2010 que
652 1921 705 1986 est
722 1931 785 2007 per
802 1932 928 1984 manus
949 1921 1045 2001 tuas,
1067 1911 1262 2008 precipiens
1282 1911 1505 1998 nibilominus
1528 1914 1691 1988 omnibus
1714 1914 1799 2010 ipsis
1815 1924 1857 1987 ut
1874 1915 1984 1990 sellas

561 2047 596 2111 et
612 2039 708 2112 irena
730 2056 795 2131 pro
815 2034 916 2130 equis
939 2046 1214 2131 secnmportare
1238 2035 1406 2129 debeant,
1427 2037 1598 2134 recepturi
1618 2059 1699 2111 curn
1724 2037 1760 2111 in
1782 2035 1983 2112 Sardiniam

560 2160 790 2258 applicuerint
814 2157 1026 2254 equitaturas
1048 2181 1070 2232 a
1096 2158 1228 2234 vicario
1253 2158 1384 2235 ibidem
1406 2169 1552 2256 statuto;
1573 2183 1679 2259 super
1707 2163 1868 2260 passagio
1894 2184 1984 2238 vero

562 2285 716 2381 ipsorum
737 2281 891 2356 Nicolino
909 2281 1053 2377 Spinnle
1066 2282 1163 2378 regni
1178 2284 1294 2359 Sicilie
1309 2285 1491 2361 ammirato
1512 2283 1608 2362 fideli
1626 2297 1895 2362 nostroncetras
1913 2289 1984 2362 lic-

562 2418 653 2483 tores
671 2407 845 2480 mictimns
863 2406 1043 2502 speciales.

612 2533 737 2605 Datum
753 2531 855 2623 Orte,
871 2531 900 2603 ll
916 2530 1046 2620 madii,
1066 2529 1144 2604 Xlll
1160 2530 1371 2606 indictionis.

611 2655 697 2730 ltem
710 2654 756 2728 da
771 2654 895 2730 eodem
911 2653 1075 2729 mandato
1088 2654 1225 2751 scripsit
1243 2655 1337 2732 idem
1357 2655 1403 2730 ad
1418 2655 1613 2732 Nicclinum
1628 2657 1808 2755 spinulam
1820 2679 1884 2756 pro
1897 2679 1983 2754 pus-

563 2780 660 2873 eagio
673 2779 828 2853 omniurn
847 2777 1092 2876 predictorum.

777 3069 1011 3084 m·
1016 3071 1037 3080 ιιι
1044 3069 1776 3084 nahum—tuffi-

446 3351 486 3394 ιο·
618 3319 841 3407 Mandatum
877 3319 927 3401 ad
958 3317 1207 3430 justitiarium
1253 3315 1402 3402 Siciliae
1436 3318 1531 3402 citro
1566 3315 1710 3403 flumen
1742 3317 1896 3404 Salsum
1934 3319 1984 3402 de

565 3452 718 3539 duobus
748 3451 919 3535 millibus
957 3451 1080 3534 unciis
1113 3451 1197 3535 auri
1229 3449 1414 3561 magistro
1457 3451 1661 3562 portulano
1692 3449 1841 3538 Siciliae
1872 3449 1983 3536 essi-

566 3586 730 3700 gnandis
746 3609 817 3696 pro
834 3583 993 3668 servitiis
1011 3583 1151 3668 curiae.

646 3807 777 3892 (spor.
792 3806 895 3888 imper.
908 3801 1027 3869 mede.
1043 3805 1083 3882 11,
1095 3804 1149 3869 lol.
1165 3813 1220 3866 tot
1235 3809 1331 3882 recto;
1342 3807 1375 3867 ln
1386 3803 1459 3868 edit
1473 3803 1613 3880 cumn,
1626 3819 1659 3884 p·
1673 3801 1759 3892 tto.)
1827 3879 1831 3888 Ι

616 4007 663 4082 De
677 4003 849 4100 imperiali
863 4001 1020 4078 mundato
1032 4003 1123 4096 sacto
1143 4022 1207 4098 per
1226 4001 1429 4097 capistrum
1444 4000 1488 4076 a.
1511 3999 1551 4076 de
1570 4001 1720 4096 trajecto
1731 4000 1868 4098 ceiprit
1882 4001 1922 4074 G.
1942 4001 1984 4076 dc

568 4135 754 4219 Cocceio:
1816 4185 1826 4204 .

613 4257 829 4341 Proderioue,
847 4264 929 4348 etc,
944 4252 1125 4327 Gnillelmo
1138 4251 1184 4326 de
1200 4251 1551 4348 tngtonejnsciriario
1565 4249 1602 4324 in
1619 4250 1735 4326 Sicilia
1750 4251 1835 4326 citra
1845 4251 1982 4326 flumen

514 4405 520 4418 ·
566 4385 720 4475 Salsum,
733 4390 800 4454 etc.
819 4379 904 4452 Cnrn
922 4377 1054 4473 Angelo
1069 4377 1214 4451 Frisario
1234 4377 1399 4471 magistro
1417 4375 1599 4473 port-clano
1618 4375 1734 4452 Sicilie
1749 4375 1834 4451 citra
1852 4375 1983 4451 llomen

567 4507 701 4580 Salsum
721 4502 817 4576 fideli
840 4509 956 4576 nostro
980 4497 1133 4596 quedam
1154 4499 1295 4574 servitia
1316 4509 1432 4576 nostra
1453 4499 1726 4576 commiserimus
1750 4499 1980 4596 exequenda,

566 4651 628 4728 pro
641 4649 791 4725 quorum
811 4624 1018 4700 executione
1040 4623 1188 4720 pecnnia
1205 4631 1258 4696 est
1273 4623 1341 4697 eibi
1364 4624 1557 4700 necessaria
1577 4623 1614 4696 in
1631 4623 1803 4720 presenti,
1824 4621 1981 4699 fidelitati

567 4765 626 4830 tue
638 4750 861 4852 precipiendo
876 4747 1083 4824 mandamns
1104 4757 1275 4844 quatenus
1291 4747 1338 4824 de
1356 4747 1506 4847 pecunia
1522 4747 1694 4843 generalis
1715 4747 1854 4822 collecte
1870 4747 1984 4844 impo-
