4384 6004
555 693 634 754 rere
1054 692 1269 756 rnrnnnrer
1294 693 1468 757 succum
1778 691 1858 778 [un.
1879 694 1968 758 ratu

550 822 737 906 militibus
755 823 970 906 Teutonieis
989 823 1039 906 ed
1056 823 1317 909 defensionem
1338 827 1548 909 Cumarum
1564 825 1781 932 servandis;
1801 825 1970 935 deniqne

548 957 599 1038 de
619 955 801 1038 Cumanis
819 955 1005 1038 militibus
1023 981 1122 1066 ques
1139 955 1297 1040 obtentu
1314 957 1493 1042 Faventia
1507 983 1637 1040 mum
1651 958 1701 1040 ad
1718 968 1844 1066 pentes
1863 959 1969 1066 ipses

548 1089 729 1171 reducere
747 1089 939 1198 proponit.
1742 1127 1746 1136 ·

632 1313 755 1393 (Inedtt.
770 1331 821 1392 ap.
836 1314 959 1378 Archiv.
975 1331 1084 1377 cemnu
1100 1315 1234 1392 Cumar..
1254 1333 1294 1378 cx
1308 1316 1360 1378 llb.
1377 1319 1392 1378 1
1409 1323 1504 1380 veter.
1522 1333 1670 1390 menum..
1687 1323 1796 1398 regest.
1818 1333 1967 1396 pergem,

669 1421 723 1484 iel.
738 1429 777 1482 ee
793 1421 997 1500 recte-verse.)

596 1620 894 1710 Frederieus‚1)ei
913 1619 1024 1714 gratia
1039 1619 1270 1694 Romanorum
1292 1621 1476 1718 imperator
1493 1643 1630 1718 semper
1651 1631 1841 1718 angustus,
1864 1622 1966 1695 lern-

546 1747 652 1818 salem
675 1754 710 1818 et
730 1744 848 1817 Sicilie
864 1763 947 1835 rex,
968 1743 1131 1816 eenseilie
1151 1753 1186 1816 et
1212 1747 1387 1818 communi
1412 1746 1562 1818 civitatis
1590 1745 1776 1820 Cumarum
1801 1743 1966 1819 fidelibus

546 1869 619 1942 suis
632 1869 777 1962 gratiam
793 1876 940 1942 suamet
956 1867 1084 1940 bouum
1102 1867 1329 1941 veluntatem.
1344 1870 1530 1964 bogerium
1546 1869 1592 1943 dc
1607 1871 1778 1942 Gemuere
1795 1870 1965 1942 nuncium

545 2002 718 2084 vestrum,
744 1991 882 2065 fidelem
903 2001 1075 2082 nostrum,
1098 1991 1145 2064 ad
1171 1993 1357 2086 majestatis
1381 2003 1498 2067 nostre
1521 1996 1730 2090 presentiam
1753 1992 1965 2066 destinatum

544 2117 644 2189 solita
661 2115 873 2209 benignitate
893 2115 1087 2209 recepimus
1108 2124 1143 2187 et
1160 2137 1202 2188 ea
1220 2138 1290 2210 que
1307 2138 1423 2190 eoram
1443 2117 1544 2190 nobis
1562 2139 1610 2190 ex
1630 2127 1728 2212 parte
1746 2127 1864 2190 vestra
1881 2137 1966 2212 pru-

544 2239 660 2334 poseit
688 2239 771 2310 satis
797 2237 999 2310 audivimus
1025 2237 1224 2332 diligentem
1254 2249 1359 2334 atque
1388 2241 1490 2313 vobis
1513 2241 1626 2314 taliter
1650 2238 1901 2336 roependemus
1929 2249 1966 2312 nt

544 2371 693 2436 castrum
711 2369 868 2432 nostrum
890 2361 1009 2452 Sesse,
1031 2361 1126 2455 quod
1145 2363 1191 2434 ad
1216 2361 1382 2436 honorem
1403 2375 1438 2436 et
1454 2363 1654 2437 fidelitatem
1673 2373 1822 2436 nostram
1842 2373 1878 2435 et
1895 2364 1965 2434 im-

544 2487 631 2582 perii
655 2485 761 2557 nestri
788 2495 823 2557 et
849 2493 975 2556 stutum
999 2494 1152 2556 vestrum
1182 2485 1366 2582 pacificum
1391 2497 1426 2560 ct
1450 2487 1486 2558 in
1512 2487 1725 2582 proditorum
1760 2487 1964 2558 confusione

543 2618 738 2682 nestrorum
757 2609 941 2702 diligenter
956 2609 1117 2680 velumus
1135 2610 1319 2701 custodiri,
1339 2631 1401 2705 per
1418 2611 1631 2684 blasnerium
1649 2611 1696 2684 de
1713 2612 1828 2704 Burge
1846 2619 1964 2705 petes·
2054 2607 2062 2627 '

544 2743 649 2806 tatem
666 2743 821 2806 vestrum
843 2732 982 2805 fidelem
1000 2741 1158 2804 uestrum
1176 2733 1324 2828 ydoneis
1342 2731 1518 2832 [receptis]
1535 2735 1719 2808 obsidibus
1734 2756 1756 2806 a
1771 2735 1964 2828 capitaneis

543 2859 643 2931 sese
668 2857 730 2951 qui
751 2865 898 2928 castrum
929 2855 1015 2927 illud
1038 2863 1182 2928 actenus
1206 2865 1409 2948 tennerunt,
1429 2868 1468 2930 ut
1494 2859 1607 2954 ipsum
1631 2857 1677 2930 ad
1702 2857 1964 2952 requisitionem

545 2989 695 3054 nostram
714 2981 769 3054 vel
786 2980 1022 3053 ordinatorum
1044 2992 1239 3054 nostrerum
1260 2982 1357 3056 curie
1375 2990 1490 3056 nostre
1505 2983 1581 3054 siue
1595 2982 1751 3076 qualibet
1768 2981 1964 3054 contradic·

543 3107 638 3180 tiene
653 3106 844 3200 resignent,
864 3106 988 3179 damus
1005 3103 1054 3202 (a)
1076 3105 1127 3178 cis
1150 3105 1238 3178 illud
1256 3105 1444 3180 tenendum
1467 3117 1502 3180 et
1521 3105 1787 3180 custodiendum
1805 3105 1852 3178 ad
1873 3105 1962 3179 lide·

543 3231 673 3336 litatem
698 3239 849 3302 uestram
874 3239 909 3302 et
931 3229 1089 3326 imperii;
1118 3251 1208 3323 ques
1231 3231 1372 3303 obsides
1397 3241 1552 3326 receptos
1577 3229 1730 3325 ydoneos
1756 3229 1960 3302 Cremonam

544 3355 632 3424 mitti
649 3352 867 3443 mundamus,
884 3353 1062 3449 Raynalde
1076 3353 1121 3426 de
1136 3353 1386 3451 squameae)
1402 3353 1491 3427 sacri
1509 3355 1678 3449 imperiia
1697 3353 1801 3447 Papia
1817 3353 1961 3426 inferius

544 3497 656 3570 nsque
675 3477 844 3549 Mutinam
869 3477 1002 3549 vicarie
1026 3478 1177 3570 generali
1196 3487 1231 3550 et
1250 3478 1407 3572 potestati
1427 3477 1594 3550 Cremona
1612 3475 1705 3548 fideli
1728 3486 1844 3548 uestro
1865 3478 1960 3547 salu·

543 3600 651 3672 briter
668 3599 915 3693 assignandos,
934 3601 991 3672 eei
1013 3601 1058 3672 de
1075 3583 1286 3694 recipiendis
1309 3612 1343 3673 et
1359 3585 1597 3674 custodiendis
1612 3597 1662 3672 eis
1681 3609 1834 3671 nestrum
1853 3599 1960 3672 bene·

544 3724 707 3819 placitum
726 3746 787 3818 per
805 3723 972 3818 speciales
990 3705 1359 3796 litteras'destinainus‘.
1379 3725 1491 3818 Super
1507 3727 1671 3820 expensis
1689 3745 1773 3795 vere
1792 3723 1960 3796 faciendis

544 3847 701 3919 inantea
726 3867 830 3941 super
856 3845 1014 3918 custodia
1040 3847 1162 3918 Montis
1188 3847 1335 3938 Cineris,
1357 3849 1459 3920 castri
1482 3859 1519 3920 et
1539 3847 1641 3941 burgi
1668 3846 1818 3918 Bilizeue
1839 3858 1874 3918 et
1892 3848 1959 3918 cir·

544 3971 788 4042 cumstautium
809 3970 975 4064 partium,
998 3969 1159 4041 velumus
1173 3979 1212 4042 ut
1234 3971 1476 4043 universitates
1495 3983 1529 4043 et
1544 3971 1742 4042 eommunia
1760 3970 1910 4062 Belligrii
1925 3979 1959 4042 et

543 4093 730 4166 leventine
750 4093 931 4165 vobiscum
953 4113 1015 4187 pre
1033 4093 1217 4186 equalibus
1238 4095 1453 4188 portionibus
1469 4095 1646 4168 conferant
1664 4093 1710 4166 ad
1729 4093 1810 4183 hoe,
1833 4103 1871 4164 ut
1895 4113 1958 4165 ves

544 4217 606 4310 qui
622 4215 797 4308 fidelitatis
813 4215 952 4310 speciali
967 4216 1184 4310 prerogativa
1202 4217 1366 4309 gaudetis
1382 4219 1490 4312 etqui
1509 4228 1676 4292 terrarum
1699 4220 1850 4311 ipserum
1869 4237 1957 4288 cns·

543 4340 674 4415 tedium
698 4361 761 4434 pre
792 4337 923 4440 benere
952 4347 1068 4411 nostre
1091 4348 1126 4412 et
1153 4339 1288 4434 imperii
1312 4333 1498 4432 tolerastis,
1522 4344 1678 4415 levamen
1701 4349 1898 4436 competens
1919 4340 1954 4412 iu

576 4513 627 4595 (a)
648 4515 881 4593 Legtmrpettus
893 4515 925 4574 lu
938 4521 1053 4592 regesto
1066 4511 1172 4591 dietin-
1186 4516 1267 4593 qued
1280 4533 1369 4595 seusu
1383 4524 1470 4580 caret.
1576 4575 1579 4582 .

544 4680 1945 4740 ..mm-...Um

580 4809 617 4880 tt)
635 4807 675 4865 lte
688 4805 747 4866 vire
761 4803 817 4878 ille,
831 4803 867 4862 cl.
884 4805 948 4878 quid
960 4813 1069 4864 moneat
1081 4805 1227 4867 ltieeerdus
1243 4807 1278 4866 de
1288 4807 1387 4868 Sunete
1399 4807 1536 4868 Gemens
1548 4808 1583 4867 ud
1597 4823 1661 4868 aun.
1677 4755 1758 4879 litt,
1771 4821 1800 4881 p.
1813 4807 1892 4863 tttt.
1950 4881 1959 4900 ο
