4468 6010
541 676 602 740 810
1037 677 1251 740 tttttmttttct
1277 676 1452 740 SECUNDI
1763 673 1842 756 [dm.
1859 671 1947 736 1210.

542 813 620 886 aliis
642 812 751 885 victui
779 812 971 907 oportunis.
1001 813 1252 888 Constructioni
1278 835 1361 888 vero
1385 813 1564 886 domorum
1589 817 1625 882 et
1655 808 1760 882 turris
1787 809 1823 880 in
1849 817 1951 904 portu

543 936 760 1032 supersederi
776 935 938 1008 volumus
957 935 993 1006 in
1016 937 1177 1031 presenti.
1198 938 1400 1011 vosautem
1418 935 1454 1006 in
1470 933 1619 1008 servitiis
1634 932 1776 1023 noun,
1797 940 1865 1006 etc.

592 1059 717 1132 Datum
735 1059 887 1152 Corneli,
905 1059 948 1133 Vl
960 1060 1091 1153 martii,
1105 1061 1182 1136 Xlll
1202 1060 1410 1135 indictionis.

397 1659 436 1692 ..a
474 1681 482 1746 t
596 1636 819 1721 Mandatum
845 1636 894 1718 od
913 1634 1164 1745 justitiarium
1188 1634 1336 1742 Aprutii
1368 1659 1439 1744 pro
1467 1633 1654 1718 mittendo
1681 1633 1810 1744 aliquo
1834 1631 1955 1744 probo

545 1770 626 1852 viro
645 1771 695 1852 ad
712 1768 896 1852 iacobum
915 1770 963 1850 de
980 1768 1105 1852 Merra
1121 1793 1192 1877 pro
1209 1767 1425 1877 recipienda
1446 1779 1485 1852 et
1506 1768 1754 1876 expendenda
1777 1765 1951 1877 pecunia.

584 2003 585 2008 κ
626 1969 752 2047 (licum.
767 1969 870 2049 torpor.
886 1965 1004 2029 Frcdcr.
1020 1968 1060 2043 11,
1074 1967 1125 2028 fot.
1143 1977 1178 2028 et
1198 1973 1293 2042 recto3
1309 1969 1341 2028 ln
1354 1967 1426 2032 edit.
1442 1968 1578 2042 caream,
1593 1987 1624 2047 p.
1643 1967 1727 2048 atto.)

595 2145 641 2212 lle
652 2141 761 2213 codem
775 2141 931 2212 modulo
948 2140 1078 2234 compsit
1091 2139 1181 2210 idem
1198 2165 1210 2210 .·

595 2265 809 2356 Fredericus,
825 2273 908 2353 etc,
922 2263 961 2335 B.
981 2263 1123 2336 Pissono
1136 2262 1322 2355 justitiario
1335 2261 1483 2356 Aprutii,
1502 2271 1569 2334 etc.
1590 2261 1760 2334 Fidelitati
1773 2270 1834 2335 tue
1847 2263 1954 2356 preci-

548 2388 677 2486 pIcndo
692 2385 899 2460 mandamus
918 2394 1089 2480 maternos
1105 2386 1260 2480 aliquem
1278 2385 1392 2457 vnum
1409 2385 1553 2458 divitem
1567 2385 1705 2459 fidelem
1723 2395 1759 2458 ct
1772 2385 1956 2481 providum

547 2513 656 2604 eligas
674 2510 720 2583 de
730 2509 955 2603 justitiariatu
972 2517 1049 2598 too,
1069 2508 1200 2603 dequo
1218 2509 1327 2604 possit
1339 2510 1438 2582 curia
1456 2518 1571 2582 nostra
1589 2507 1779 2602 confidere,
1794 2519 1828 2584 et
1844 2510 1958 2606 ipsum

547 2638 623 2710 sine
641 2634 805 2707 dilatione
821 2633 943 2706 mictas
966 2633 1012 2706 ad
1030 2633 1197 2707 Iacobum
1219 2633 1265 2706 dc
1281 2631 1395 2706 llorra
1418 2631 1469 2730 (o)
1483 2633 1571 2706 sacri
1587 2634 1721 2730 imperii
1741 2634 1958 2732 capitaneum

548 2765 586 2835 in
602 2762 750 2854 ducatu,
770 2768 988 2834 moraturum
1005 2781 1085 2848 cum
1104 2760 1180 2855 ipso
1201 2759 1330 2832 ibidem
1347 2760 1383 2831 in
1405 2760 1554 2834 servitiis
1574 2761 1719 2852 nostris,
1743 2769 1784 2833 ut
1801 2783 1863 2858 per
1884 2761 1959 2854 ejus

547 2907 672 2958 manus
690 2883 876 2979 recipiatur
892 2883 1039 2978 pccurna
1055 2891 1090 2957 at
1104 2882 1323 2979 expendatur
1333 2884 1436 2976 juxta
1449 2883 1699 2959 ordinationem
1716 2885 1827 2980 ipsius
1841 2885 1958 2960 lacobi

549 3029 610 3103 per
626 3007 801 3080 eumdem.

598 3131 723 3204 Datum
740 3129 893 3223 Cornoti,
909 3131 954 3203 vt
970 3130 1101 3222 martii,
1115 3129 1192 3203 XIII
1206 3129 1417 3204 indictionis.

416 3705 456 3738 ¹¹¹·
480 3725 503 3794 :-
604 3677 827 3764 Mandatum
860 3675 909 3757 ed
942 3675 1129 3760 Gentilem
1156 3674 1204 3758 de
1237 3675 1422 3760 Castanea
1443 3677 1492 3758 de
1520 3676 1619 3762 lacto
1649 3679 1894 3765 marescallus
1920 3681 1960 3762 in

553 3811 710 3921 Apulia,
735 3811 784 3892 dc
805 3809 979 3916 expensis
1005 3809 1118 3892 unius
1143 3809 1311 3893 custodis
1339 3810 1575 3913 minuendis,
1597 3813 1645 3894 de
1671 3813 1783 3898 coriis
1809 3815 1963 3897 anime-

552 3945 648 4028 lium
666 3951 920 4025 mortuorum.

634 4157 760 4236 (flerat.
773 4155 877 4236 imper.
889 4151 1008 4216 Freder.
1022 4154 1063 4229 11,
1077 4153 1128 4216 lol.
1145 4163 1181 4216 81
1198 4162 1295 4231 recto;
1308 4158 1341 4218 ln
1354 4156 1425 4220 edit.
1442 4157 1578 4238 Curcum,
1590 4174 1621 4238 p.
1638 4159 1722 4238 too.)

600 4347 648 4416 tte
661 4339 832 4437 imperiali
845 4341 1004 4413 madata
1015 4343 1103 4433 sacto
1110 4363 1173 4434 per
1191 4341 1361 4414 marinum
1374 4343 1518 4414 Raoncm
1534 4341 1575 4414 dc
1590 4345 1811 4416 Trcrttoncrio
1826 4345 1962 4438 scripsit

552 4469 751 4541 Laurentius
770 4493 781 4538 :

599 4591 817 4680 Fredericus‚
833 4597 916 4682 otc,
936 4591 977 4663 G.
998 4589 1044 4664 de
1061 4591 1238 4682 Castanea,
1259 4599 1326 4664 cto.
1346 4591 1509 4684 lioteras,
1530 4599 1615 4684 etc,
1632 4591 1827 4688 recepimus
1843 4602 1878 4666 et
1891 4594 1964 4665 sin-

594 4768 636 4850 (c)
659 4769 695 4830 ln
707 4771 850 4848 Impresso
864 4765 899 4830 dc
912 4767 1025 4846 Murro,
1040 4767 1129 4831 mate.
1145 4767 1191 4830 Cl.
1208 4783 1307 4848 snpra,
1321 4786 1350 4848 p.
1369 4777 1440 4830 uss.
