4384 6004
230 687 417 768 lauterulb]
689 685 887 748 lllSTOthl
911 683 1206 745 ntetottantco.
1569 679 1648 744 1049

232 819 416 904 Friderici
432 820 502 903 filii
520 821 596 928 sui,
611 819 830 929 depecunia
847 817 975 901 curiae
992 816 1025 898 si
1042 843 1194 900 neccsse
1212 814 1326 900 luerit
1339 813 1646 924 supplementum

234 952 363 1036 iaciat.

314 1166 494 1248 (deputant,
508 1164 561 1226 iol.
578 1174 616 1226 to
632 1169 728 1238 recto;
743 1162 790 1224 cl.
805 1178 906 1240 supra,
921 1179 952 1240 p.
969 1160 1052 1242 tlt.)

284 1355 409 1426 Datum
423 1354 460 1425 in
474 1352 656 1426 obsidione
673 1350 853 1440 Faventia,
874 1350 920 1420 Xl
933 1348 1103 1436 octubris,
1123 1348 1201 1419 XIV
1213 1346 1413 1420 indictione.

529 1634 1050 1643 κω,--..--ο--ι--..-...--.-..,-.-ι.-...
1058 1635 1067 1641 -
1073 1635 1091 1641 ι-
1097 1635 1134 1641 .-
1140 1634 1214 1641 --——.
1220 1632 1423 1641 ——m--m--s—u-

287 1895 517 2006 Fridericus,
536 1897 797 1982 Romancmm
815 1898 1037 2007 imperator,
1053 1898 1103 1979 ad
1122 1894 1436 2006 supplicationem
1453 1895 1645 1980 Bartholdi

233 2030 282 2111 de
300 2029 501 2113 Horburch
519 2031 690 2114 concedit
716 2031 815 2114 utin
835 2030 983 2113 deiectu
1008 2030 1183 2112 haeredis
1206 2027 1385 2135 masculi,
1409 2028 1510 2112 filiae
1537 2029 1647 2140 ejus-
1717 2020 1731 2052 ⁸
1790 2022 1818 2054 ⁸⁸

231 2161 322 2245 dem
340 2163 535 2247 Berthcldi
556 2165 597 2246 in
622 2163 748 2247 feudis
776 2189 876 2274 quae
894 2162 944 2246 ab
969 2163 1129 2273 imperio
1156 2171 1257 2246 tenet
1283 2163 1386 2270 apud
1409 2163 1644 2246 Rumoldes-

230 2295 336 2379 heim
353 2306 391 2380 et
408 2297 584 2381 Sorbeim
602 2305 640 2380 et
658 2295 764 2405 alibi,
785 2297 1003 2380 succedant.

312 2510 416 2586 (lidld.
430 2511 532 2586 Lanu,
546 2507 730 2570 danielitas
742 2527 799 2572 zur
815 2508 1022 2592 OEdopircllcu
1037 2506 1208 2584 demoto,
1222 2514 1246 2570 t.
1262 2510 1302 2583 ll,
1313 2526 1344 2587 p.
1360 2517 1431 2591 22⁴,
1443 2527 1481 2572 ex
1494 2512 1642 2591 orlglnall,

352 2615 433 2678 unde
445 2616 593 2694 pendebm
606 2618 736 2695 sigillum
750 2633 868 2678 cereum
881 2616 942 2677 filla
955 2618 1056 2678 serim
1067 2616 1138 2676 fluvi
1151 2623 1181 2678 et
1193 2615 1275 2676 rubri
1286 2615 1417 2690 colorls.)

280 2802 501 2896 Frcdericns,
522 2803 583 2877 llei
598 2797 709 2896 gratia¹
725 2805 956 2875 Romanorum
977 2803 1161 2897 imperator
1181 2823 1317 2897 semper
1339 2811 1527 2894 angustus,
1547 2803 1644 2876 Jeru-

232 2926 338 2998 salem
356 2935 391 2999 et
414 2927 528 3000 Sicilie
550 2949 625 3000 rex.
650 2927 714 2999 Per
736 2948 876 3021 presens
894 2925 1059 3021 scriptum
1076 2937 1196 2998 notum
1216 2925 1361 2998 iacimus
1379 2925 1549 2998 universis
1574 2937 1644 3000 tam

232 3051 450 3143 presentibus
463 3073 567 3144 quam
587 3051 711 3122 futuris
735 3049 830 3144 quod
845 3049 1050 3122 constitutus
1070 3049 1106 3119 in
1124 3049 1296 3142 presentia
1309 3059 1425 3122 nostra
1441 3049 1644 3124 bertholdus

149 3189 155 3196 ·
231 3171 276 3246 de
287 3173 467 3256 llorbprch
479 3171 591 3247 lidelis
604 3185 719 3246 noster
732 3174 873 3244 culmini
889 3183 1006 3246 nostru
1020 3172 1228 3268 supplicavit
1242 3184 1372 3268 utonm
1386 3173 1549 3247 heredem
1562 3175 1646 3266 legi·

231 3296 354 3367 timum
367 3299 559 3369 masculum
579 3319 648 3371 non
665 3297 819 3388 haberet,
836 3297 894 3368 cui
908 3298 944 3368 in
961 3296 1076 3368 leudis
1093 3317 1164 3390 que
1179 3317 1200 3368 a
1214 3296 1314 3369 nobis
1327 3306 1458 3370 teneret
1469 3299 1643 3373 successio

230 3417 432 3508 deberetur,
450 3419 588 3494 filiabus
603 3423 677 3514 ejus
699 3419 860 3492 fidelibus
876 3419 1002 3493 nostris
1020 3419 1124 3493 feuda
1142 3441 1214 3513 que
1232 3440 1253 3492 a
1271 3419 1372 3492 nobis
1388 3431 1422 3492 et
1437 3421 1483 3492 ab
1498 3422 1643 3515 imperio

230 3551 361 3615 teneret
372 3543 409 3614 in
425 3543 517 3616 villis
531 3544 812 3617 Rumoldesheim
831 3553 866 3616 et
887 3544 1043 3616 Sorheim
1061 3556 1096 3617 et
1114 3544 1201 3616 alias
1216 3543 1292 3616 sive
1306 3545 1342 3615 in
1356 3543 1554 3618 bominibus
1569 3547 1644 3620 sive

229 3665 398 3758 inbonis,
419 3677 458 3739 nt
476 3668 512 3739 in
533 3669 584 3741 eis
611 3679 774 3763 tanquam
793 3667 937 3741 heredes
961 3667 1104 3740 masculi
1126 3666 1370 3758 succederent,
1389 3668 1579 3742 concedere
1599 3668 1644 3743 de

229 3800 347 3863 nostra
363 3792 474 3883 gratia
495 3792 730 3887 dignaremur.
754 3792 822 3864 Nos
841 3791 946 3885 igitur
970 3793 1031 3886 qui
1055 3792 1267 3865 favorabiles¹
1279 3790 1434 3864 fidelium
1450 3802 1643 3868 nostrorum

228 3913 411 4008 petitiones
432 3915 618 3988 clementer
632 3915 886 4010 amplectimur,
911 3914 1225 4010 supplicationibus
1249 3915 1371 4010 prelati
1392 3913 1566 3988 Bartholdi
1585 3915 1644 4010 pio

227 4037 384 4110 faventes
404 4059 567 4130 assensn,
587 4039 724 4113 filiabus
743 4039 818 4131 ejus
837 4039 942 4112 leuda
960 4059 1030 4132 que
1053 4038 1230 4132 predictus
1248 4047 1344 4132 pater
1357 4059 1476 4111 aarum
1494 4039 1532 4110 in
1550 4039 1643 4112 villis

227 4161 507 4235 Rumoldesbeim
521 4175 555 4237 et
573 4167 727 4238 Sorheim
743 4175 778 4238 et
795 4165 880 4238 alias
897 4163 1023 4236 sivein
1040 4161 1241 4234 homiuibus
1251 4162 1326 4234 sive
1341 4162 1378 4232 in
1391 4162 1491 4234 bonis
1507 4183 1529 4233 a
1543 4162 1643 4238 nohis
1714 4191 1717 4200 ·

226 4295 260 4358 et
272 4287 318 4358 ab
335 4287 478 4381 imperio
495 4299 601 4380 tenet,
619 4289 655 4360 in
673 4287 833 4363 manibus
851 4287 968 4360 Sinidi
984 4286 1029 4360 de
1043 4286 1222 4360 llorbnrch
1238 4287 1402 4360 avunculi
1416 4307 1535 4358 aarum
1554 4285 1642 4360 fide·

226 4407 268 4480 lis
286 4411 410 4500 nostri,
429 4421 468 4482 ut
483 4411 519 4481 in
541 4411 592 4483 eis
613 4421 776 4507 tanquam
799 4411 861 4483 filii
876 4413 1029 4506 legitime
1047 4409 1253 4500 succedant,
1269 4409 1315 4483 de
1332 4410 1449 4482 innata
1463 4411 1643 4484 clementia

225 4531 410 4604 liberaliter
431 4531 601 4607 duximus
622 4535 858 4609 concedenda.
878 4533 1049 4607 Presentis
1069 4533 1187 4628 scripti
1209 4532 1414 4606 auctoritate
1439 4533 1642 4608 mandantes

227 4655 392 4746 quatinus
416 4657 533 4728 nullus
555 4659 600 4729 sit
625 4659 686 4752 qni
712 4657 801 4731 filias
822 4657 973 4731 Bertoldi
995 4656 1140 4753 predicti
1165 4657 1202 4728 in
1230 4656 1344 4730 leudis
1366 4656 1497 4730 eisdem
1524 4669 1643 4733 contra

226 4777 394 4869 presentis
417 4779 649 4855 concessionis
671 4791 786 4856 nostre
807 4782 970 4878 paginam
996 4780 1163 4876 impediat
1185 4781 1242 4854 vel
1263 4782 1433 4856 molestet.
1454 4775 1556 4868 Quod
1580 4781 1641 4876 qui
