4564 6038
292 653 392 710 lnnrcr.
412 647 474 724 13.]
745 643 942 704 HISTORIA
968 636 1262 702 mauoltnffctl.
1627 633 1701 694 1201

293 792 372 876 tago
386 789 504 852 tusent
519 775 761 852 zwaibundert
779 778 852 848 und
869 775 1013 848 lierzcclr
1033 775 1100 860 iar,
1117 774 1222 843 innan
1236 772 1425 842 Hovwotse
1436 769 1501 864 (l),
1522 791 1566 840 an
1586 780 1704 838 sancte

293 905 439 978 lacobes
455 913 553 995 tage,
567 900 742 974 saciliche.
760 897 885 972 Amen.

350 1473 566 1577 ConraduS,
585 1471 846 1554 Romanorum
864 1468 904 1550 in
926 1493 1055 1578 regem
1077 1468 1240 1572 electus,
1260 1465 1517 1574 praepositum
1544 1477 1581 1548 et
1603 1491 1704 1548 con-

295 1615 452 1690 ventum
469 1607 518 1687 de
536 1603 672 1687 Soreth
699 1627 788 1684 cum
813 1601 994 1684 omnibus
1021 1625 1153 1682 eorum
1181 1597 1485 1708 possessionibus
1515 1596 1586 1680 sub
1611 1623 1707 1705 pro-

295 1738 456 1820 tectione
471 1763 541 1819 sua
559 1734 744 1843 accipitet
762 1733 885 1843 ajuro
901 1731 1125 1817 advocatilio
1143 1729 1287 1812 eximit.

377 1948 473 2028 (Edlt.
489 1966 538 2028 ap.
556 1949 668 2026 Lunro,
683 1943 892 2022 Reicdaarcdfo,
906 1951 931 2006 t.
946 1944 1063 2024 xvm,
1077 1961 1110 2025 p.
1127 1947 1210 2018 750.)

345 2137 383 2206 ln
401 2134 540 2206 nomine
557 2136 682 2206 Sancte
699 2143 734 2205 et
749 2132 933 2206 individue
946 2132 1137 2218 Trinitatis,
1156 2128 1334 2203 Conradus
1351 2129 1423 2202 divi
1444 2131 1581 2223 augusti
1596 2132 1705 2226 impe·

296 2258 419 2330 ratoris
437 2257 605 2330 frederici
625 2255 736 2346 filius,
755 2257 817 2328 Dei
835 2257 945 2349 gratia
963 2258 1194 2328 Romanorum
1213 2254 1249 2324 in
1272 2253 1551 2346 regemelectus,
1571 2276 1707 2350 semper

297 2389 466 2472 augustus
482 2389 517 2452 ct
536 2381 638 2452 beros
652 2379 750 2472 regni
766 2381 969 2452 Jerusalem.
985 2379 1040 2450 Ad
1060 2378 1331 2473 promovendum
1351 2377 1533 2449 salubriter
1544 2379 1706 2450 ecclesia·

297 2525 374 2574 rum
397 2513 541 2594 statum,
560 2504 653 2575 illius
669 2503 797 2574 intuitu
813 2503 913 2593 cnjus
929 2502 1068 2574 nomine
1089 2513 1170 2573 sunt
1187 2499 1318 2594 dicate,
1340 2500 1385 2572 de
1406 2503 1505 2592 cujus
1525 2501 1707 2573 clementia

297 2645 484 2718 regnamus
500 2625 659 2716 feliciter,
674 2645 808 2697 necnon
825 2624 913 2696 utin
926 2625 1029 2696 bonis
1042 2633 1076 2694 et
1088 2623 1303 2696 libertatibus
1318 2643 1436 2694 earum
1456 2622 1572 2694 favore
1587 2631 1706 2694 nostro

297 2759 452 2820 servetur
473 2748 672 2840 integritas,
700 2757 795 2820 tanto
818 2748 1050 2821 favorabiliter
1071 2747 1270 2818 inducimur
1293 2756 1327 2818 et
1342 2755 1499 2818 tenemur
1517 2754 1647 2838 quanto
1669 2747 1705 2816 in

298 2881 481 2965 conspectu
498 2868 663 2944 Altissimi
678 2873 843 2966 gratiores
861 2872 1044 2962 efficimur,
1064 2871 1108 2943 de
1122 2871 1221 2962 cujus
1239 2871 1408 2943 bonorum
1424 2869 1638 2963 plenitudine
1655 2891 1707 2942 re·

299 2996 453 3089 cepimus
470 2995 645 3067 universa.
665 2996 737 3067 Hac
760 2996 788 3066 si
812 2995 953 3088 quidem
974 2996 1105 3067 ratione
1124 2995 1168 3066 ad
1187 2994 1429 3066 modernorum
1452 3002 1486 3064 et
1513 2995 1706 3066 futurorum

299 3119 455 3189 notitiam
473 3129 590 3190 tenore
607 3119 819 3213 presentium
840 3119 999 3212 cupimus
1015 3117 1194 3212 pervenire
1217 3117 1313 3210 quod
1332 3117 1539 3188 constitutos
1562 3115 1598 3186 in
1628 3137 1707 3210 pre-

299 3241 407 3312 sentia
425 3251 540 3312 nostra
545 3293 918 3314 ..........
943 3241 1152 3314 venerabilis
1173 3240 1367 3335 prepositus
1383 3241 1417 3311 in
1443 3239 1565 3312 Scrotb
1592 3262 1708 3335 prose

298 3363 440 3457 suisque
452 3364 614 3436 fratribus
630 3365 804 3438 screnitati
819 3375 933 3438 nostre
949 3366 1122 3436 humiliter
1140 3365 1348 3459 supplicavit
1365 3375 1402 3436 ut
1421 3366 1534 3437 locum
1549 3366 1661 3460 ipsum
1673 3375 1709 3439 et

298 3509 461 3581 personas
474 3489 509 3558 in
525 3508 567 3560 co
581 3488 726 3560 Domino
744 3490 947 3562 famulantes
962 3489 1180 3584 protectionis
1193 3497 1227 3560 et
1241 3488 1368 3560 favoris
1381 3489 1487 3560 nostri
1503 3491 1614 3583 gratia
1631 3514 1708 3564 mu·

298 3611 373 3683 nire
389 3610 655 3684 misericorditer
670 3610 906 3705 dignaremur.
924 3611 1146 3684 lucrementis
1158 3611 1275 3705 itaque
1285 3611 1367 3684 dicti
1380 3613 1577 3685 monasterii
1591 3622 1626 3686 et
1642 3616 1712 3687 fra·
1813 3689 1815 3694 ,

300 3741 390 3805 trum
408 3734 515 3828 quieti
530 3733 576 3806 de
595 3734 713 3807 innata
728 3736 829 3807 nobis
843 3736 940 3828 regia
958 3735 1226 3809 mansuetudine
1243 3733 1425 3807 intendere
1445 3736 1639 3830 cupientes,
1657 3737 1712 3808 in·

299 3857 414 3930 clinati
441 3857 674 3930 favorabiliter
692 3859 1000 3953 supplicationibus
1018 3857 1183 3953 propositi
1206 3858 1394 3952 prenotati,
1415 3859 1597 3931 cenobium
1617 3857 1712 3932 idem

300 3977 419 4051 Screth
444 3980 491 4053 ad
515 3981 738 4075 plantandam
757 3981 894 4053 vineam
917 3981 1052 4052 Domini
1079 3990 1113 4053 et
1134 4003 1300 4076 personas
1325 3982 1360 4052 in
1390 4003 1432 4054 eo
1458 3983 1579 4055 divino
1605 3984 1713 4056 cultui

299 4103 510 4198 mancipatas
531 4126 610 4176 cum
629 4101 801 4176 universis
827 4105 1027 4178 dominibus
1041 4105 1130 4201 (sic),
1158 4105 1257 4177 bonis
1281 4115 1316 4178 et
1341 4106 1616 4200 possessionibus
1641 4107 1714 4179 suis

336 4355 371 4426 (t)
390 4353 569 4413 lfultoticsad
582 4355 654 4412 hunc
667 4354 754 4412 locum
768 4355 959 4413 elucidandum
973 4355 1049 4413 labor
1062 4355 1161 4412 frustra
1174 4360 1290 4412 terimus
1301 4362 1345 4414 sat
1357 4355 1429 4429 (Vid.
1445 4357 1532 4427 Lana,
1549 4357 1577 4412 in
1591 4357 1713 4427 Harma,

300 4457 321 4506 t.
336 4451 432 4524 XXX,
447 4468 476 4525 p.
490 4453 562 4524 llt).
577 4451 748 4510 Difficultatis
765 4458 854 4510 amen
874 4453 982 4523 solutio,
1004 4460 1034 4510 nt
1052 4458 1145 4510 monet
1158 4452 1323 4512 Boehmerus
1340 4453 1464 4526 (depost,
1482 4470 1511 4526 p.
1532 4457 1600 4524 259,
1620 4468 1652 4510 n⁰
1670 4454 1716 4526 ts)

300 4546 415 4619 simplex
428 4547 536 4604 videtur
550 4567 557 4603 :
573 4565 635 4606 nam
649 4551 736 4606 innon
746 4551 890 4606 Hoowcstc
903 4550 974 4606 idem
985 4556 1062 4607 sonat
1070 4565 1104 4608 ac
1117 4552 1157 4606 lm
1170 4551 1253 4607 fleant
1269 4550 1327 4608 sive
1340 4553 1371 4606 in
1382 4549 1428 4606 dar
1441 4550 1603 4621 Hauerndtc,
1618 4550 1719 4609 scilicet

299 4647 422 4712 tempore
436 4642 569 4714 fenisecll,
587 4651 618 4701 ut
632 4644 669 4702 ita
688 4644 786 4703 festum
805 4646 880 4703 Beati
893 4645 984 4704 facobi
1002 4646 1029 4702 in
1044 4661 1136 4703 monac
1156 4644 1223 4718 julio
1239 4645 1273 4703 ab
1295 4644 1382 4706 altero
1402 4645 1474 4719 quod
1492 4645 1520 4702 iu
1534 4661 1627 4704 mcusc
1647 4645 1719 4704 maio

300 4739 401 4811 incidit,
417 4739 607 4814 distinguatur.
