4564 6038
669 822 1348 968 anol'lalluul'll

815 1159 866 1216 AD
888 1158 1038 1215 ssxrall
1060 1158 1213 1214 PARTE!

514 1417 903 1522 HlSTORlllE
956 1416 1505 1522 olrloolnl‘lcau.

806 1759 1219 1798 w

364 2071 567 2182 Gregorius
594 2072 644 2154 lll
670 2099 770 2182 papa
797 2072 993 2156 Adelasiae
1022 2073 1200 2155 dominae
1227 2073 1448 2156 Turritanae
1478 2074 1635 2156 mandat
1670 2083 1713 2156 ut

308 2215 394 2314 post
424 2205 571 2288 obitum
602 2207 672 2288 viri
698 2206 804 2317 ejus,
836 2233 924 2290 cum
948 2207 1066 2289 altero
1093 2207 1232 2288 marito
1263 2233 1332 2314 pro
1356 2207 1444 2289 liliis
1471 2199 1713 2315 procreandis

308 2337 506 2420 contrahat
523 2339 589 2448 qni
613 2340 693 2420 sedi
714 2339 941 2448 apostolicae
958 2337 1080 2420 fidelis
1098 2347 1135 2419 et
1152 2338 1309 2420 devotus
1329 2338 1524 2420 habeatur.

391 2577 514 2657 (lnedlt.
536 2597 574 2640 ex
592 2581 705 2642 collect.
721 2581 846 2658 Laporle
859 2580 900 2640 du
913 2580 1012 2656 Thou,
1031 2581 1149 2656 chcst.
1168 2578 1287 2656 Gregor.
1306 2579 1360 2652 lx,
1374 2595 1444 2640 aun.
1466 2580 1534 2656 xll,
1549 2581 1633 2656 eplst.
1650 2580 1711 2656 68.)

358 2790 556 2884 Gregorius,
576 2802 659 2882 etc,
681 2792 786 2865 nobili
810 2791 946 2864 mulieri
970 2789 1094 2884 Agneti
1109 2787 1183 2884 (sic)
1205 2789 1408 2861 llomicellae
1434 2789 1574 2863 domine
1596 2789 1713 2862 Turri-

309 2923 407 3004 taue,
428 2923 493 2985 etc.
510 2914 606 2988 Clare
622 2917 796 3012 memorie.
829 2970 839 2987 .
866 2969 875 2986 .
895 2915 960 2986 viri
983 2914 1032 2985 tui
1051 2913 1146 2985 obitu
1164 2912 1335 2984 intellecto
1350 2934 1413 2984 uos
1429 2912 1493 3006 ipsi
1513 2934 1580 2984 non
1598 2913 1713 3007 polui-

311 3058 386 3108 mus
402 3058 470 3109 non
490 3038 607 3111 dolere
625 3061 703 3111 cum
725 3049 760 3111 el
779 3059 959 3133 personam
984 3037 1096 3131 ipsios
1118 3036 1249 3108 siucero
1267 3035 1492 3108 dilexerimus
1515 3036 1549 3106 in
1570 3037 1712 3109 Domino

309 3158 473 3231 charitate
496 3169 531 3231 et
553 3171 586 3233 te
613 3184 717 3254 quam
735 3163 770 3232 iu
786 3161 918 3234 Christo
942 3160 1075 3232 sincere
1094 3159 1271 3250 diligimus
1296 3160 1380 3230 tanti
1402 3159 1468 3230 viri
1490 3157 1712 3232 didicerimus

308 3283 426 3354 solatio
445 3282 653 3356 destitutam.
674 3284 742 3358 Sed
763 3279 798 3355 in
824 3284 891 3357 hoc
907 3284 1169 3356 consolationem
1193 3283 1431 3377 accipimuset
1455 3291 1488 3354 te
1509 3284 1617 3377 ipsam
1640 3305 1712 3356 vo-

308 3403 423 3476 lumus
440 3409 615 3480 consolare
635 3408 720 3502 quia
749 3408 863 3502 ipsum
887 3407 923 3478 in
948 3407 1039 3478 bona
1069 3405 1269 3478 contritione
1295 3415 1329 3477 et
1351 3404 1476 3478 devota
1500 3408 1712 3480 consessione

308 3526 539 3601 intelleximus
552 3531 691 3604 obiisse.
708 3531 807 3606 Unde
824 3531 1035 3604 nobilitatem
1050 3539 1144 3601 lnam
1162 3540 1386 3615 monemusel
1397 3531 1572 3602 hortamur
1586 3539 1712 3603 attente

1772 2086 1891 2138 hunul.

1741 2141 1770 2188 t)
1781 2143 1846 2197 nprll.
1859 2143 1918 2186 1288.

307 3661 477 3744 quatenus
492 3651 677 3747 prudenter
693 3654 874 3727 attendens
894 3677 998 3748 quam
1017 3655 1123 3726 fallax
1145 3652 1188 3724 sit
1202 3653 1374 3739 muudus,
1391 3653 1462 3725 uita
1480 3654 1614 3744 brevis,
1632 3653 1710 3727 linis
1733 3734 1737 3745 ,

308 3773 445 3862 dubius,
465 3776 635 3848 horribilis
653 3778 767 3849 exitus
791 3789 825 3849 et
841 3779 999 3850 terribilis
1016 3778 1153 3849 tandem
1168 3777 1300 3869 judex,
1321 3799 1388 3849 nou
1405 3777 1584 3872 indulgeas
1598 3779 1708 3875 lacry-

306 3899 388 3986 mis,
408 3901 470 3972 sed
486 3903 699 3974 orationibus
721 3913 755 3974 et
772 3903 979 3997 elemosynis
994 3903 1106 3996 potius
1124 3923 1227 3973 vaces
1244 3923 1303 3996 pro
1321 3914 1453 3973 mortuo
1469 3901 1562 3996 apud
1585 3903 1706 3974 Deum.

306 4021 464 4094 Celerum
478 4046 557 4095 cum
572 4047 640 4097 non
656 4027 820 4120 expediat
838 4025 899 4097 tibi
913 4035 947 4098 et
964 4035 1052 4097 terre
1070 4034 1126 4096 tue
1141 4035 1178 4094 ut
1193 4025 1353 4116 conjugio
1370 4047 1498 4113 careas,
1517 4025 1580 4096 scd
1598 4027 1708 4098 nubas

306 4145 341 4215 in
360 4146 503 4219 Domino
522 4158 556 4220 et
572 4171 673 4220 vaces
692 4150 770 4221 filiis
792 4149 1030 4244 procreandis,
1057 4150 1219 4220 volumus
1245 4158 1280 4218 ut
1305 4148 1349 4219 de
1370 4157 1484 4220 nostro
1505 4150 1646 4221 consilio
1674 4159 1709 4221 et

305 4269 466 4341 mandato
480 4272 579 4342 talem
596 4272 631 4342 in
648 4274 760 4344 virum
778 4274 922 4368 recipias
940 4275 1001 4367 qui
1018 4283 1051 4344 et
1066 4272 1231 4342 nobilitati
1250 4281 1307 4341 tue
1329 4281 1446 4364 gratus
1461 4280 1496 4342 et
1516 4271 1614 4344 nobis
1632 4293 1705 4344 me·

305 4389 370 4462 rito
389 4393 433 4462 sil
454 4405 627 4488 acceptus,
650 4417 690 4467 ac
716 4407 840 4468 terram
862 4408 896 4468 et
914 4399 993 4489 jura
1021 4409 1080 4466 lua
1101 4405 1201 4488 prout
1223 4395 1366 4490 expedit
1391 4395 1426 4465 in
1450 4395 1527 4467 lorti
1550 4417 1655 4466 mauu
1672 4405 1706 4467 et

304 4524 443 4586 extento
464 4514 603 4588 brachio
624 4528 777 4608 tueatur3
804 4531 838 4591 et
854 4531 892 4590 ut
914 4519 1035 4590 melius
1056 4529 1091 4590 et
1106 4518 1278 4589 efficacius
1301 4517 1346 4588 ad
1368 4517 1532 4590 honorem
1554 4529 1588 4590 ct
1612 4519 1704 4590 utili·

305 4645 405 4708 tatem
432 4648 525 4710 tuam
557 4641 652 4734 quod
681 4642 890 4715 intendimus
915 4643 1143 4737 compleatur,
1181 4642 1384 4734 presentium
1416 4641 1476 4712 tibi
1505 4643 1705 4716 auctoritate

305 4759 507 4832 mandamus
519 4774 688 4856 quatenus
706 4765 918 4861 perfidelem
937 4768 1099 4839 nuncium
1115 4778 1148 4838 ut
1166 4765 1350 4838 discretum
1366 4765 1422 4838 cui
1439 4765 1541 4838 etiam
1565 4788 1704 4842 consen·

381 4883 419 4944 V.
442 4900 503 4944 Pars.
517 4903 537 4943 2.
1487 4898 1542 4950 15l
