4358 5996
233 725 332 784 lrtnvcn
351 722 413 800 ta]
682 719 877 781 HISTORIA
902 718 1192 780 DlPLOllllTlCll.
1565 715 1643 778 1039

232 857 369 930 emulus
386 864 422 928 et
437 876 506 928 non
520 855 630 947 magis
644 853 679 925 in
692 853 836 948 perfidia
854 853 957 928 iidem
974 876 1079 948 quam
1094 851 1274 948 perfidiam
1288 851 1323 922 in
1338 849 1407 924 lide
1418 872 1640 944 conservans,

233 979 446 1054 lombardos
475 977 616 1052 eosdem
648 977 777 1073 quihus
806 977 1044 1052 confederatus
1074 977 1229 1050 lucrata
1262 985 1457 1068 treugarum
1490 976 1643 1069 ipsarum

234 1103 351 1176 ledere
367 1123 435 1174 non
458 1121 581 1196 passus
604 1109 657 1172 est
682 1100 840 1192 excludi,
864 1101 968 1174 totins
994 1099 1088 1172 orbis
1110 1097 1253 1171 dissidio
1273 1097 1583 1172 Mediolanensium
1603 1121 1644 1172 ac

233 1227 389 1322 ipsorum
405 1223 605 1318 sequacium
626 1223 791 1317 suffragia
804 1221 1039 1318 preponendo.
1057 1221 1118 1294 Cui
1136 1243 1215 1294 cum
1234 1221 1269 1292 in
1285 1221 1543 1316 participatione
1559 1223 1643 1296 tanti

232 1347 372 1422 sceleris
388 1346 552 1418 assentire
567 1346 749 1434 nollemus,
760 1355 800 1417 ut
816 1345 885 1418 lese
900 1346 1087 1438 majestatis
1103 1355 1217 1418 nostre
1236 1364 1314 1416 reos
1331 1345 1398 1416 sub
1410 1344 1643 1438 predictarum

232 1481 433 1564 treugarum
446 1469 625 1540 involucro
638 1477 837 1564 pateremur
852 1467 997 1558 involvi,
1013 1467 1068 1540 vel
1087 1467 1179 1561 ipsos
1193 1465 1380 1538 ullomodo
1394 1465 1644 1561 papepresidio

233 1593 453 1683 communiri,
468 1592 608 1665 tandem
622 1601 803 1686 postquam
818 1591 906 1664 vidit
918 1589 1056 1664 cosdem
1070 1590 1213 1662 rebelles
1222 1597 1355 1662 nostros
1367 1589 1504 1684 propria
1519 1590 1646 1662 virtute

233 1715 383 1790 delicere
395 1736 460 1788 nec
470 1715 554 1809 ipsis
564 1727 667 1808 posse
676 1715 867 1787 remedium
880 1714 1075 1810 temporalis
1086 1713 1203 1786 saltem
1216 1713 1341 1806 quietis
1351 1713 1486 1802 offerre,
1500 1712 1645 1788 adartes

233 1839 319 1912 alias
346 1836 564 1932 postmodum
588 1858 625 1908 sa
642 1835 832 1925 convertit,
854 1845 1015 1929 satagens
1031 1857 1093 1908 nos
1110 1857 1172 1930 par
1189 1836 1325 1908 Walem
1343 1833 1392 1930 (a)
1414 1835 1645 1908 venerabilem

232 1962 450 2034 Brixicnsem
461 1960 663 2056 episcopum
673 1958 717 2032 ad
731 1966 882 2032 nostram
895 1959 1099 2052 presentiam
1110 1957 1329 2030 accedentem
1342 1957 1506 2032 inducere
1516 1969 1555 2030 ut
1566 1981 1646 2034 cum

233 2107 297 2182 pro
313 2085 552 2158 reformatione
566 2084 660 2180 pacis
676 2083 765 2154 inter
779 2103 842 2155 nos
860 2090 895 2154 ct
907 2081 1107 2168 Ecclesiam,
1122 2091 1162 2154 ut
1174 2080 1322 2169 dicebat,
1339 2089 1468 2154 vestros
1481 2091 1516 2154 et
1528 2085 1647 2176 quam·

231 2209 387 2305 plurium
398 2230 519 2302 regum
531 2207 720 2279 nuntiosac
732 2206 916 2279 nonnullos
928 2203 974 2278 de
985 2203 1253 2278 occidentalibus
1265 2204 1418 2298 partibus
1429 2205 1601 2302 principes
1612 2215 1647 2281 et

232 2333 385 2429 prelatos
403 2331 448 2405 ad
463 2329 635 2426 synodum
651 2329 847 2404 intenderet
860 2351 1019 2420 evocare,
1033 2327 1244 2402 lumbardos
1256 2325 1429 2423 predictos
1446 2331 1647 2406 excellentie

233 2465 352 2527 nostre
369 2453 530 2526 bannitos
549 2453 585 2524 in
604 2452 733 2546 treugis
749 2474 828 2526 cum
846 2451 922 2548 ipso
942 2471 1053 2545 usque
1069 2450 1115 2523 ad
1130 2451 1327 2545 proximum
1344 2452 1465 2524 festum
1480 2473 1648 2526 resurrec-

234 2577 340 2650 tionis
357 2577 536 2650 Dominice
552 2575 796 2650 contrahendis
812 2575 1103 2671 comprehendere
1115 2575 1337 2664 deberemus,
1354 2597 1493 2648 causam
1515 2575 1649 2670 fingens

236 2711 276 2772 ut
288 2721 335 2774 ex
350 2701 616 2796 particularibus
629 2701 760 2793 treugis
775 2701 902 2795 largior
915 2700 1049 2773 occasio
1062 2698 1108 2773 ad
1126 2700 1338 2772 universales
1352 2699 1562 2794 preberetur.
1577 2699 1649 2774 Au·

238 2821 311 2895 dite
327 2823 519 2896 mirabilem
537 2823 733 2896 calliditatis
756 2824 935 2914 astutiam,
962 2819 1174 2894 considerate
1188 2822 1288 2914 signa
1304 2843 1479 2916 prorsusa
1495 2823 1651 2917 qualibet

237 2945 383 3017 veritate
398 2945 598 3041 remota(h)‚
618 2945 703 3019 dum
719 2945 799 3018 ideo
815 2967 934 3040 pacem
953 2943 1133 3016 nobiscnm
1151 2943 1278 3016 hahere
1296 2945 1385 3017 velle
1402 2965 1440 3016 se
1457 2944 1598 3018 simulat
1613 2955 1651 3018 ut

236 3065 454 3140 Lombardos
466 3067 514 3141 ad
527 3077 663 3164 tempus
677 3091 740 3164 pre
757 3077 957 3164 treugarum
979 3066 1141 3160 suffragio
1160 3066 1366 3160 respirantes
1384 3075 1501 3138 contra
1518 3089 1582 3140 nos
1596 3090 1650 3141 se·

236 3189 355 3262 curius
368 3189 587 3284 postmodum
602 3191 638 3262 in
651 3192 840 3264 rebellione
853 3189 1042 3278 confirmet,
1060 3199 1168 3283 utque
1181 3197 1297 3260 contra
1309 3210 1372 3262 nos
1383 3187 1429 3260 ad
1443 3188 1650 3264 discordiam

236 3333 275 3385 se
288 3312 404 3385 medio
417 3323 571 3408 tempore
585 3336 647 3408 per
665 3315 876 3388 venientium
896 3315 1104 3409 prelatorum
1121 3311 1167 3384 ad
1185 3293 1397 3386 vocationem
1416 3333 1515 3386 suam
1529 3313 1651 3385 subsi-

237 3433 297 3507 dia
317 3435 476 3508 licentius
502 3449 676 3532 preparat,
701 3459 797 3533 spem
815 3437 917 3509 nobis
939 3435 1120 3511 concordie
1140 3434 1330 3529 pollicetur.
1354 3436 1397 3506 llt
1417 3444 1456 3506 ut
1472 3435 1651 3510 evidenter

239 3556 286 3634 ad
305 3560 447 3630 oculum
472 3559 621 3633 videatis
643 3560 739 3655 quod
759 3581 821 3656 pro
843 3559 1014 3632 discordia
1036 3559 1151 3653 potius
1170 3558 1351 3632 concilium
1375 3557 1523 3632 advocet
1547 3582 1650 3653 quam

239 3700 302 3773 pro
318 3701 421 3775 paee,
439 3681 584 3754 sormam
601 3682 799 3774 hujusmodi
822 3681 1077 3755 convocationis
1092 3681 1257 3754 attendite
1269 3681 1305 3752 in
1321 3703 1391 3775 qna
1409 3682 1651 3756 nihilomnino

240 3800 284 3874 da
296 3803 412 3876 iutnre
425 3804 520 3898 pacis
532 3813 675 3878 tractatu
691 3805 908 3893 describitur,
921 3805 988 3878 nisi
998 3805 1093 3900 quud
1104 3825 1167 3900 pro
1180 3804 1314 3899 magnis
1325 3813 1358 3876 et
1370 3805 1489 3879 arduis
1501 3807 1652 3880 Ecclesie

238 3923 392 3998 Romane
408 3927 555 4020 negotiis
570 3936 769 4002 vocatorum
782 3929 988 4024 presentiam
1007 3937 1138 4002 asserat
1150 3938 1366 4023 oportunam.
1380 3931 1529 4026 Tempus
1543 3931 1652 4024 inspi-

240 4045 305 4118 cite
321 4046 405 4118 dum
421 4057 585 4141 negatum
603 4051 703 4123 nobis
714 4061 795 4124 ante
811 4051 1007 4142 concilium,
1026 4060 1106 4146 post
1123 4051 1267 4126 rebelles
1280 4061 1414 4162 nostros
1429 4074 1492 4148 per
1509 4075 1572 4126 nos
1585 4075 1651 4148 eg-

239 4190 376 4264 gressus
389 4169 557 4244 hostiliter
568 4171 626 4267 (ι),
641 4175 760 4246 nititur
776 4195 982 4248 convocare.
999 4174 1219 4247 Considerate
1234 4195 1408 4269 personas¹
1428 4174 1513 4247 dum
1530 4175 1651 4269 spretis

239 4288 494 4386 magnificentie
512 4302 626 4367 vestre
644 4295 776 4368 nuntiis
794 4317 854 4392 per
869 4317 958 4391 quos
976 4297 1043 4368 sihi
1061 4305 1241 4370 tractatum
1256 4296 1352 4392 pacis
1366 4295 1565 4388 hujusmodi
1582 4297 1649 4368 ire·

279 4481 322 4558 (a)
341 4480 389 4540 lta
401 4481 467 4542 cod.
481 4491 515 4542 n⁰
529 4491 601 4557 ιιι,
613 4483 666 4545 sed
680 4484 746 4544 cod.
760 4493 794 4544 n⁰
806 4492 877 4562 202,
892 4483 956 4558 (3²¹3
972 4485 1039 4545 cod.
1055 4495 1088 4546 n⁰
1102 4493 1193 4562 8⁵64,
1213 4481 1338 4558 illatam,
1352 4487 1471 4547 rectius.

282 4583 323 4663 (b)
344 4585 465 4665 Legitur
477 4588 557 4664 apud
570 4589 656 4650 Matt.
672 4589 757 4650 Paris
772 4606 780 4650 :
796 4587 904 4650 Audite
916 4587 1078 4650 mirabilem
1097 4592 1345 4654 circumventionis
1358 4589 1473 4654 amdam
1485 4589 1527 4654 ad
1536 4589 1650 4673 deprec-

240 4689 349 4750 riorrem
362 4693 583 4773 norhcjautitic
596 4695 800 4774 campitutum,
816 4692 885 4755 dum
893 4713 1009 4773 pacem,
1024 4703 1081 4758 etc.

283 4794 320 4875 (c)
342 4797 401 4874 Ap.
416 4797 500 4858 Perta
515 4807 692 4882 rpostquam
704 4818 756 4863 nor
770 4807 811 4864 ιιι
821 4819 970 4884 appruau
980 4799 1131 4865 Ιιιιιίιὶιιι.
