4358 5996
207 701 315 764 hun.
334 697 395 783 ra]
664 699 863 762 HISTORIA
890 697 1187 760 orruouarrca

423 945 818 958 -ι--ι--ι-ιι-ρ

268 1179 452 1266 Mandata
469 1179 519 1262 ad
536 1178 734 1264 universos
756 1204 781 1261 a
807 1177 905 1262 Fam
931 1203 1054 1288 usque
1077 1203 1145 1286 per
1170 1186 1291 1262 totam
1309 1177 1476 1260 Siciliam
1494 1188 1537 1262 ut
1560 1179 1630 1262 in·
1701 1195 1793 1298 ,Ἓξ

212 1313 376 1396 tendant
392 1313 504 1396 Petro
524 1313 573 1394 de
596 1310 774 1394 Calabria
796 1311 911 1394 unico
935 1309 976 1392 in
1000 1309 1127 1393 Sicilia
1147 1309 1351 1420 justitiario
1376 1311 1522 1394 noviter
1548 1321 1632 1394 sta-

212 1451 319 1552 tuto,
335 1451 373 1526 at
389 1444 442 1526 ad
458 1443 636 1526 eumdem
654 1443 808 1526 Petrum
827 1451 871 1524 ut
889 1467 930 1524 se
947 1441 1117 1526 conferat
1136 1442 1186 1524 ad
1198 1441 1404 1552 Ragonium
1421 1443 1470 1526 de
1488 1442 1630 1527 Amicis

213 1573 481 1682 capitaneum,
500 1571 693 1656 fidelitatis
712 1571 973 1683 juramentum
990 1571 1025 1655 ei
1042 1572 1307 1681 praestiturus.

299 1773 431 1858 (litum.
445 1775 547 1854 snper.
559 1771 679 1836 meter.
694 1773 735 1850 11,
748 1773 800 1836 tol.
819 1782 875 1836 tos
889 1789 993 1847 νεῖκος
1007 1775 1039 1834 ln
1052 1773 1124 1835 odit.
1140 1772 1276 1848 curan„
1290 1791 1321 1852 p.
1337 1774 1423 1854 ⁴1².)

262 1951 315 2021 Dc
329 1950 440 2021 mdern
452 1949 609 2022 mondum
626 1949 756 2042 empsit
768 1947 858 2020 idem
870 1975 882 2019 .·

262 2072 488 2162 tiedericus,
509 2081 591 2164 otc,
610 2070 783 2144 universis
805 2091 827 2142 a
849 2070 934 2144 Fam
954 2090 1017 2164 per
1033 2078 1140 2142 totam
1164 2071 1313 2143 Siciliam
1331 2072 1540 2164 constitutis,
1559 2081 1625 2146 etc.

212 2194 265 2268 Ne
282 2195 482 2268 officialium
503 2195 603 2288 regni
630 2195 737 2268 nostri
762 2193 933 2267 ordinatio
961 2192 1114 2266 indivisa
1141 2193 1253 2266 officia
1279 2205 1394 2268 nostra
1418 2195 1625 2288 contundat,

214 2320 401 2393 utilitatem
428 2319 597 2416 impediat
617 2317 692 2391 fisci
713 2318 820 2391 nostri
839 2327 875 2390 st
895 2328 1090 2390 nostrornm
1114 2315 1267 2390 fidelium
1291 2319 1395 2391 etiam
1417 2329 1558 2413 generet
1578 2323 1628 2394 la·

215 2442 364 2534 sionem,
384 2443 435 2516 sio
450 2463 621 2539 perpenso
638 2440 780 2514 oonsilio
797 2440 1002 2514 excellentia
1021 2448 1137 2514 nostra
1150 2440 1304 2534 providit
1320 2450 1360 2512 nt
1373 2463 1463 2514 unns
1474 2443 1628 2534 justitia-

213 2567 288 2638 rius
308 2588 330 2640 a
347 2567 434 2640 Fam
455 2588 566 2660 nsque
583 2587 647 2660 per
664 2573 770 2639 totam
795 2564 946 2636 Siciliam
968 2585 1043 2637 esse
1068 2563 1209 2656 debeat,
1228 2565 1288 2658 qui
1300 2565 1379 2656 jura
1399 2566 1495 2638 curie
1512 2575 1627 2640 nostro

214 2698 376 2784 procuret
398 2690 585 2778 adtentius,
608 2688 751 2761 servitia
777 2699 894 2760 nostra
915 2696 1076 2760 exerceat
1100 2687 1293 2780 diligenter,
1312 2685 1474 2760 fidelibus
1503 2690 1628 2762 nostris

211 2811 314 2904 juxta
332 2811 430 2904 qnod
445 2809 492 2883 ad
508 2831 587 2883 eum
610 2809 817 2906 spectaverit
828 2811 909 2901 jura
931 2809 1112 2882 ministret.
1132 2812 1183 2882 De
1206 2809 1390 2905 prudentia
1409 2811 1516 2905 igitur
1536 2812 1627 2885 Petri

216 2932 262 3007 de
277 2933 437 3006 Calabria
459 2931 573 3007 fidelis
591 2933 699 3006 nostri
724 2943 759 3007 ct
782 2931 954 3026 legalitate
982 2931 1120 3023 conlisi,
1140 2933 1254 3029 ipsum
1279 2933 1406 3007 aFaro
1432 2955 1542 3028 usquc
1564 2957 1628 3030 par

216 3062 322 3128 totam
350 3055 498 3128 Siciliam
527 3055 694 3128 dommus
718 3053 938 3128 statuendum
960 3064 999 3127 ut
1024 3054 1174 3128 officinm
1197 3055 1312 3148 ipsum
1335 3055 1380 3128 ad
1405 3056 1571 3130 honorem
1593 3067 1628 3130 et

216 3175 416 3250 fidelitatem
441 3187 592 3252 nostram
625 3177 748 3252 debeat
774 3177 919 3251 fideliter
944 3199 1119 3252 exercerc.
1147 3178 1315 3264 Quocirca
1335 3177 1491 3252 fidelitati
1515 3191 1628 3254 vestre

215 3301 442 3397 precipiendo
467 3302 675 3376 mandamns
700 3312 873 3397 quatenns
901 3301 1016 3375 eidem
1052 3301 1091 3373 P.
1121 3299 1215 3374 fideli
1245 3310 1362 3376 nostro
1392 3301 1438 3376 de
1460 3303 1628 3378 ‚omnibus

216 3445 285 3518 qne
308 3423 355 3497 ad
369 3426 544 3518 justitiarii
563 3425 717 3499 officium
744 3435 923 3521 spectant,
947 3424 1133 3498 intendatis
1152 3433 1188 3498 et
1206 3425 1439 3520 respondeatis
1465 3436 1629 3522 tanquam

212 3546 400 3638 justitiario
429 3557 545 3623 nostro
569 3571 591 3622 a
614 3549 797 3643 majestate
820 3558 938 3622 nostra
960 3556 1087 3621 statuto
1112 3547 1159 3622 ad
1184 3547 1349 3622 honorem
1373 3557 1408 3622 at
1429 3549 1628 3625 fidelitatem

216 3677 382 3743 nostram.
833 3707 835 3712 ·

263 3793 390 3864 Datum
404 3793 500 3887 Orto,
520 3795 565 3867 111
580 3793 700 3886 madii,
720 3793 798 3866 Xlll
817 3793 1025 3867 indictionis.

264 3915 352 3988 itam
371 3917 507 4013 scripsit
522 3917 615 3992 idem
632 3919 769 3991 licteras
785 3917 831 3992 ad
848 3918 963 4014 ipsum
976 3917 1015 3990 P.
1033 3925 1072 3989 nt
1087 3939 1168 3990 cnm
1183 3917 1285 3991 iverit
1299 3919 1340 3992 ll.
1361 3917 1407 3993 de
1423 3917 1554 3992 Amicis
1568 3941 1626 3992 ca·

217 4037 410 4133 pitancusa
428 4049 525 4136 porta
541 4041 655 4114 Roscti
673 4061 786 4134 nsque
808 4062 870 4136 per
890 4049 995 4114 totam
1011 4040 1179 4133 Siciliam,
1203 4043 1355 4115 conterat
1376 4064 1414 4116 se
1432 4043 1478 4116 ad
1492 4065 1571 4116 enm
1593 4053 1627 4116 et

217 4169 344 4254 prestet
359 4163 426 4236 sibi
443 4161 619 4238 fidelitatis
632 4173 668 4238 et
680 4164 784 4238 officii
796 4167 1048 4258 juramentum,
1065 4174 1100 4237 et
1107 4165 1289 4256 justiciarii
1303 4165 1454 4239 officinm
1469 4175 1641 4258 exerceat,

218 4301 262 4356 ex
282 4295 375 4357 tunc.

267 4615 448 4702 Mandata
470 4620 520 4704 ad
536 4619 745 4706 Iohannem
771 4620 933 4706 Cioffirm
955 4567 1184 4733 magistrum
1206 4623 1457 4708 camerarium
1474 4651 1498 4708 a
1517 4637 1628 4736 porta
1698 4645 1787 4748 yffi

216 4741 339 4832 Roseti
358 4775 482 4861 usque
498 4753 639 4838 larum
657 4763 701 4838 ut
720 4779 840 4840 novos
857 4768 991 4864 portus
1009 4753 1049 4835 in
1066 4753 1230 4839 Conona
1247 4765 1285 4838 et
1303 4754 1446 4840 Bivona
1467 4767 1627 4843 statutos
