4468 6010
551 687 630 750 raa¹
1050 693 1263 754 rurouarcr
1289 693 1464 755 snconnr
1779 693 1858 776 [aaa.
1878 693 1967 760 raro.

552 835 668 897 nostre
685 825 779 898 curie
797 825 992 920 capiendis,
1010 828 1173 902 volumus
1193 839 1231 902 ut
1252 831 1296 902 de
1319 829 1419 902 lalcis
1441 829 1525 923 quia
1543 828 1673 900 nnllam
1692 829 1738 902 de
1757 829 1842 924 ipsis
1861 831 1969 904 iecisti

553 948 587 1018 in
609 948 678 1020 tuis
696 948 824 1022 lictoris
844 951 1071 1040 mentionem,
1091 952 1291 1026 mandatum
1323 963 1438 1026 nostre
1462 952 1678 1026 celsitudinis
1699 955 1900 1048 exequaris.
1919 957 1970 1030 lle

552 1072 684 1145 clericis
701 1093 784 1145 vero
802 1095 950 1167 qnorum
970 1076 1110 1148 nomina
1130 1077 1164 1147 in
1184 1077 1307 1150 cedula
1328 1079 1396 1150 tuis
1414 1077 1540 1150 lictoris
1553 1075 1740 1148 interclusa
1758 1079 1967 1173 recepimus,

553 1196 616 1268 tibi
628 1197 838 1270 mandamns
853 1207 891 1270 nt
904 1199 1086 1272 Emanueli
1099 1201 1287 1296 Frajapaue
1307 1203 1430 1276 clerico
1445 1202 1513 1276 civi
1527 1203 1682 1274 Romano
1696 1200 1758 1294 qui
1773 1202 1818 1274 de
1833 1203 1971 1276 licentia

553 1330 667 1394 nostra
687 1323 793 1394 Rome
812 1332 983 1412 moratur,
1006 1323 1174 1396 beneficia
1192 1347 1256 1397 sua
1279 1325 1344 1397 bac
1361 1325 1393 1398 ei
1412 1326 1592 1399 occasione
1610 1347 1671 1418 per
1696 1333 1731 1396 te
1752 1325 1869 1413 ablata
1891 1347 1972 1398 cnm

553 1447 726 1542 perceptis
741 1445 869 1519 exinde
889 1447 1055 1518 lructlbns
1075 1449 1252 1538 restituas,
1270 1458 1305 1521 et
1329 1449 1406 1522 aliis
1429 1449 1489 1543 qni
1512 1449 1557 1522 de
1573 1469 1683 1542 regno
1701 1469 1769 1520 non
1792 1449 1917 1521 suntsi
1935 1450 1971 1521 in

553 1592 661 1664 reguo
686 1579 862 1642 morantur
887 1571 1043 1644 similiter
1069 1573 1183 1646 ablata
1208 1574 1390 1658 restituas,
1415 1595 1495 1646 cum
1519 1575 1563 1646 de
1589 1575 1657 1645 illis
1681 1573 1835 1668 predicta
1859 1575 1973 1647 liotere

553 1705 669 1768 nostra
693 1716 762 1765 non
784 1696 909 1766 laciant
926 1695 1152 1786 mentionem,
1173 1695 1241 1768 nisi
1259 1695 1376 1790 aliqua
1394 1697 1488 1789 justa
1506 1697 1592 1768 ratio
1616 1705 1650 1767 te
1675 1696 1850 1768 movisset.
1867 1697 1972 1768 Rece-

453 1821 457 1828 ’
555 1821 669 1915 pimus
686 1829 838 1912 preterea
854 1819 993 1889 nomina
1013 1819 1212 1891 officialium
1228 1821 1358 1914 quibus
1375 1819 1517 1914 aliquod
1537 1819 1582 1892 de
1595 1820 1720 1891 nostris
1732 1819 1854 1892 officiis
1872 1841 1973 1891 oom-

555 1941 696 2026 misisti;
718 1951 752 2014 et
776 1941 859 2036 quia
885 1944 1047 2016 volumus
1072 1943 1167 2038 quod
1194 1945 1301 2038 aliqui
1325 1943 1377 2040 (a)
1408 1945 1566 2017 interris
1592 1944 1745 2016 maxime
1773 1941 1869 2016 nuda
1893 1955 1974 2015 sont

555 2066 693 2138 oriundi
721 2076 923 2161 perpetuare
944 2089 1004 2139 seu
1035 2071 1237 2142 continuare
1260 2067 1373 2141 officia
1397 2067 1538 2140 minime
1564 2067 1771 2157 videantur,
1803 2089 1883 2139 cnm
1909 2067 1975 2140 boc

556 2191 658 2262 etiam
685 2189 722 2260 in
747 2191 911 2262 maximis
933 2191 1054 2264 officiis
1082 2192 1286 2265 duxerimus
1303 2191 1573 2287 precidendum,
1600 2189 1757 2264 fidelitati
1785 2203 1843 2263 tua
1869 2213 1974 2264 man-

556 2313 682 2386 damns
699 2325 870 2406 qnatenus
888 2313 1053 2388 officiales
1068 2315 1221 2410 aliquos,
1242 2338 1464 2412 quocumque
1476 2316 1617 2389 nomine
1632 2325 1894 2410 nuncupentur,
1914 2317 1974 2411 qui

557 2447 711 2531 tempore
727 2447 894 2510 retroacto
907 2439 974 2511 snb
990 2439 1231 2534 predecessore
1249 2452 1310 2514 tuo
1324 2440 1509 2534 justitiario
1530 2441 1665 2512 lucrant
1683 2441 1719 2510 in
1736 2441 1885 2512 collectis
1901 2439 1976 2512 col·

558 2561 707 2653 ligandis
722 2563 780 2634 val
798 2561 1016 2658 imponendis
1038 2577 1098 2635 ant
1119 2563 1195 2636 aliis
1213 2577 1350 2660 propter
1368 2587 1438 2660 qne
1454 2565 1644 2636 inlerantnr
1669 2563 1832 2636 fidelibus
1852 2563 1975 2636 nostris

558 2685 760 2780 gravamina
782 2707 848 2758 neo
866 2707 934 2758 non
957 2687 1165 2782 impediatur
1187 2689 1282 2761 curie
1305 2698 1420 2763 nostre
1442 2687 1679 2778 commodum,
1701 2709 1771 2759 non
1792 2686 1972 2760 admictae.

559 2811 710 2896 Quidam
729 2811 822 2883 enim
841 2809 932 2882 sicut
947 2809 1147 2883 audivimus
1165 2834 1311 2906 gravare
1328 2813 1434 2900 alios,
1455 2833 1492 2884 se
1511 2821 1546 2885 at
1563 2833 1646 2884 suos
1661 2811 1823 2884 alleviare
1839 2811 1975 2908 penitus

556 2937 627 3029 jam
648 2935 684 3006 in
712 2933 999 3008 consuetudinem
1024 2944 1280 3009 converterunt.
1308 2936 1410 3022 Quod
1435 2945 1549 3009 autam
1577 2935 1665 3008 lacta
1688 2934 1909 3028 inquisitione
1930 2931 1977 3006 ad

559 3060 812 3154 querimoniam
839 3059 958 3153 populi
980 3059 1042 3130 tibi
1065 3049 1256 3152 commissi,
1277 3059 1501 3134 demandato
1526 3061 1627 3132 etlam
1648 3059 1867 3132 familiarium
1893 3079 1978 3131 nos·

560 3193 704 3272 trorum,
723 3183 885 3256 invenisti
903 3205 971 3255 non
988 3183 1160 3257 modicam
1180 3185 1326 3280 pecunie
1342 3186 1567 3279 quantitatem
1586 3205 1647 3280 per
1662 3183 1796 3277 eosqui
1814 3181 1978 3277 petegarii

561 3305 724 3378 dicuntur
737 3313 926 3376 extractam
949 3307 1038 3378 ultra
1057 3305 1209 3379 debitam
1224 3307 1450 3401 quantitatem
1465 3317 1499 3380 et
1518 3307 1591 3379 suis
1607 3305 1749 3401 privatis
1767 3305 1888 3377 usibus
1906 3327 1977 3400 ap·

560 3429 740 3524 plicatam,
762 3428 945 3500 laudamus
966 3428 1150 3523 plurimum
1169 3429 1381 3524 diligentiam
1407 3441 1441 3503 et
1460 3431 1564 3503 lidem
1580 3440 1696 3520 tuam,
1718 3427 1920 3501 mandantes
1939 3438 1979 3499 ut

560 3553 742 3648 pecuniam
765 3551 856 3624 illam
874 3551 904 3623 si
923 3552 1079 3624 nondum
1094 3555 1252 3649 recepisti
1273 3555 1318 3626 ab
1336 3555 1399 3645 eis,
1417 3555 1531 3627 statim
1548 3554 1706 3649 recipias,
1727 3561 1762 3625 et
1781 3553 1865 3625 talos
1882 3561 1977 3646 pete·
2045 3563 2049 3574 '

561 3676 676 3770 garios
689 3675 805 3770 capias
818 3675 853 3748 in
871 3676 1026 3770 personis
1040 3686 1074 3749 et
1091 3677 1254 3750 omnibus
1268 3679 1371 3751 bonis
1388 3679 1461 3751 suia
1479 3689 1513 3750 at
1527 3679 1633 3750 iacias
1655 3675 1834 3766 custodiri,
1852 3697 1977 3747 nomen

561 3800 747 3891 cujuslibet
764 3799 863 3871 nobis
881 3821 943 3894 per
968 3809 1046 3872 tuas
1063 3799 1199 3874 lieteras
1218 3801 1458 3896 rescripturus.
1477 3799 1580 3886 Quod
1603 3799 1639 3871 iu
1662 3797 1874 3871 habitatione
1892 3795 1978 3869 civi-

561 3923 640 3996 tatis
653 3931 768 3996 nostre
782 3923 924 3996 Cesarea
939 3925 1096 4019 Auguste
1114 3946 1251 3998 omnem
1270 3925 1534 3998 sollicitudinem
1552 3923 1711 4005 adhibes,
1731 3931 1865 4015 gratum
1885 3919 1975 4014 geri-

561 4069 640 4120 mus
665 4057 700 4120 et
724 4057 923 4142 acceptum,
949 4048 1152 4124 mandantes
1172 4048 1268 4142 qnod
1293 4047 1339 4122 de
1363 4047 1550 4120 habitanda
1579 4045 1722 4118 Petrolla
1747 4041 1904 4115 similiter
1931 4041 1979 4112 ais

561 4171 713 4245 intentus
738 4179 778 4242 ut
804 4171 849 4244 ad
874 4171 1059 4243 incolatum
1088 4171 1163 4264 ejus
1185 4171 1315 4245 vadant
1338 4171 1539 4266 omnesqui
1563 4169 1609 4244 ad
1636 4167 1790 4242 eundum
1810 4163 1873 4262 (h)
1896 4165 1979 4236 illuc

561 4295 697 4370 dudum
717 4296 856 4367 luerunt
871 4293 1036 4386 ordinati;
1050 4293 1183 4369 habens
1198 4295 1292 4368 illam
1309 4297 1478 4369 mutulam
1498 4305 1533 4366 et
1552 4293 1707 4366 studium
1722 4303 1760 4364 nt
1774 4291 1819 4364 de
1836 4287 1978 4382 illisqui

561 4419 607 4492 ad
626 4419 872 4492 habitationem
886 4419 1030 4491 Petrolle
1042 4419 1181 4492 iverunt
1194 4441 1264 4492 non
1278 4420 1455 4512 contingat
1468 4415 1611 4490 ulterius
1624 4415 1721 4510 quod
1735 4437 1797 4511 per
1809 4413 1976 4486 incuriam

562 4543 612 4614 tui
632 4541 886 4649 predecessoris
896 4543 969 4636 jam
989 4541 1117 4614 dicitnr
1134 4541 1331 4637 contigisse.
1351 4543 1518 4616 Volumus
1542 4539 1646 4614 etiam
1664 4551 1704 4612 ut
1719 4535 1976 4634 inquisitionem

603 4698 645 4780 (α)
668 4701 703 4761 11·
717 4695 989 4780 tmpmmatqao.

604 4804 645 4885 (t)
667 4805 704 4866 ln
717 4803 1016 4884 lmpressoavmdcm,
1031 4807 1131 4868 mluus
1145 4810 1232 4866 reate.
1340 4883 1343 4890 .
