4358 5996
211 708 318 768 hurcr.
335 703 399 784 la]
666 698 864 761 HISTORIA
888 691 1181 758 ulvuorlltvlca.
1213 703 1216 712 '
1570 685 1632 748 977

212 837 449 936 expediendis
483 835 729 910 mercatoribus
751 831 954 920 anwffictis,
977 851 1068 925 quos
1093 827 1313 925 postmodnm
1340 823 1386 897 de
1406 821 1633 917 proventibus

214 963 313 1036 curie
327 970 443 1036 nostre
456 961 519 1056 qui
532 969 614 1032 suut
627 981 688 1054 per
706 977 832 1030 manus
848 955 960 1052 ipsios
973 953 1019 1027 ad
1032 975 1121 1048 opus
1137 951 1232 1024 curie
1247 957 1362 1022 nostre
1375 946 1519 1042 recipias
1532 944 1633 1018 citius

213 1107 324 1179 quam
341 1083 416 1157 lieri
431 1082 572 1179 poterit,
588 1091 629 1154 ut
641 1103 705 1178 per
720 1101 845 1154 munus
863 1086 941 1150 tuus
960 1085 1076 1150 nostre
1095 1074 1192 1149 curie
1208 1073 1435 1167 assignentur.

265 1209 391 1280 Datum
411 1202 463 1304 [ut
479 1201 612 1303 supro}
1405 1191 1407 1196 ’

267 1331 403 1404 Similes
417 1329 555 1424 scripsit
567 1326 680 1402 eidem
695 1345 758 1422 pro
769 1323 903 1418 Angelo
916 1323 1076 1416 Frisario,
1092 1321 1138 1395 do
1147 1319 1347 1392 mutuandis
1361 1317 1394 1390 ei
1405 1315 1544 1391 duobus
1555 1312 1633 1386 mil·

215 1451 312 1524 libus
324 1451 439 1524 unciis
453 1450 654 1550 decollecta
672 1447 841 1546 predicta,
859 1467 923 1544 pro
941 1445 1187 1518 mercatoribus
1201 1437 1408 1536 quietandis.

272 2037 497 2122 Mandatum
515 2038 565 2121 ad
582 2037 816 2147 provisorem
835 2049 1049 2121 castrorum
1066 2037 1107 2118 in
1126 2035 1253 2119 Sicilia
1269 2037 1365 2118 citra
1383 2035 1527 2120 flumen
1545 2037 1635 2120 Sel·
1723 2053 1735 2082 ⁰
1760 2051 1787 2084 ⁸⁶

219 2195 309 2252 sum
333 2180 378 2254 ul
399 2171 607 2254 castellano
630 2169 820 2254 Scaleclse
837 2196 908 2280 pro
930 2169 1142 2254 munitione
1160 2168 1275 2252 castri
1295 2167 1412 2280 hujus
1435 2168 1577 2252 solidos
1598 2179 1637 2253 et

218 2303 474 2414 companagia
490 2329 589 2412 quac
605 2328 684 2386 aon
702 2303 863 2412 recepit,
883 2301 1060 2386 exhibere
1079 2301 1228 2386 debeat.

304 2498 429 2582 (licceat
444 2499 549 2581 imper.
563 2497 683 2562 Freder.
696 2501 741 2575 11,
755 2501 809 2562 lol.
825 2511 842 2562 'l
863 2501 1101 2577 verso31uedit.
1117 2501 1253 2580 carun,
1268 2517 1299 2580 p.
1326 2501 1411 2581 ²⁴1.)

272 2675 319 2746 lic
334 2675 504 2770 imperiali
517 2675 676 2748 mandato
696 2678 785 2768 fecto
796 2697 861 2768 per
880 2676 1076 2768 mapistrum
1092 2675 1135 2747 ll.
1154 2673 1195 2746 de
1217 2675 1365 2766 Trcjecto
1380 2675 1515 2769 scripsit
1535 2677 1575 2749 G.
1597 2677 1637 2750 dc

222 2799 406 2872 Gerontio:
552 2893 556 2900 .

271 2921 491 3014 Frederious,
513 2931 597 3010 etc,
617 2921 764 2994 lobeuui
783 2921 940 2995 Vulcano
960 2919 1130 3017 provisori
1153 2929 1342 2993 castrorum
1361 2919 1398 2991 in
1415 2919 1531 2994 Sicilia
1551 2921 1636 2994 citra

222 3045 354 3120 flumen
372 3045 508 3118 Salsum
530 3054 565 3118 et
585 3067 646 3142 per
665 3053 772 3117 totam
795 3043 1007 3134 Calabriam,
1026 3053 1093 3117 etc.
1119 3042 1335 3136 Significavit
1359 3042 1501 3114 culmini
1521 3053 1637 3116 nostro

222 3147 380 3242 distheos
402 3167 583 3263 Salvagius
607 3168 813 3241 castellanus
834 3167 1004 3258 Sculecte,
1032 3165 1146 3240 fidelis
1171 3176 1298 3258 noster,
1322 3164 1418 3261 quod
1439 3187 1502 3261 pro
1521 3168 1636 3240 muni-

224 3291 317 3367 tione
330 3291 434 3364 castri
452 3291 558 3364 uostri
574 3293 726 3386 Scalecte
743 3313 765 3366 n
781 3293 943 3386 preterito
963 3311 1084 3364 meuse
1099 3289 1305 3386 septembris
1320 3311 1434 3383 usque
1445 3310 1507 3386 per
1527 3299 1637 3364 totum

225 3435 380 3488 mensem
398 3414 598 3488 novembris
610 3414 672 3510 qui
685 3423 768 3486 suut
780 3435 916 3488 meuses
931 3425 999 3486 tres
1015 3413 1119 3507 hujus
1135 3413 1212 3486 Xlll
1230 3410 1440 3504 indictionis,
1458 3412 1587 3487 solidos
1603 3421 1638 3486 ct

225 3537 449 3632 companagia
466 3558 528 3633 pro
549 3537 707 3633 personis
728 3537 765 3608 iu
787 3535 910 3610 eodem
932 3545 1044 3610 castro
1062 3535 1213 3626 statutis,
1234 3535 1323 3608 sicut
1344 3534 1472 3608 babere
1495 3533 1635 3624 debuit,

226 3681 296 3732 nou
311 3659 459 3754 recepit;
477 3681 539 3754 pro
555 3681 598 3734 eo
616 3661 713 3755 quod
728 3661 878 3734 obeunte
899 3658 1079 3755 quondam
1091 3657 1228 3732 Matheo
1245 3657 1466 3732 Marchaleba
1486 3667 1635 3752 secreto,

226 3781 383 3856 noudum
399 3791 472 3856 erut
485 3783 522 3854 in
540 3782 625 3880 ipsis
645 3783 803 3878 partibus
820 3782 946 3878 aliquis
960 3781 1117 3878 provisor
1129 3790 1317 3898 castrorum
1333 3788 1494 3874 statutus,
1509 3791 1544 3854 et
1560 3782 1639 3856 licet

226 3905 448 4012 postmodum
465 3929 526 4002 per
538 3906 727 3981 Iordanum
745 3905 978 4000 Filaugorium
997 3904 1174 3999 quondam
1194 3905 1411 4002 capitaneum
1430 3903 1639 4000 inpartibus

226 4028 312 4124 ipsis
327 4051 350 4102 a
366 4048 487 4102 mense
504 4028 698 4102 decembris
720 4029 756 4100 iu
777 4038 877 4102 antea
898 4026 1027 4102 solidos
1047 4037 1082 4101 et
1106 4029 1332 4125 companagia
1354 4029 1554 4124 recepisset,
1574 4050 1638 4124 pro

226 4151 339 4224 tribus
360 4161 476 4225 tamen
497 4151 660 4248 predictis
681 4152 856 4225 mensibus
880 4151 926 4224 ab
947 4173 989 4225 oe
1005 4151 1061 4225 vel
1075 4151 1121 4224 ab
1138 4151 1276 4247 aliquo,
1296 4151 1387 4224 sicut
1405 4153 1544 4244 asserit,
1567 4173 1639 4226 non

226 4275 365 4370 recepit.
385 4275 499 4360 Quare
521 4275 729 4348 mandamus
748 4283 919 4371 quatenus
944 4273 974 4346 si
999 4273 1063 4346 tibi
1087 4275 1276 4347 constiterit
1292 4275 1486 4370 predictum
1510 4278 1639 4348 castel-

226 4395 345 4469 lanum
358 4419 423 4494 pro
438 4397 613 4490 jamdictis
626 4397 736 4470 tribus
756 4397 949 4486 mensibus,
965 4395 1055 4470 sicut
1070 4395 1200 4471 dictum
1218 4406 1283 4490 cst,
1303 4397 1434 4472 solidos
1449 4405 1485 4471 et
1499 4418 1638 4494 compa-

227 4520 332 4615 nagia
349 4542 419 4593 uon
436 4522 605 4616 recepisse
621 4519 818 4615 abaliquo,
838 4527 878 4592 tu
900 4519 1093 4593 secuudum
1116 4518 1212 4617 quod
1236 4519 1365 4594 habere
1385 4520 1506 4594 debuit
1526 4519 1639 4595 eidem

227 4641 357 4716 solidos
373 4643 468 4739 ipsos
483 4651 521 4716 et
535 4643 760 4739 companagia
778 4640 908 4716 debeas
922 4640 1102 4718 exhibere.

275 4765 403 4840 Datum
419 4766 542 4862 Fugio,
557 4767 602 4842 v1
616 4765 742 4860 madii,
756 4765 834 4839 Xlll
850 4763 1062 4840 indictionis.
