4374 6010
533 623 594 686 882
1032 625 1244 690 intusnlcl
1267 627 1442 690 secubet
1493 659 1499 670 ·
1754 625 1836 706 [llus.
1853 627 1939 692 12411

532 759 622 832 saia
647 780 711 855 pro
746 743 1007 857 impugnatione
1036 763 1147 861 ipsias
1169 764 1279 838 meae
1302 762 1394 837 cieo
1417 761 1591 836 noemae
1615 759 1662 836 aa
1685 762 1943 858 requisitionem

531 882 688 976 ejusdem
705 883 834 959 debens
847 887 1026 962 exhibere.

581 1007 705 1079 Datum
720 1002 771 1104 [ut
784 1007 917 1110 (66661.

758 1305 1678 1318 ᾞ--ᾞ--Ἣ

383 1596 414 1682 ,²
433 1597 471 1684 ⁹⁸:
582 1578 805 1666 Mandatum
827 1578 878 1662 ad
899 1576 1149 1688 justitiarium
1175 1585 1298 1662 terroe
1319 1577 1463 1662 ldronti
1489 1577 1538 1660 de
1561 1575 1806 1686 inquisitione
1829 1599 1946 1685 super

436 1829 437 1832 w
530 1711 828 1796 habitationibus
847 1711 1032 1798 Petrollae
1048 1721 1086 1798 et
1103 1711 1292 1802 Melebudi
1309 1721 1348 1796 ot
1363 1711 1415 1796 (16
1429 1709 1611 1794 diletione
1632 1709 1818 1822 responsi.

612 1927 739 2010 (depost.
752 1925 856 2008 imper.
871 1925 989 1990 bledo.
1004 1928 1046 2008 11,
1061 1927 1113 1990 tol.
1130 1935 1168 1990 66
1185 1933 1281 2004 necto3
1296 1927 1328 1988 ln
1341 1925 1412 1988 edlt.
1428 1924 1565 2002 Circam,
1579 1942 1610 2006 p.
1628 1924 1711 2005 661.)

577 2119 660 2188 Item
676 2115 716 2187 de
734 2115 906 2210 imperiali
924 2115 1083 2188 moodcto
1101 2118 1192 2210 sacto
1213 2137 1278 2209 per
1294 2114 1492 2209 maqistrum
1512 2112 1556 2188 11.
1580 2113 1621 2192 dc
1638 2115 1788 2206 Trajan
1807 2117 1947 2212 scripsit

529 2238 643 2311 idem:

577 2359 792 2454 Fredericus,
808 2371 890 2452 ete,
903 2361 948 2433 A.
964 2359 1009 2434 de
1018 2359 1203 2456 Aquaviva
1214 2358 1411 2454 [justitiario
1426 2360 1528 2434 Terre
1539 2357 1700 2458 ldronti],
1714 2369 1780 2434 etc.
1792 2361 1945 2438 metuas

530 2485 703 2560 fidelitatis
727 2494 787 2558 tue
811 2495 845 2559 et
883 2484 1142 2580 inquisitionem
1170 2485 1295 2558 tactam
1319 2492 1437 2558 contra
1459 2503 1661 2584 processum
1689 2483 1944 2579 predecessoris

531 2609 580 2682 tui
600 2608 779 2703 justitiarii
802 2604 953 2704 Philippi
980 2606 1041 2680 lilii
1066 2607 1290 2682 blaremontis
1314 2626 1420 2704 super
1445 2605 1717 2680 habitationibus
1739 2607 1884 2682 Petrolle
1906 2619 1943 2685 ct

529 2733 703 2806 blelebudi
718 2755 782 2829 per
799 2739 834 2805 te
849 2729 896 2805 de
919 2731 1134 2807 celsitudinis
1154 2741 1271 2806 nostre
1288 2729 1467 2820 mandato,
1493 2729 1592 2804 solita
1611 2729 1824 2826 benignitate
1842 2753 1945 2808 rece-

530 2857 658 2953 pimus,
675 2866 711 2930 et
726 2857 864 2950 singula
884 2877 953 2950 quo
965 2855 1230 2929 continebantur
1242 2856 1279 2927 in
1294 2855 1346 2930 eis
1366 2851 1568 2928 audivimus
1580 2863 1615 2927 et
1632 2855 1867 2928 intelleximus
1882 2855 1944 2930 di-

530 2982 687 3076 ligenter,
706 2979 861 3055 studium
878 2987 976 3052 tuum
999 2980 1036 3052 in
1057 2980 1180 3054 nostris
1198 2979 1348 3054 servitiis
1365 2977 1658 3054 commendantes.
1684 2979 1774 3064 Quia
1794 3001 1879 3054 vero
1895 2979 1943 3056 ad

529 3105 736 3200 presentiam
760 3111 910 3176 nostram
935 3105 1038 3196 juxta
1055 3104 1258 3178 mandatum
1284 3102 1497 3177 celsitudinis
1524 3111 1642 3176 nostre
1661 3102 1699 3174 in
1717 3103 1879 3198 proximo
1904 3125 1943 3179 ω

530 3236 711 3314 venturus,
731 3247 826 3298 nune
842 3227 906 3299 tibi
923 3247 1028 3322 super
1049 3227 1116 3328 laps
1134 3219 1333 3302 distulimus
1348 3227 1577 3323 respondereq
1596 3235 1631 3300 tc
1647 3226 1776 3300 etenim
1789 3227 1826 3299 in
1844 3227 1942 3304 curia

530 3360 645 3424 nostro
662 3359 820 3446 presente
836 3350 1082 3425 deliberabitur
1097 3361 1132 3424 et
1149 3349 1411 3449 respondebitur
1426 3350 1473 3426 ad
1489 3351 1626 3448 singula
1643 3371 1714 3448 quo
1727 3349 1864 3430 misisti·
2012 3361 2015 3366 ’

577 3475 702 3547 Datum
717 3465 874 3566 Luceria,
890 3475 935 3549 vl
949 3476 1088 3572 aprelis,
1103 3475 1181 3549 Xlll
1197 3473 1407 3551 indictionis.

352 4055 467 4164 pgpqgj
579 4043 758 4130 Mandata
775 4043 825 4128 ad
842 4041 1068 4128 Rierardum
1086 4041 1135 4124 de
1151 4039 1321 4124 bisaccio
1338 4047 1376 4124 et
1401 4039 1452 4122 od
1469 4036 1668 4126 Nicolaum
1691 4035 1944 4122 Serraeenum
2054 4011 2060 4022 ⁸

526 4177 574 4260 de
594 4175 790 4262 Juvenatio
817 4176 865 4260 de
888 4173 1132 4284 adimplendo
1162 4175 1268 4285 quod
1298 4172 1487 4257 lohannes
1519 4171 1647 4260 Morus
1672 4171 1886 4280 scripserit,
1906 4181 1948 4256 et

526 4311 574 4394 de
591 4309 697 4395 mille
714 4309 934 4420 quingentis
952 4307 1076 4392 uncis
1094 4307 1178 4394 euri
1201 4306 1325 4392 eidem
1342 4304 1504 4392 Johunni
1524 4303 1632 4390 Meno
1650 4302 1885 4416 significatis.

606 4524 731 4607 (llcqcrt
747 4526 850 4606 inpar.
862 4521 983 4624 bledo.
998 4523 1038 4600 11,
1054 4523 1105 4585 lol.
1119 4529 1158 4584 96
1171 4527 1266 4598 rectos
1283 4523 1316 4587 ln
1328 4519 1550 4600 6616666666,
1566 4535 1599 4598 p.
1615 4517 1699 4599 stt.)

575 4693 806 4810 Detmpeis‘ols‘
822 4712 978 4788 mandato
994 4712 1129 4808 scripsit
1143 4709 1304 4808 Repertus
1317 4709 1661 4786 chetrnstumoino:
1776 4763 1778 4768 .
1867 4763 1874 4816 3
