<?xml version="1.0" encoding="UTF-8"?>
<!DOCTYPE html PUBLIC "-//W3C//DTD XHTML 1.0 Transitional//EN"
    "http://www.w3.org/TR/xhtml1/DTD/xhtml1-transitional.dtd">
<html xmlns="http://www.w3.org/1999/xhtml" xml:lang="en" lang="en">
 <head>
  <title>
</title>
<meta http-equiv="Content-Type" content="text/html;charset=utf-8" />
  <meta name='ocr-system' content='tesseract 3.04.00' />
  <meta name='ocr-capabilities' content='ocr_page ocr_carea ocr_par ocr_line ocrx_word'/>
</head>
<body>
  <div class='ocr_page' id='page_1' title='image "./historiadiploma01fredgoog_0354.png"; bbox 0 0 4358 5996; ppageno 0'>
   <div class='ocr_carea' id='block_1_1' title="bbox 543 617 1965 706">
    <p class='ocr_par' dir='ltr' id='par_1_1' title="bbox 543 617 1965 706">
     <span class='ocr_line' id='line_1_1' title="bbox 543 617 1965 706; baseline 0 -24"><span class='ocrx_word' id='word_1_1' title='bbox 543 617 605 682; x_wconf 81' lang='grc'><strong>988</strong></span> <span class='ocrx_word' id='word_1_2' title='bbox 1048 621 1267 684; x_wconf 74' lang='lat' dir='ltr'><strong>aaronem!</strong></span> <span class='ocrx_word' id='word_1_3' title='bbox 1285 620 1462 684; x_wconf 69' lang='lat' dir='ltr'><strong>securint</strong></span> <span class='ocrx_word' id='word_1_4' title='bbox 1772 618 1856 706; x_wconf 82' lang='lat' dir='ltr'><strong>[an.</strong></span> <span class='ocrx_word' id='word_1_5' title='bbox 1873 619 1965 682; x_wconf 77' lang='lat' dir='ltr'><strong>lato</strong></span> 
     </span>
    </p>
   </div>
   <div class='ocr_carea' id='block_1_2' title="bbox 543 751 1969 1474">
    <p class='ocr_par' dir='ltr' id='par_1_2' title="bbox 543 751 1969 1324">
     <span class='ocr_line' id='line_1_2' title="bbox 543 751 1969 853; baseline 0.003 -29"><span class='ocrx_word' id='word_1_6' title='bbox 543 773 661 826; x_wconf 92' lang='lat' dir='ltr'><strong>ramus</strong></span> <span class='ocrx_word' id='word_1_7' title='bbox 678 751 724 828; x_wconf 91' lang='lat' dir='ltr'><strong>ds</strong></span> <span class='ocrx_word' id='word_1_8' title='bbox 745 751 896 849; x_wconf 87' lang='lat' dir='ltr'><strong>liupurc</strong></span> <span class='ocrx_word' id='word_1_9' title='bbox 910 777 1015 850; x_wconf 77' lang='lat' dir='ltr'><strong>oscos</strong></span> <span class='ocrx_word' id='word_1_10' title='bbox 1031 757 1091 853; x_wconf 91' lang='lat' dir='ltr'><strong>qui</strong></span> <span class='ocrx_word' id='word_1_11' title='bbox 1105 756 1268 850; x_wconf 90' lang='lat' dir='ltr'><strong>aderant,</strong></span> <span class='ocrx_word' id='word_1_12' title='bbox 1286 779 1409 831; x_wconf 84' lang='lat' dir='ltr'><strong>verum</strong></span> <span class='ocrx_word' id='word_1_13' title='bbox 1422 756 1486 830; x_wconf 85' lang='lat' dir='ltr'><strong>Dei</strong></span> <span class='ocrx_word' id='word_1_14' title='bbox 1506 763 1695 832; x_wconf 86' lang='lat' dir='ltr'><strong>amatorem</strong></span> <span class='ocrx_word' id='word_1_15' title='bbox 1713 755 1854 830; x_wconf 82' lang='lat' dir='ltr'><strong>tratrem</strong></span> <span class='ocrx_word' id='word_1_16' title='bbox 1870 756 1969 830; x_wconf 84' lang='lat' dir='ltr'><strong>Con-</strong></span> 
     </span>
     <span class='ocr_line' id='line_1_3' title="bbox 544 875 1969 978; baseline 0.003 -28"><span class='ocrx_word' id='word_1_17' title='bbox 544 875 668 950; x_wconf 89' lang='lat' dir='ltr'><strong>radum</strong></span> <span class='ocrx_word' id='word_1_18' title='bbox 681 877 915 953; x_wconf 85' lang='lat' dir='ltr'><strong>venerabilem</strong></span> <span class='ocrx_word' id='word_1_19' title='bbox 937 881 1142 976; x_wconf 77' lang='lat' dir='ltr'><strong>magistrum</strong></span> <span class='ocrx_word' id='word_1_20' title='bbox 1164 881 1343 978; x_wconf 87' lang='lat' dir='ltr'><strong>hospitalis</strong></span> <span class='ocrx_word' id='word_1_21' title='bbox 1358 883 1483 956; x_wconf 70' lang='lat' dir='ltr'><strong>Sancb</strong></span> <span class='ocrx_word' id='word_1_22' title='bbox 1499 879 1607 956; x_wconf 85' lang='lat' dir='ltr'><strong>liaris</strong></span> <span class='ocrx_word' id='word_1_23' title='bbox 1625 879 1751 954; x_wconf 91' lang='lat' dir='ltr'><strong>domus</strong></span> <span class='ocrx_word' id='word_1_24' title='bbox 1767 880 1969 956; x_wconf 80' lang='lat' dir='ltr'><strong>Thsutoni-</strong></span> 
     </span>
     <span class='ocr_line' id='line_1_4' title="bbox 543 1003 1968 1102; baseline 0.004 -28"><span class='ocrx_word' id='word_1_25' title='bbox 543 1021 663 1082; x_wconf 87' lang='lat' dir='ltr'><strong>corum</strong></span> <span class='ocrx_word' id='word_1_26' title='bbox 682 1013 762 1092; x_wconf 82' lang='lat' dir='ltr'><strong>etc,</strong></span> <span class='ocrx_word' id='word_1_27' title='bbox 781 1023 885 1096; x_wconf 80' lang='lat' dir='ltr'><strong>capos</strong></span> <span class='ocrx_word' id='word_1_28' title='bbox 909 1003 1032 1100; x_wconf 90' lang='lat' dir='ltr'><strong>sicque</strong></span> <span class='ocrx_word' id='word_1_29' title='bbox 1058 1006 1189 1080; x_wconf 90' lang='lat' dir='ltr'><strong>erimus</strong></span> <span class='ocrx_word' id='word_1_30' title='bbox 1211 1015 1455 1102; x_wconf 74' lang='lat' dir='ltr'><strong>expectantes,</strong></span> <span class='ocrx_word' id='word_1_31' title='bbox 1478 1003 1592 1078; x_wconf 89' lang='lat' dir='ltr'><strong>donec</strong></span> <span class='ocrx_word' id='word_1_32' title='bbox 1611 1003 1657 1078; x_wconf 90' lang='lat' dir='ltr'><strong>ds</strong></span> <span class='ocrx_word' id='word_1_33' title='bbox 1683 1023 1849 1100; x_wconf 87' lang='lat' dir='ltr'><strong>responso</strong></span> <span class='ocrx_word' id='word_1_34' title='bbox 1867 1004 1968 1080; x_wconf 88' lang='lat' dir='ltr'><strong>sedis</strong></span> 
     </span>
     <span class='ocr_line' id='line_1_5' title="bbox 544 1123 1968 1228; baseline 0.004 -32"><span class='ocrx_word' id='word_1_35' title='bbox 544 1123 731 1222; x_wconf 90' lang='lat' dir='ltr'><strong>apostolice</strong></span> <span class='ocrx_word' id='word_1_36' title='bbox 752 1133 786 1198; x_wconf 91' lang='lat' dir='ltr'><strong>et</strong></span> <span class='ocrx_word' id='word_1_37' title='bbox 804 1123 937 1200; x_wconf 93' lang='lat' dir='ltr'><strong>domiui</strong></span> <span class='ocrx_word' id='word_1_38' title='bbox 956 1129 1063 1202; x_wconf 88' lang='lat' dir='ltr'><strong>nostri</strong></span> <span class='ocrx_word' id='word_1_39' title='bbox 1086 1129 1304 1228; x_wconf 90' lang='lat' dir='ltr'><strong>imperatoris</strong></span> <span class='ocrx_word' id='word_1_40' title='bbox 1318 1129 1365 1204; x_wconf 91' lang='lat' dir='ltr'><strong>ab</strong></span> <span class='ocrx_word' id='word_1_41' title='bbox 1384 1128 1508 1204; x_wconf 89' lang='lat' dir='ltr'><strong>eodem</strong></span> <span class='ocrx_word' id='word_1_42' title='bbox 1523 1129 1600 1204; x_wconf 83' lang='lat' dir='ltr'><strong>vim</strong></span> <span class='ocrx_word' id='word_1_43' title='bbox 1617 1127 1808 1202; x_wconf 75' lang='lat' dir='ltr'><strong>ammoniti</strong></span> <span class='ocrx_word' id='word_1_44' title='bbox 1824 1128 1968 1224; x_wconf 76' lang='lat' dir='ltr'><strong>plenius</strong></span> 
     </span>
     <span class='ocr_line' id='line_1_6' title="bbox 544 1248 767 1324; baseline 0.018 -4"><span class='ocrx_word' id='word_1_45' title='bbox 544 1248 767 1324; x_wconf 87' lang='lat' dir='ltr'><strong>instruamur.</strong></span> 
     </span>
    </p>

    <p class='ocr_par' dir='ltr' id='par_1_3' title="bbox 591 1374 1398 1474">
     <span class='ocr_line' id='line_1_7' title="bbox 591 1374 1398 1474; baseline 0.005 -28"><span class='ocrx_word' id='word_1_46' title='bbox 591 1375 718 1450; x_wconf 89' lang='lat' dir='ltr'><strong>Datum</strong></span> <span class='ocrx_word' id='word_1_47' title='bbox 733 1374 829 1470; x_wconf 89' lang='lat' dir='ltr'><strong>apud</strong></span> <span class='ocrx_word' id='word_1_48' title='bbox 847 1375 1033 1468; x_wconf 85' lang='lat' dir='ltr'><strong>Leodium,</strong></span> <span class='ocrx_word' id='word_1_49' title='bbox 1051 1377 1082 1450; x_wconf 93' lang='lat' dir='ltr'><strong>ll</strong></span> <span class='ocrx_word' id='word_1_50' title='bbox 1093 1376 1251 1452; x_wconf 90' lang='lat' dir='ltr'><strong>intrantis</strong></span> <span class='ocrx_word' id='word_1_51' title='bbox 1264 1377 1398 1474; x_wconf 90' lang='lat' dir='ltr'><strong>aprilis.</strong></span> 
     </span>
    </p>
   </div>
   <div class='ocr_carea' id='block_1_3' title="bbox 542 1620 1969 4064">
    <p class='ocr_par' dir='ltr' id='par_1_4' title="bbox 542 1620 1969 3941">
     <span class='ocr_line' id='line_1_8' title="bbox 592 1620 1969 1720; baseline -0.007 -20"><span class='ocrx_word' id='word_1_52' title='bbox 592 1625 816 1700; x_wconf 82' lang='lat' dir='ltr'><strong>sanctissimo</strong></span> <span class='ocrx_word' id='word_1_53' title='bbox 827 1624 862 1696; x_wconf 95' lang='lat' dir='ltr'><strong>in</strong></span> <span class='ocrx_word' id='word_1_54' title='bbox 873 1623 1007 1698; x_wconf 89' lang='lat' dir='ltr'><strong>Christo</strong></span> <span class='ocrx_word' id='word_1_55' title='bbox 1016 1625 1105 1720; x_wconf 91' lang='lat' dir='ltr'><strong>patri</strong></span> <span class='ocrx_word' id='word_1_56' title='bbox 1116 1645 1159 1696; x_wconf 93' lang='lat' dir='ltr'><strong>ac</strong></span> <span class='ocrx_word' id='word_1_57' title='bbox 1170 1623 1313 1699; x_wconf 93' lang='lat' dir='ltr'><strong>domino</strong></span> <span class='ocrx_word' id='word_1_58' title='bbox 1324 1621 1572 1719; x_wconf 74' lang='lat' dir='ltr'><strong>squrcgnrio,</strong></span> <span class='ocrx_word' id='word_1_59' title='bbox 1583 1629 1801 1698; x_wconf 75' lang='lat' dir='ltr'><strong>sacrosancte</strong></span> <span class='ocrx_word' id='word_1_60' title='bbox 1809 1620 1969 1694; x_wconf 85' lang='lat' dir='ltr'><strong>Romane</strong></span> 
     </span>
     <span class='ocr_line' id='line_1_9' title="bbox 545 1740 1967 1846; baseline -0.008 -22"><span class='ocrx_word' id='word_1_61' title='bbox 545 1750 690 1824; x_wconf 88' lang='lat' dir='ltr'><strong>ecclesie</strong></span> <span class='ocrx_word' id='word_1_62' title='bbox 706 1770 843 1822; x_wconf 91' lang='lat' dir='ltr'><strong>summo</strong></span> <span class='ocrx_word' id='word_1_63' title='bbox 858 1746 1030 1846; x_wconf 84' lang='lat' dir='ltr'><strong>pontifici,</strong></span> <span class='ocrx_word' id='word_1_64' title='bbox 1050 1749 1088 1820; x_wconf 91' lang='lat' dir='ltr'><strong>S.</strong></span> <span class='ocrx_word' id='word_1_65' title='bbox 1108 1747 1172 1822; x_wconf 90' lang='lat' dir='ltr'><strong>llei</strong></span> <span class='ocrx_word' id='word_1_66' title='bbox 1188 1748 1298 1842; x_wconf 78' lang='lat' dir='ltr'><strong>gratia</strong></span> <span class='ocrx_word' id='word_1_67' title='bbox 1315 1746 1594 1844; x_wconf 90' lang='lat' dir='ltr'><strong>archiepiscopus</strong></span> <span class='ocrx_word' id='word_1_68' title='bbox 1614 1745 1841 1842; x_wconf 77' lang='lat' dir='ltr'><strong>Magantinus</strong></span> <span class='ocrx_word' id='word_1_69' title='bbox 1863 1740 1967 1816; x_wconf 90' lang='lat' dir='ltr'><strong>debi-</strong></span> 
     </span>
     <span class='ocr_line' id='line_1_10' title="bbox 544 1865 1965 1970; baseline -0.006 -23"><span class='ocrx_word' id='word_1_70' title='bbox 544 1882 619 1947; x_wconf 89' lang='lat' dir='ltr'><strong>tum</strong></span> <span class='ocrx_word' id='word_1_71' title='bbox 646 1874 747 1970; x_wconf 89' lang='lat' dir='ltr'><strong>plene</strong></span> <span class='ocrx_word' id='word_1_72' title='bbox 772 1872 997 1966; x_wconf 76' lang='lat' dir='ltr'><strong>subiectionis</strong></span> <span class='ocrx_word' id='word_1_73' title='bbox 1021 1881 1057 1946; x_wconf 89' lang='lat' dir='ltr'><strong>et</strong></span> <span class='ocrx_word' id='word_1_74' title='bbox 1084 1871 1282 1948; x_wconf 89' lang='lat' dir='ltr'><strong>obedientia</strong></span> <span class='ocrx_word' id='word_1_75' title='bbox 1306 1871 1522 1946; x_wconf 79' lang='lat' dir='ltr'><strong>famulatum.</strong></span> <span class='ocrx_word' id='word_1_76' title='bbox 1553 1871 1743 1946; x_wconf 85' lang='lat' dir='ltr'><strong>Occasione</strong></span> <span class='ocrx_word' id='word_1_77' title='bbox 1765 1865 1965 1954; x_wconf 72' lang='lat' dir='ltr'><strong>discendis,</strong></span> 
     </span>
     <span class='ocr_line' id='line_1_11' title="bbox 544 1995 1967 2094; baseline -0.004 -23"><span class='ocrx_word' id='word_1_78' title='bbox 544 2006 786 2094; x_wconf 86' lang='lat' dir='ltr'><strong>patorsancte,</strong></span> <span class='ocrx_word' id='word_1_79' title='bbox 802 1997 974 2072; x_wconf 87' lang='lat' dir='ltr'><strong>intervos</strong></span> <span class='ocrx_word' id='word_1_80' title='bbox 995 2005 1031 2070; x_wconf 90' lang='lat' dir='ltr'><strong>et</strong></span> <span class='ocrx_word' id='word_1_81' title='bbox 1050 1995 1234 2070; x_wconf 91' lang='lat' dir='ltr'><strong>domiuum</strong></span> <span class='ocrx_word' id='word_1_82' title='bbox 1252 1996 1495 2092; x_wconf 82' lang='lat' dir='ltr'><strong>imperatorem</strong></span> <span class='ocrx_word' id='word_1_83' title='bbox 1509 2004 1631 2070; x_wconf 83' lang='lat' dir='ltr'><strong>exorte</strong></span> <span class='ocrx_word' id='word_1_84' title='bbox 1649 1995 1741 2068; x_wconf 90' lang='lat' dir='ltr'><strong>mala</strong></span> <span class='ocrx_word' id='word_1_85' title='bbox 1758 2011 1967 2088; x_wconf 81' lang='lat' dir='ltr'><strong>guerrarum</strong></span> 
     </span>
     <span class='ocr_line' id='line_1_12' title="bbox 545 2113 1968 2216; baseline -0.004 -25"><span class='ocrx_word' id='word_1_86' title='bbox 545 2141 607 2216; x_wconf 85' lang='lat' dir='ltr'><strong>per</strong></span> <span class='ocrx_word' id='word_1_87' title='bbox 622 2121 821 2194; x_wconf 85' lang='lat' dir='ltr'><strong>universam</strong></span> <span class='ocrx_word' id='word_1_88' title='bbox 836 2129 962 2195; x_wconf 84' lang='lat' dir='ltr'><strong>terram</strong></span> <span class='ocrx_word' id='word_1_89' title='bbox 979 2129 1169 2214; x_wconf 78' lang='lat' dir='ltr'><strong>exurgunt,</strong></span> <span class='ocrx_word' id='word_1_90' title='bbox 1185 2129 1221 2194; x_wconf 90' lang='lat' dir='ltr'><strong>et</strong></span> <span class='ocrx_word' id='word_1_91' title='bbox 1237 2118 1469 2216; x_wconf 86' lang='lat' dir='ltr'><strong>disponuntur</strong></span> <span class='ocrx_word' id='word_1_92' title='bbox 1482 2119 1519 2193; x_wconf 91' lang='lat' dir='ltr'><strong>in</strong></span> <span class='ocrx_word' id='word_1_93' title='bbox 1530 2118 1759 2194; x_wconf 87' lang='lat' dir='ltr'><strong>dissentiones</strong></span> <span class='ocrx_word' id='word_1_94' title='bbox 1768 2127 1805 2191; x_wconf 91' lang='lat' dir='ltr'><strong>et</strong></span> <span class='ocrx_word' id='word_1_95' title='bbox 1817 2113 1968 2188; x_wconf 88' lang='lat' dir='ltr'><strong>discidia</strong></span> 
     </span>
     <span class='ocr_line' id='line_1_13' title="bbox 545 2240 1969 2338; baseline -0.007 -20"><span class='ocrx_word' id='word_1_96' title='bbox 545 2243 703 2318; x_wconf 88' lang='lat' dir='ltr'><strong>nationes</strong></span> <span class='ocrx_word' id='word_1_97' title='bbox 723 2249 793 2316; x_wconf 92' lang='lat' dir='ltr'><strong>tam</strong></span> <span class='ocrx_word' id='word_1_98' title='bbox 816 2242 853 2314; x_wconf 95' lang='lat' dir='ltr'><strong>in</strong></span> <span class='ocrx_word' id='word_1_99' title='bbox 875 2242 1032 2338; x_wconf 88' lang='lat' dir='ltr'><strong>partibus</strong></span> <span class='ocrx_word' id='word_1_100' title='bbox 1055 2241 1293 2316; x_wconf 87' lang='lat' dir='ltr'><strong>transmarinis</strong></span> <span class='ocrx_word' id='word_1_101' title='bbox 1308 2263 1414 2336; x_wconf 89' lang='lat' dir='ltr'><strong>quam</strong></span> <span class='ocrx_word' id='word_1_102' title='bbox 1436 2241 1541 2314; x_wconf 91' lang='lat' dir='ltr'><strong>etiam</strong></span> <span class='ocrx_word' id='word_1_103' title='bbox 1565 2240 1777 2328; x_wconf 82' lang='lat' dir='ltr'><strong>cismarinis;</strong></span> <span class='ocrx_word' id='word_1_104' title='bbox 1797 2246 1832 2312; x_wconf 92' lang='lat' dir='ltr'><strong>et</strong></span> <span class='ocrx_word' id='word_1_105' title='bbox 1848 2245 1969 2334; x_wconf 84' lang='lat' dir='ltr'><strong>preter</strong></span> 
     </span>
     <span class='ocr_line' id='line_1_14' title="bbox 544 2363 1964 2462; baseline -0.004 -22"><span class='ocrx_word' id='word_1_106' title='bbox 544 2366 601 2457; x_wconf 90' lang='lat' dir='ltr'><strong>id,</strong></span> <span class='ocrx_word' id='word_1_107' title='bbox 621 2365 718 2462; x_wconf 91' lang='lat' dir='ltr'><strong>quod</strong></span> <span class='ocrx_word' id='word_1_108' title='bbox 732 2365 926 2440; x_wconf 84' lang='lat' dir='ltr'><strong>maximum</strong></span> <span class='ocrx_word' id='word_1_109' title='bbox 947 2365 1144 2456; x_wconf 89' lang='lat' dir='ltr'><strong>estimatur,</strong></span> <span class='ocrx_word' id='word_1_110' title='bbox 1165 2364 1354 2461; x_wconf 89' lang='lat' dir='ltr'><strong>impeditur</strong></span> <span class='ocrx_word' id='word_1_111' title='bbox 1371 2385 1417 2440; x_wconf 86' lang='lat' dir='ltr'><strong>ax</strong></span> <span class='ocrx_word' id='word_1_112' title='bbox 1435 2385 1479 2439; x_wconf 90' lang='lat' dir='ltr'><strong>eo</strong></span> <span class='ocrx_word' id='word_1_113' title='bbox 1501 2365 1678 2460; x_wconf 76' lang='lat' dir='ltr'><strong>negotium</strong></span> <span class='ocrx_word' id='word_1_114' title='bbox 1698 2366 1801 2436; x_wconf 91' lang='lat' dir='ltr'><strong>Terre</strong></span> <span class='ocrx_word' id='word_1_115' title='bbox 1815 2363 1964 2451; x_wconf 84' lang='lat' dir='ltr'><strong>Sancta,</strong></span> 
     </span>
     <span class='ocr_line' id='line_1_15' title="bbox 543 2486 1965 2585; baseline -0.006 -22"><span class='ocrx_word' id='word_1_116' title='bbox 543 2491 574 2563; x_wconf 90' lang='lat' dir='ltr'><strong>si</strong></span> <span class='ocrx_word' id='word_1_117' title='bbox 590 2489 872 2585; x_wconf 85' lang='lat' dir='ltr'><strong>tranquillitatem</strong></span> <span class='ocrx_word' id='word_1_118' title='bbox 883 2499 918 2562; x_wconf 90' lang='lat' dir='ltr'><strong>et</strong></span> <span class='ocrx_word' id='word_1_119' title='bbox 929 2509 1052 2584; x_wconf 83' lang='lat' dir='ltr'><strong>pacem</strong></span> <span class='ocrx_word' id='word_1_120' title='bbox 1062 2486 1298 2562; x_wconf 87' lang='lat' dir='ltr'><strong>misericordia</strong></span> <span class='ocrx_word' id='word_1_121' title='bbox 1308 2487 1495 2562; x_wconf 87' lang='lat' dir='ltr'><strong>Salvatoris</strong></span> <span class='ocrx_word' id='word_1_122' title='bbox 1505 2507 1574 2560; x_wconf 94' lang='lat' dir='ltr'><strong>nou</strong></span> <span class='ocrx_word' id='word_1_123' title='bbox 1586 2487 1718 2560; x_wconf 88' lang='lat' dir='ltr'><strong>miserit</strong></span> <span class='ocrx_word' id='word_1_124' title='bbox 1730 2486 1965 2580; x_wconf 75' lang='lat' dir='ltr'><strong>interpertes·</strong></span> 
     </span>
     <span class='ocr_line' id='line_1_16' title="bbox 543 2607 1967 2706; baseline -0.005 -20"><span class='ocrx_word' id='word_1_125' title='bbox 543 2613 715 2688; x_wconf 82' lang='lat' dir='ltr'><strong>Verentur</strong></span> <span class='ocrx_word' id='word_1_126' title='bbox 731 2611 896 2688; x_wconf 92' lang='lat' dir='ltr'><strong>omnibus</strong></span> <span class='ocrx_word' id='word_1_127' title='bbox 919 2611 986 2684; x_wconf 93' lang='lat' dir='ltr'><strong>hiis</strong></span> <span class='ocrx_word' id='word_1_128' title='bbox 1010 2614 1142 2706; x_wconf 85' lang='lat' dir='ltr'><strong>majora</strong></span> <span class='ocrx_word' id='word_1_129' title='bbox 1165 2621 1202 2686; x_wconf 91' lang='lat' dir='ltr'><strong>et</strong></span> <span class='ocrx_word' id='word_1_130' title='bbox 1215 2609 1384 2686; x_wconf 87' lang='lat' dir='ltr'><strong>catholice</strong></span> <span class='ocrx_word' id='word_1_131' title='bbox 1405 2609 1488 2686; x_wconf 87' lang='lat' dir='ltr'><strong>fidei</strong></span> <span class='ocrx_word' id='word_1_132' title='bbox 1509 2609 1686 2704; x_wconf 75' lang='lat' dir='ltr'><strong>graviora,</strong></span> <span class='ocrx_word' id='word_1_133' title='bbox 1704 2609 1772 2682; x_wconf 90' lang='lat' dir='ltr'><strong>uisi</strong></span> <span class='ocrx_word' id='word_1_134' title='bbox 1790 2607 1967 2682; x_wconf 89' lang='lat' dir='ltr'><strong>medelam</strong></span> 
     </span>
     <span class='ocr_line' id='line_1_17' title="bbox 542 2730 1967 2841; baseline -0.003 -31"><span class='ocrx_word' id='word_1_135' title='bbox 542 2757 649 2832; x_wconf 88' lang='lat' dir='ltr'><strong>quam</strong></span> <span class='ocrx_word' id='word_1_136' title='bbox 662 2737 803 2834; x_wconf 87' lang='lat' dir='ltr'><strong>potestis</strong></span> <span class='ocrx_word' id='word_1_137' title='bbox 819 2734 995 2810; x_wconf 87' lang='lat' dir='ltr'><strong>discordia</strong></span> <span class='ocrx_word' id='word_1_138' title='bbox 1007 2735 1114 2828; x_wconf 89' lang='lat' dir='ltr'><strong>hujus</strong></span> <span class='ocrx_word' id='word_1_139' title='bbox 1130 2736 1250 2810; x_wconf 92' lang='lat' dir='ltr'><strong>morbo</strong></span> <span class='ocrx_word' id='word_1_140' title='bbox 1262 2757 1324 2841; x_wconf 86' lang='lat' dir='ltr'><strong>per</strong></span> <span class='ocrx_word' id='word_1_141' title='bbox 1336 2735 1541 2832; x_wconf 86' lang='lat' dir='ltr'><strong>sapientiam</strong></span> <span class='ocrx_word' id='word_1_142' title='bbox 1558 2733 1710 2830; x_wconf 86' lang='lat' dir='ltr'><strong>desuper</strong></span> <span class='ocrx_word' id='word_1_143' title='bbox 1727 2731 1828 2808; x_wconf 86' lang='lat' dir='ltr'><strong>vobis</strong></span> <span class='ocrx_word' id='word_1_144' title='bbox 1844 2730 1967 2806; x_wconf 63' lang='lat' dir='ltr'><strong>mlum</strong></span> 
     </span>
     <span class='ocr_line' id='line_1_18' title="bbox 543 2857 1969 2954; baseline -0.004 -18"><span class='ocrx_word' id='word_1_145' title='bbox 543 2858 746 2936; x_wconf 79' lang='lat' dir='ltr'><strong>cumvoritis</strong></span> <span class='ocrx_word' id='word_1_146' title='bbox 762 2859 943 2935; x_wconf 88' lang='lat' dir='ltr'><strong>adhibere.</strong></span> <span class='ocrx_word' id='word_1_147' title='bbox 968 2859 1121 2953; x_wconf 90' lang='lat' dir='ltr'><strong>ideoque</strong></span> <span class='ocrx_word' id='word_1_148' title='bbox 1140 2859 1314 2932; x_wconf 89' lang='lat' dir='ltr'><strong>sanctitati</strong></span> <span class='ocrx_word' id='word_1_149' title='bbox 1338 2867 1454 2934; x_wconf 83' lang='lat' dir='ltr'><strong>vestre</strong></span> <span class='ocrx_word' id='word_1_150' title='bbox 1476 2857 1650 2932; x_wconf 86' lang='lat' dir='ltr'><strong>humiliter</strong></span> <span class='ocrx_word' id='word_1_151' title='bbox 1670 2857 1910 2954; x_wconf 92' lang='lat' dir='ltr'><strong>supplicamus</strong></span> <span class='ocrx_word' id='word_1_152' title='bbox 1931 2866 1969 2930; x_wconf 93' lang='lat' dir='ltr'><strong>et</strong></span> 
     </span>
     <span class='ocr_line' id='line_1_19' title="bbox 543 2983 1968 3079; baseline -0.004 -20"><span class='ocrx_word' id='word_1_153' title='bbox 543 2984 757 3060; x_wconf 90' lang='lat' dir='ltr'><strong>consulimus</strong></span> <span class='ocrx_word' id='word_1_154' title='bbox 775 2995 947 3079; x_wconf 91' lang='lat' dir='ltr'><strong>quantum</strong></span> <span class='ocrx_word' id='word_1_155' title='bbox 964 2983 1044 3056; x_wconf 89' lang='lat' dir='ltr'><strong>licet</strong></span> <span class='ocrx_word' id='word_1_156' title='bbox 1061 2991 1101 3055; x_wconf 92' lang='lat' dir='ltr'><strong>ut</strong></span> <span class='ocrx_word' id='word_1_157' title='bbox 1117 2992 1153 3056; x_wconf 90' lang='lat' dir='ltr'><strong>ct</strong></span> <span class='ocrx_word' id='word_1_158' title='bbox 1177 3005 1248 3078; x_wconf 90' lang='lat' dir='ltr'><strong>que</strong></span> <span class='ocrx_word' id='word_1_159' title='bbox 1269 2983 1435 3079; x_wconf 88' lang='lat' dir='ltr'><strong>premissa</strong></span> <span class='ocrx_word' id='word_1_160' title='bbox 1459 2991 1593 3056; x_wconf 91' lang='lat' dir='ltr'><strong>suntet</strong></span> <span class='ocrx_word' id='word_1_161' title='bbox 1612 3003 1683 3077; x_wconf 87' lang='lat' dir='ltr'><strong>que</strong></span> <span class='ocrx_word' id='word_1_162' title='bbox 1700 2991 1863 3078; x_wconf 90' lang='lat' dir='ltr'><strong>poterunt</strong></span> <span class='ocrx_word' id='word_1_163' title='bbox 1883 3001 1968 3077; x_wconf 92' lang='lat' dir='ltr'><strong>pro-</strong></span> 
     </span>
     <span class='ocr_line' id='line_1_20' title="bbox 543 3106 1967 3202; baseline -0.003 -20"><span class='ocrx_word' id='word_1_164' title='bbox 543 3110 662 3184; x_wconf 83' lang='lat' dir='ltr'><strong>venire</strong></span> <span class='ocrx_word' id='word_1_165' title='bbox 679 3107 950 3182; x_wconf 87' lang='lat' dir='ltr'><strong>misericorditer</strong></span> <span class='ocrx_word' id='word_1_166' title='bbox 966 3106 1158 3200; x_wconf 87' lang='lat' dir='ltr'><strong>intuentes,</strong></span> <span class='ocrx_word' id='word_1_167' title='bbox 1173 3107 1225 3180; x_wconf 87' lang='lat' dir='ltr'><strong>cis</strong></span> <span class='ocrx_word' id='word_1_168' title='bbox 1238 3129 1309 3200; x_wconf 89' lang='lat' dir='ltr'><strong>quo</strong></span> <span class='ocrx_word' id='word_1_169' title='bbox 1327 3106 1512 3181; x_wconf 87' lang='lat' dir='ltr'><strong>concordie</strong></span> <span class='ocrx_word' id='word_1_170' title='bbox 1525 3115 1608 3180; x_wconf 90' lang='lat' dir='ltr'><strong>sunt</strong></span> <span class='ocrx_word' id='word_1_171' title='bbox 1622 3115 1658 3179; x_wconf 91' lang='lat' dir='ltr'><strong>et</strong></span> <span class='ocrx_word' id='word_1_172' title='bbox 1674 3107 1788 3202; x_wconf 85' lang='lat' dir='ltr'><strong>pacis,</strong></span> <span class='ocrx_word' id='word_1_173' title='bbox 1808 3116 1967 3180; x_wconf 87' lang='lat' dir='ltr'><strong>vestram</strong></span> 
     </span>
     <span class='ocr_line' id='line_1_21' title="bbox 542 3228 1967 3329; baseline -0.004 -23"><span class='ocrx_word' id='word_1_174' title='bbox 542 3231 759 3306; x_wconf 89' lang='lat' dir='ltr'><strong>clementiam</strong></span> <span class='ocrx_word' id='word_1_175' title='bbox 774 3231 952 3306; x_wconf 89' lang='lat' dir='ltr'><strong>acclinstis</strong></span> <span class='ocrx_word' id='word_1_176' title='bbox 969 3239 1004 3304; x_wconf 90' lang='lat' dir='ltr'><strong>et</strong></span> <span class='ocrx_word' id='word_1_177' title='bbox 1027 3251 1133 3326; x_wconf 88' lang='lat' dir='ltr'><strong>super</strong></span> <span class='ocrx_word' id='word_1_178' title='bbox 1152 3230 1330 3329; x_wconf 86' lang='lat' dir='ltr'><strong>premissis</strong></span> <span class='ocrx_word' id='word_1_179' title='bbox 1352 3231 1491 3304; x_wconf 84' lang='lat' dir='ltr'><strong>tratrem</strong></span> <span class='ocrx_word' id='word_1_180' title='bbox 1509 3229 1706 3304; x_wconf 65' lang='lat' dir='ltr'><strong>Quaedam</strong></span> <span class='ocrx_word' id='word_1_181' title='bbox 1726 3228 1967 3302; x_wconf 87' lang='lat' dir='ltr'><strong>venerabilem</strong></span> 
     </span>
     <span class='ocr_line' id='line_1_22' title="bbox 543 3353 1968 3450; baseline -0.002 -21"><span class='ocrx_word' id='word_1_182' title='bbox 543 3354 668 3429; x_wconf 90' lang='lat' dir='ltr'><strong>domus</strong></span> <span class='ocrx_word' id='word_1_183' title='bbox 689 3355 900 3429; x_wconf 86' lang='lat' dir='ltr'><strong>Theutouioa</strong></span> <span class='ocrx_word' id='word_1_184' title='bbox 922 3353 1152 3428; x_wconf 73' lang='lat' dir='ltr'><strong>benemarine</strong></span> <span class='ocrx_word' id='word_1_185' title='bbox 1172 3353 1395 3450; x_wconf 76' lang='lat' dir='ltr'><strong>magistrum,</strong></span> <span class='ocrx_word' id='word_1_186' title='bbox 1413 3355 1531 3426; x_wconf 87' lang='lat' dir='ltr'><strong>virum</strong></span> <span class='ocrx_word' id='word_1_187' title='bbox 1551 3353 1673 3448; x_wconf 89' lang='lat' dir='ltr'><strong>ntique</strong></span> <span class='ocrx_word' id='word_1_188' title='bbox 1693 3353 1896 3448; x_wconf 80' lang='lat' dir='ltr'><strong>religiosum</strong></span> <span class='ocrx_word' id='word_1_189' title='bbox 1924 3373 1968 3426; x_wconf 92' lang='lat' dir='ltr'><strong>ac</strong></span> 
     </span>
     <span class='ocr_line' id='line_1_23' title="bbox 542 3475 1968 3575; baseline -0.004 -22"><span class='ocrx_word' id='word_1_190' title='bbox 542 3477 728 3575; x_wconf 87' lang='lat' dir='ltr'><strong>providum</strong></span> <span class='ocrx_word' id='word_1_191' title='bbox 742 3486 778 3550; x_wconf 88' lang='lat' dir='ltr'><strong>at</strong></span> <span class='ocrx_word' id='word_1_192' title='bbox 789 3477 991 3564; x_wconf 86' lang='lat' dir='ltr'><strong>discretum,</strong></span> <span class='ocrx_word' id='word_1_193' title='bbox 1004 3476 1272 3552; x_wconf 88' lang='lat' dir='ltr'><strong>misericorditer</strong></span> <span class='ocrx_word' id='word_1_194' title='bbox 1283 3476 1447 3552; x_wconf 88' lang='lat' dir='ltr'><strong>audiatis.</strong></span> <span class='ocrx_word' id='word_1_195' title='bbox 1462 3477 1506 3550; x_wconf 83' lang='lat' dir='ltr'><strong>lit</strong></span> <span class='ocrx_word' id='word_1_196' title='bbox 1515 3477 1545 3550; x_wconf 92' lang='lat' dir='ltr'><strong>si</strong></span> <span class='ocrx_word' id='word_1_197' title='bbox 1559 3476 1607 3551; x_wconf 88' lang='lat' dir='ltr'><strong>ad</strong></span> <span class='ocrx_word' id='word_1_198' title='bbox 1620 3475 1840 3552; x_wconf 90' lang='lat' dir='ltr'><strong>concordiam</strong></span> <span class='ocrx_word' id='word_1_199' title='bbox 1852 3477 1968 3552; x_wconf 77' lang='lat' dir='ltr'><strong>mior-</strong></span> 
     </span>
     <span class='ocr_line' id='line_1_24' title="bbox 542 3599 1966 3696; baseline 0 -22"><span class='ocrx_word' id='word_1_200' title='bbox 542 3599 705 3676; x_wconf 91' lang='lat' dir='ltr'><strong>maudam</strong></span> <span class='ocrx_word' id='word_1_201' title='bbox 730 3600 903 3696; x_wconf 88' lang='lat' dir='ltr'><strong>presentia</strong></span> <span class='ocrx_word' id='word_1_202' title='bbox 929 3609 1048 3672; x_wconf 89' lang='lat' dir='ltr'><strong>nostra</strong></span> <span class='ocrx_word' id='word_1_203' title='bbox 1076 3600 1155 3672; x_wconf 87' lang='lat' dir='ltr'><strong>visa</strong></span> <span class='ocrx_word' id='word_1_204' title='bbox 1183 3599 1286 3674; x_wconf 86' lang='lat' dir='ltr'><strong>luerit</strong></span> <span class='ocrx_word' id='word_1_205' title='bbox 1311 3609 1503 3696; x_wconf 89' lang='lat' dir='ltr'><strong>oportuna,</strong></span> <span class='ocrx_word' id='word_1_206' title='bbox 1532 3621 1596 3696; x_wconf 85' lang='lat' dir='ltr'><strong>pro</strong></span> <span class='ocrx_word' id='word_1_207' title='bbox 1620 3599 1816 3674; x_wconf 82' lang='lat' dir='ltr'><strong>reverentia</strong></span> <span class='ocrx_word' id='word_1_208' title='bbox 1840 3599 1966 3674; x_wconf 90' lang='lat' dir='ltr'><strong>matris</strong></span> 
     </span>
     <span class='ocr_line' id='line_1_25' title="bbox 542 3722 1966 3820; baseline 0.001 -24"><span class='ocrx_word' id='word_1_209' title='bbox 542 3731 659 3798; x_wconf 87' lang='lat' dir='ltr'><strong>nostre</strong></span> <span class='ocrx_word' id='word_1_210' title='bbox 675 3725 830 3798; x_wconf 85' lang='lat' dir='ltr'><strong>Romane</strong></span> <span class='ocrx_word' id='word_1_211' title='bbox 845 3723 989 3796; x_wconf 89' lang='lat' dir='ltr'><strong>ecclesie</strong></span> <span class='ocrx_word' id='word_1_212' title='bbox 1009 3744 1051 3797; x_wconf 92' lang='lat' dir='ltr'><strong>ac</strong></span> <span class='ocrx_word' id='word_1_213' title='bbox 1073 3723 1194 3819; x_wconf 95' lang='lat' dir='ltr'><strong>populi</strong></span> <span class='ocrx_word' id='word_1_214' title='bbox 1213 3722 1269 3797; x_wconf 92' lang='lat' dir='ltr'><strong>sui</strong></span> <span class='ocrx_word' id='word_1_215' title='bbox 1286 3724 1399 3798; x_wconf 89' lang='lat' dir='ltr'><strong>saluto</strong></span> <span class='ocrx_word' id='word_1_216' title='bbox 1424 3723 1680 3820; x_wconf 80' lang='lat' dir='ltr'><strong>paratissimus</strong></span> <span class='ocrx_word' id='word_1_217' title='bbox 1697 3743 1762 3796; x_wconf 88' lang='lat' dir='ltr'><strong>nos</strong></span> <span class='ocrx_word' id='word_1_218' title='bbox 1782 3742 1966 3818; x_wconf 84' lang='lat' dir='ltr'><strong>exponere</strong></span> 
     </span>
     <span class='ocr_line' id='line_1_26' title="bbox 542 3845 1119 3941; baseline -0.007 -21"><span class='ocrx_word' id='word_1_219' title='bbox 542 3855 614 3920; x_wconf 92' lang='lat' dir='ltr'><strong>tam</strong></span> <span class='ocrx_word' id='word_1_220' title='bbox 627 3845 804 3920; x_wconf 90' lang='lat' dir='ltr'><strong>laboribus</strong></span> <span class='ocrx_word' id='word_1_221' title='bbox 820 3867 929 3941; x_wconf 89' lang='lat' dir='ltr'><strong>quam</strong></span> <span class='ocrx_word' id='word_1_222' title='bbox 942 3846 1119 3940; x_wconf 88' lang='lat' dir='ltr'><strong>expensis.</strong></span> 
     </span>
    </p>

    <p class='ocr_par' dir='ltr' id='par_1_5' title="bbox 590 3967 1893 4064">
     <span class='ocr_line' id='line_1_27' title="bbox 590 3967 1893 4064; baseline 0.002 -22"><span class='ocrx_word' id='word_1_223' title='bbox 590 3969 715 4042; x_wconf 88' lang='lat' dir='ltr'><strong>Datum</strong></span> <span class='ocrx_word' id='word_1_224' title='bbox 730 3968 882 4062; x_wconf 87' lang='lat' dir='ltr'><strong>Gastcle,</strong></span> <span class='ocrx_word' id='word_1_225' title='bbox 901 3969 964 4042; x_wconf 86' lang='lat' dir='ltr'><strong>Xll</strong></span> <span class='ocrx_word' id='word_1_226' title='bbox 980 3967 1146 4043; x_wconf 89' lang='lat' dir='ltr'><strong>kalendas</strong></span> <span class='ocrx_word' id='word_1_227' title='bbox 1161 3968 1262 4060; x_wconf 86' lang='lat' dir='ltr'><strong>maii,</strong></span> <span class='ocrx_word' id='word_1_228' title='bbox 1283 3967 1503 4064; x_wconf 85' lang='lat' dir='ltr'><strong>pontificatus</strong></span> <span class='ocrx_word' id='word_1_229' title='bbox 1515 3969 1622 4046; x_wconf 89' lang='lat' dir='ltr'><strong>nostri</strong></span> <span class='ocrx_word' id='word_1_230' title='bbox 1637 3991 1730 4046; x_wconf 91' lang='lat' dir='ltr'><strong>anuo</strong></span> <span class='ocrx_word' id='word_1_231' title='bbox 1744 3967 1893 4046; x_wconf 87' lang='lat' dir='ltr'><strong>docimo.</strong></span> 
     </span>
    </p>
   </div>
   <div class='ocr_carea' id='block_1_4' title="bbox 541 4215 1964 4816">
    <p class='ocr_par' dir='ltr' id='par_1_6' title="bbox 541 4215 1964 4816">
     <span class='ocr_line' id='line_1_28' title="bbox 589 4215 1964 4317; baseline 0 -21"><span class='ocrx_word' id='word_1_232' title='bbox 589 4220 813 4298; x_wconf 79' lang='lat' dir='ltr'><strong>sanctissimo</strong></span> <span class='ocrx_word' id='word_1_233' title='bbox 834 4219 872 4292; x_wconf 95' lang='lat' dir='ltr'><strong>in</strong></span> <span class='ocrx_word' id='word_1_234' title='bbox 890 4217 1023 4293; x_wconf 87' lang='lat' dir='ltr'><strong>Christo</strong></span> <span class='ocrx_word' id='word_1_235' title='bbox 1044 4215 1133 4315; x_wconf 89' lang='lat' dir='ltr'><strong>patri</strong></span> <span class='ocrx_word' id='word_1_236' title='bbox 1149 4227 1186 4293; x_wconf 90' lang='lat' dir='ltr'><strong>st</strong></span> <span class='ocrx_word' id='word_1_237' title='bbox 1209 4217 1352 4296; x_wconf 91' lang='lat' dir='ltr'><strong>domiuo</strong></span> <span class='ocrx_word' id='word_1_238' title='bbox 1371 4219 1429 4314; x_wconf 65' lang='lat' dir='ltr'><strong>G„</strong></span> <span class='ocrx_word' id='word_1_239' title='bbox 1452 4221 1515 4296; x_wconf 88' lang='lat' dir='ltr'><strong>Ilei</strong></span> <span class='ocrx_word' id='word_1_240' title='bbox 1535 4223 1648 4317; x_wconf 76' lang='lat' dir='ltr'><strong>gratia</strong></span> <span class='ocrx_word' id='word_1_241' title='bbox 1666 4229 1786 4296; x_wconf 76' lang='lat' dir='ltr'><strong>mace</strong></span> <span class='ocrx_word' id='word_1_242' title='bbox 1807 4222 1964 4296; x_wconf 82' lang='lat' dir='ltr'><strong>Romana</strong></span> 
     </span>
     <span class='ocr_line' id='line_1_29' title="bbox 541 4341 1964 4440; baseline -0.002 -18"><span class='ocrx_word' id='word_1_243' title='bbox 541 4346 686 4422; x_wconf 90' lang='lat' dir='ltr'><strong>ecclesie</strong></span> <span class='ocrx_word' id='word_1_244' title='bbox 706 4363 843 4418; x_wconf 91' lang='lat' dir='ltr'><strong>summo</strong></span> <span class='ocrx_word' id='word_1_245' title='bbox 861 4341 1034 4440; x_wconf 89' lang='lat' dir='ltr'><strong>pontifici,</strong></span> <span class='ocrx_word' id='word_1_246' title='bbox 1054 4345 1091 4414; x_wconf 91' lang='lat' dir='ltr'><strong>S.</strong></span> <span class='ocrx_word' id='word_1_247' title='bbox 1110 4341 1338 4439; x_wconf 77' lang='lat' dir='ltr'><strong>Augusteusis</strong></span> <span class='ocrx_word' id='word_1_248' title='bbox 1359 4345 1543 4440; x_wconf 86' lang='lat' dir='ltr'><strong>episcopus</strong></span> <span class='ocrx_word' id='word_1_249' title='bbox 1561 4367 1643 4419; x_wconf 90' lang='lat' dir='ltr'><strong>cum</strong></span> <span class='ocrx_word' id='word_1_250' title='bbox 1656 4346 1870 4440; x_wconf 89' lang='lat' dir='ltr'><strong>subjectione</strong></span> <span class='ocrx_word' id='word_1_251' title='bbox 1889 4344 1964 4419; x_wconf 92' lang='lat' dir='ltr'><strong>de-</strong></span> 
     </span>
     <span class='ocr_line' id='line_1_30' title="bbox 541 4465 1963 4564; baseline -0.001 -20"><span class='ocrx_word' id='word_1_252' title='bbox 541 4471 613 4545; x_wconf 90' lang='lat' dir='ltr'><strong>bita</strong></span> <span class='ocrx_word' id='word_1_253' title='bbox 634 4479 670 4543; x_wconf 90' lang='lat' dir='ltr'><strong>et</strong></span> <span class='ocrx_word' id='word_1_254' title='bbox 694 4467 862 4541; x_wconf 89' lang='lat' dir='ltr'><strong>iamulatu</strong></span> <span class='ocrx_word' id='word_1_255' title='bbox 885 4465 1016 4562; x_wconf 88' lang='lat' dir='ltr'><strong>pedum</strong></span> <span class='ocrx_word' id='word_1_256' title='bbox 1040 4467 1160 4540; x_wconf 91' lang='lat' dir='ltr'><strong>oscula</strong></span> <span class='ocrx_word' id='word_1_257' title='bbox 1177 4467 1370 4541; x_wconf 89' lang='lat' dir='ltr'><strong>beatorum.</strong></span> <span class='ocrx_word' id='word_1_258' title='bbox 1390 4468 1511 4542; x_wconf 86' lang='lat' dir='ltr'><strong>Vestro</strong></span> <span class='ocrx_word' id='word_1_259' title='bbox 1526 4489 1606 4541; x_wconf 91' lang='lat' dir='ltr'><strong>cum</strong></span> <span class='ocrx_word' id='word_1_260' title='bbox 1628 4468 1787 4564; x_wconf 87' lang='lat' dir='ltr'><strong>pluribus</strong></span> <span class='ocrx_word' id='word_1_261' title='bbox 1809 4467 1963 4542; x_wconf 85' lang='lat' dir='ltr'><strong>scribare</strong></span> 
     </span>
     <span class='ocr_line' id='line_1_31' title="bbox 542 4589 1959 4692; baseline -0.001 -24"><span class='ocrx_word' id='word_1_262' title='bbox 542 4615 702 4692; x_wconf 86' lang='lat' dir='ltr'><strong>presumo</strong></span> <span class='ocrx_word' id='word_1_263' title='bbox 720 4591 889 4665; x_wconf 89' lang='lat' dir='ltr'><strong>sanctitati</strong></span> <span class='ocrx_word' id='word_1_264' title='bbox 908 4591 1005 4686; x_wconf 92' lang='lat' dir='ltr'><strong>quod</strong></span> <span class='ocrx_word' id='word_1_265' title='bbox 1022 4592 1050 4664; x_wconf 90' lang='lat' dir='ltr'><strong>si</strong></span> <span class='ocrx_word' id='word_1_266' title='bbox 1067 4591 1225 4666; x_wconf 89' lang='lat' dir='ltr'><strong>turbines</strong></span> <span class='ocrx_word' id='word_1_267' title='bbox 1238 4589 1424 4681; x_wconf 89' lang='lat' dir='ltr'><strong>bellorum,</strong></span> <span class='ocrx_word' id='word_1_268' title='bbox 1444 4591 1595 4666; x_wconf 89' lang='lat' dir='ltr'><strong>lamenta</strong></span> <span class='ocrx_word' id='word_1_269' title='bbox 1610 4613 1819 4690; x_wconf 89' lang='lat' dir='ltr'><strong>pauperum,</strong></span> <span class='ocrx_word' id='word_1_270' title='bbox 1838 4613 1959 4688; x_wconf 88' lang='lat' dir='ltr'><strong>perso·</strong></span> 
     </span>
     <span class='ocr_line' id='line_1_32' title="bbox 542 4714 1959 4816; baseline -0.001 -24"><span class='ocrx_word' id='word_1_271' title='bbox 542 4739 666 4792; x_wconf 89' lang='lat' dir='ltr'><strong>narum</strong></span> <span class='ocrx_word' id='word_1_272' title='bbox 681 4724 716 4792; x_wconf 93' lang='lat' dir='ltr'><strong>et</strong></span> <span class='ocrx_word' id='word_1_273' title='bbox 731 4737 847 4790; x_wconf 91' lang='lat' dir='ltr'><strong>rerum</strong></span> <span class='ocrx_word' id='word_1_274' title='bbox 868 4714 1178 4790; x_wconf 88' lang='lat' dir='ltr'><strong>ecclesiasticarum</strong></span> <span class='ocrx_word' id='word_1_275' title='bbox 1198 4717 1377 4814; x_wconf 88' lang='lat' dir='ltr'><strong>oppressio</strong></span> <span class='ocrx_word' id='word_1_276' title='bbox 1394 4738 1465 4814; x_wconf 89' lang='lat' dir='ltr'><strong>que</strong></span> <span class='ocrx_word' id='word_1_277' title='bbox 1485 4717 1589 4792; x_wconf 88' lang='lat' dir='ltr'><strong>variis</strong></span> <span class='ocrx_word' id='word_1_278' title='bbox 1610 4717 1647 4790; x_wconf 93' lang='lat' dir='ltr'><strong>iu</strong></span> <span class='ocrx_word' id='word_1_279' title='bbox 1664 4717 1750 4791; x_wconf 92' lang='lat' dir='ltr'><strong>locis</strong></span> <span class='ocrx_word' id='word_1_280' title='bbox 1767 4726 1803 4791; x_wconf 91' lang='lat' dir='ltr'><strong>ct</strong></span> <span class='ocrx_word' id='word_1_281' title='bbox 1821 4715 1959 4816; x_wconf 88' lang='lat' dir='ltr'><strong>specia-</strong></span> 
     </span>
    </p>
   </div>
   <div class='ocr_carea' id='block_1_5' title="bbox 0 0 2184 5989">
    <p class='ocr_par' dir='ltr' id='par_1_7' title="bbox 0 0 2184 5989">
     <span class='ocr_line' id='line_1_33' title="bbox 0 0 2184 5989; baseline 0 0"><span class='ocrx_word' id='word_1_282' title='bbox 0 0 2184 5989; x_wconf 95' lang='lat' dir='ltr'><strong> </strong></span> 
     </span>
    </p>
   </div>
  </div>
 </body>
</html>
