4384 6004
234 649 331 710 ltnrcr.
357 645 417 732 lb]
685 643 881 705 HISTORIA
907 644 1200 706 nlrtouurlcll.

548 927 763 936 ---——-—----
771 927 913 936 *οι-α.
920 927 1096 935 ----.---ι.-
1103 927 1138 936 --ι-
1147 927 1178 936 -ο

288 1187 522 1296 Fridericus‚
546 1191 809 1274 Romanorum
831 1189 1053 1299 imperator,
1072 1189 1203 1274 scribit
1225 1188 1425 1274 Feruando
1442 1188 1523 1298 regi
1545 1188 1647 1272 Gas-

235 1321 370 1428 tsllae‚
398 1322 617 1432 significans
643 1322 684 1404 in
709 1322 910 1406 obsidione
937 1321 1137 1406 Fauentiae
1162 1321 1450 1430 prosperitatem
1477 1347 1589 1404 suam
1611 1333 1650 1404 et

237 1452 307 1534 filii
325 1453 409 1563 ejus
425 1454 625 1564 Friderioi,
646 1455 696 1538 ad
714 1454 824 1564 cujus
841 1453 1130 1537 instructionem
1148 1463 1186 1538 et
1203 1451 1534 1564 amplificationem
1551 1453 1650 1537 votis

238 1585 419 1669 omnibus
437 1587 594 1695 aspiret.

317 1797 455 1879 (bdlder.
470 1799 620 1860 Μητιπι
637 1805 668 1860 ct
681 1797 828 1872 Dcnrm,
847 1794 986 1879 Ampliat.
1002 1795 1125 1873 collect,
1139 1803 1164 1858 t.
1180 1797 1222 1878 Π,
1236 1789 1596 1872 m1.incs,n·xxxn.
1610 1829 1651 1848 -

359 1905 436 1968 coll.
459 1921 528 1966 cum
546 1903 890 1966 medulletenus.
912 1905 1023 1978 Portu,
1036 1901 1130 1984 fonds
1152 1900 1551 1984 Satur-dentatu-rrarlay,
1576 1911 1651 1982 let,

359 2029 429 2092 pars
441 2011 499 2087 Ill,
513 2023 547 2075 u⁰
560 2017 657 2112 υἱεῖ
668 2007 831 2094 anc.soods
842 2009 908 2087 lut,
920 2009 1024 2090 ⁴⁰82.)
1066 2091 1069 2098 .

287 2197 505 2286 rrecericus,
519 2207 602 2288 etc,
614 2195 797 2270 Fernando
811 2195 935 2268 illustri
947 2197 1022 2290 regi
1033 2196 1175 2269 Castelle
1188 2205 1223 2269 et
1234 2195 1409 2290 Legionis,
1421 2197 1548 2270 dilecto
1563 2219 1655 2272 soro·

239 2322 292 2395 ric
307 2319 359 2418 (a)
371 2342 449 2411 suo,
468 2323 660 2393 salutemet
675 2320 810 2392 sincere
824 2319 1017 2393 dilectionis
1031 2319 1205 2392 affectum.
1219 2319 1263 2392 Ut
1275 2321 1495 2394 serenitatem
1505 2331 1654 2397 vestram

240 2446 435 2522 communis
448 2445 684 2542 prosperitatis
702 2465 793 2518 nova
808 2443 985 2536 letificent,
997 2444 1162 2517 noveritis
1177 2444 1273 2540 quod
1286 2445 1343 2518 illo
1359 2445 1506 2518 faciente
1523 2447 1584 2542 qui
1598 2445 1657 2519 di-

240 2572 324 2666 rigit
341 2572 415 2644 vias
429 2591 571 2664 regum,
590 2569 691 2664 plena
709 2568 864 2664 corporis
880 2569 1114 2642 incolumitate
1132 2568 1342 2664 perfruimur
1365 2577 1401 2640 et
1423 2570 1554 2664 ubique
1572 2591 1657 2642 nos-

242 2705 373 2768 trorum
391 2695 571 2766 rebellium
585 2692 730 2764 victoria
749 2691 943 2765 desiderata
960 2692 1126 2786 potimur,
1149 2701 1210 2764 aut
1230 2693 1260 2764 si
1276 2713 1346 2787 que
1361 2702 1442 2763 sunt
1462 2702 1656 2766 nostrorum

243 2818 395 2890 hostiurn
409 2817 554 2911 reliquie
569 2835 658 2910 quas
672 2814 755 2888 fidei
775 2827 890 2890 nostre
911 2825 1028 2911 pater,
1044 2813 1107 2888 sed
1125 2816 1401 2889 tamen-vitricus
1417 2827 1533 2889 noster
1544 2817 1654 2908 fovet,

245 2941 283 3012 in
297 2941 556 3035 expugnatione
570 2939 732 3012 Faventie
746 2961 853 3034 quam
871 2939 962 3011 sicut
974 2959 1060 3012 zona
1078 2947 1193 3011 noster
1208 2939 1318 3011 cinxit
1329 2939 1515 3028 exercitus,
1536 2951 1573 3013 ut
1585 2943 1658 3032 jam

246 3065 318 3138 lere
335 3065 445 3136 simus
461 3063 507 3138 de
528 3065 639 3160 ipsius
657 3061 837 3137 deditione
858 3063 990 3154 securi,
1010 3083 1151 3157 prorsus
1173 3063 1221 3136 ad
1239 3063 1405 3134 nichilum
1425 3059 1656 3136 deducentur.

247 3189 406 3262 Ceterum
423 3198 463 3260 ut
478 3187 523 3260 de
535 3186 708 3260 Friderico
726 3187 910 3260 benedicto
928 3185 974 3282 (b)
991 3185 1063 3259 lilio
1083 3196 1197 3260 vestro
1219 3197 1255 3260 et
1270 3195 1395 3281 nepote
1416 3195 1531 3260 nostro
1549 3188 1661 3260 caris-

171 3321 176 3332 '
248 3313 336 3384 simo
354 3312 507 3408 paternis
522 3310 700 3384 affectibus
714 3309 915 3405 gaudeatis,
932 3311 1028 3406 apud
1045 3332 1109 3384 nos
1125 3332 1250 3383 sanum
1262 3311 1425 3383 eumdem
1442 3320 1478 3384 et
1492 3311 1660 3384 virtutum

249 3435 359 3508 indoli
378 3436 471 3529 regie
493 3433 690 3508 debiturum
712 3434 968 3530 susceptibilem
995 3455 1073 3508 esse
1094 3435 1259 3526 noscatis;
1278 3435 1325 3508 ed
1343 3437 1442 3528 cujus
1461 3436 1662 3510 instructio-

249 3581 329 3632 nem
342 3559 379 3634 in
395 3548 551 3632 moribus
564 3567 599 3630 et
613 3555 914 3653 amplificationem
929 3558 966 3628 in
974 3558 1092 3650 rebus,
1105 3558 1172 3630 illis
1185 3557 1276 3630 volis
1288 3559 1500 3632 intendImus
1512 3569 1546 3632 ct
1562 3559 1663 3634 affec·

250 3684 345 3756 tibus
359 3682 553 3778 aspiramus
571 3691 609 3754 ut
626 3680 749 3754 effectu
763 3691 878 3776 pateat
889 3681 986 3776 quod
996 3703 1074 3754 eum
1089 3703 1159 3755 non
1178 3691 1247 3755 tam
1260 3681 1307 3756 ad
1322 3684 1536 3768 avunculum
1548 3691 1661 3772 traus-

250 3807 386 3882 misissc
401 3817 516 3880 vestra
533 3806 699 3879 serenitas
712 3805 866 3900 gaudere
882 3805 1003 3878 merito
1019 3806 1132 3880 valeat
1147 3827 1252 3900 quam
1268 3807 1314 3880 ad
1331 3815 1475 3902 patrem.

307 4333 540 4444 Friderious‚
560 4337 821 4424 Romanorum
839 4341 1059 4451 imperator,
1082 4343 1212 4429 Ottcni
1237 4345 1326 4428 duci
1344 4344 1525 4430 Bovariue
1541 4371 1663 4428 man-

297 4520 339 4601 (α)
362 4523 399 4584 ln
411 4523 479 4586 cod.
495 4531 818 4606 consummate.

297 4626 339 4707 (t)
362 4628 486 4706 lbldcm,
500 4629 666 4712 scledum
679 4639 778 4699 mlnus
791 4641 881 4713 recte,
895 4635 968 4699 dum
982 4637 1074 4716 butus
1089 4639 1268 4700 mentionem
1282 4641 1314 4699 ln
1328 4641 1417 4717 prlorl
1431 4641 1571 4719 eplstclce
1583 4645 1666 4720 perte

256 4741 317 4796 nun
329 4737 528 4800 luculamus.

1726 4367 1753 4410 ln
1762 4367 1840 4410 enon

1706 4421 1730 4464 ln
1743 4421 1859 4463 obsldlcne

1716 4475 1846 4520 Faventino,

1717 4530 1732 4570 ⁴
1744 4528 1848 4571 octobris.
