4468 6010
280 698 378 758 lenem.
398 692 458 776 la]
727 687 926 750 lllS'l'OlllA
953 689 1245 752 nlenonsrlcs.
1639 691 1698 750 'l'l'l

280 829 452 904 contraria
476 845 760 920 recompensans,
780 823 897 896 subito
913 833 1067 896 mutatus
1089 826 1125 896 in
1143 825 1293 914 hostem,
1311 824 1532 898 ecclesiarum
1552 825 1700 920 prelatos

280 965 315 1027 st
331 952 513 1044 religionis
529 948 762 1023 ecclesiastice
775 949 985 1043 professores
1006 947 1155 1021 diversis
1167 969 1336 1044 penarum
1350 949 1536 1041 gonoribus
1551 957 1585 1022 el
1603 949 1700 1020 vario

281 1077 351 1150 bns
366 1096 594 1163 consumens,
615 1075 775 1148 eeclesias
795 1073 889 1168 ipsas
912 1072 1035 1146 Christi
1056 1073 1227 1166 sanguine
1247 1073 1394 1146 libertati
1418 1071 1563 1146 donatas
1579 1075 1700 1146 multi-

282 1202 420 1296 pliciter
441 1200 613 1292 subjicere
634 1198 756 1270 nililur
778 1197 936 1270 servituli
955 1197 1019 1292 (a).
1041 1197 1096 1270 Ex
1119 1195 1250 1292 quibus
1271 1207 1307 1270 et
1326 1199 1403 1270 aliis
1426 1199 1700 1272 evidentioribus

281 1325 398 1396 causis
414 1333 449 1396 et
471 1323 586 1419 culpis
600 1345 687 1416 quas
705 1324 776 1414 jam
797 1323 843 1396 ad
859 1323 1036 1416 publicam
1054 1321 1178 1394 mundi
1202 1322 1359 1394 notitiam
1385 1321 1558 1394 credimus
1576 1345 1700 1416 perve-

281 1449 391 1538 nisse,
412 1448 526 1542 ipsum
554 1446 781 1520 anathematis
802 1446 920 1540 gladio
938 1446 984 1519 de
1009 1447 1152 1518 fratrum
1178 1455 1372 1520 nostrorum
1394 1447 1539 1519 consilio
1555 1469 1701 1542 percus-

281 1573 405 1662 simus,
421 1593 493 1644 non
507 1570 651 1664 indigne
662 1577 843 1666 sperantes
854 1570 954 1664 quod
968 1568 1189 1662 ejuemsdele
1200 1569 1395 1642 subsidium
1413 1569 1571 1642 ellectum
1585 1570 1700 1644 debite

281 1695 501 1770 correctionis
520 1695 674 1766 baberet.
692 1695 820 1766 Verum
841 1692 934 1766 idem
958 1715 1030 1766 non
1049 1695 1117 1766 sub
1138 1693 1285 1788 pastoris
1306 1693 1404 1786 virga
1429 1693 1628 1768 humiliatus
1648 1705 1699 1768 est

282 1820 446 1908 verbere,
464 1817 551 1913 quin
566 1818 682 1912 potius
695 1838 801 1911 super
815 1839 918 1890 omne
931 1817 1029 1911 quod
1042 1817 1169 1890 dicitur
1184 1819 1276 1890 Deus
1293 1827 1354 1890 sut
1379 1819 1502 1889 colitur
1522 1819 1696 1910 elevatus,

282 1937 1700 2036 llslisetllenrico(l)quibusdamuonprophetis,sedprophanisaposlatis,tcsti-

283 2067 349 2140 bus
360 2087 428 2138 sue
439 2064 673 2158 perversitatis
683 2066 882 2158 assumptis,
902 2063 938 2136 in
952 2063 1040 2136 lucis
1053 2047 1215 2158 anpelum
1229 2065 1264 2136 in
1282 2077 1399 2138 monte
1414 2067 1574 2162 superbie
1590 2078 1699 2140 trans·

283 2192 468 2278 formatus,
498 2188 621 2262 Christi
648 2189 764 2260 claves
784 2197 819 2260 et
843 2189 932 2260 Petri
961 2188 1180 2283 privilegium
1205 2189 1445 2283 vilipendens,
1471 2191 1701 2266 irreverenter

282 2314 415 2388 divinis
428 2313 594 2386 iuteresse
607 2312 786 2406 presumit,
809 2311 984 2384 ministros
1000 2312 1145 2384 ecclesie
1166 2312 1233 2384 sub
1248 2335 1337 2409 pena
1353 2315 1476 2408 capitis
1493 2326 1527 2387 et
1541 2319 1699 2412 perpetui

281 2438 397 2513 edicto
412 2438 511 2510 exilii
530 2437 576 2510 ad
598 2459 662 2510 sue
684 2437 942 2531 dampnationis
960 2437 1138 2508 cumulum
1161 2437 1283 2510 diviua
1307 2439 1525 2533 prophauare
1544 2441 1699 2536 compel-

282 2563 376 2651 lens,
395 2583 458 2657 pro
480 2583 616 2634 summe
637 2561 729 2634 sedis
750 2571 889 2632 orantes
914 2560 1065 2633 antistite
1086 2582 1128 2633 ac
1152 2581 1250 2634 orare
1271 2583 1334 2655 pro
1357 2562 1434 2656 ipso
1457 2563 1593 2657 publice
1613 2587 1701 2638 oon·
1837 2615 1844 2627 ·

282 2694 500 2781 tempuentes
519 2685 621 2758 simili
647 2663 831 2778 puniturus
854 2683 982 2758 edicto.
1006 2683 1061 2756 Ad
1087 2683 1151 2756 bec
1179 2696 1296 2757 aulem
1319 2685 1353 2756 in
1373 2685 1544 2758 Christum
1566 2699 1599 2760 st
1624 2690 1701 2781 ejus

281 2831 446 2906 sponsam
466 2809 664 2882 durioribus
677 2809 933 2882 invectionibus
948 2809 1227 2899 excandescens,
1245 2809 1490 2904 patrimonium
1504 2811 1595 2883 beati
1610 2813 1700 2886 Petri

281 2934 379 3030 quod
397 2934 487 3006 inter
511 2944 624 3006 cetera
644 2933 779 3028 imperii
797 2933 877 3024 jura
901 2953 970 3026 que
994 2933 1140 3006 seculari
1167 2932 1315 3028 principi
1341 2942 1508 3028 tanquam
1527 2934 1699 3010 delensori

282 3065 502 3133 sacrosancta
516 3058 687 3132 commisit
699 3058 872 3148 Ecclesia,
894 3056 1018 3130 ditioni
1033 3077 1097 3130 sue
1116 3058 1153 3128 in
1171 3059 1311 3150 signum
1329 3058 1537 3132 universalis
1555 3058 1698 3134 dominii

282 3183 493 3272 reservavit,
510 3181 696 3274 iuramenti
710 3190 941 3273 transgressor
954 3189 988 3252 et
1006 3178 1254 3254 beneficiorum
1270 3181 1416 3268 oblitus,
1434 3203 1602 3276 occupare
1619 3181 1699 3256 dolo

282 3329 352 3380 non
366 3307 484 3378 minus
498 3327 604 3400 quam
620 3305 755 3378 viribus
780 3326 850 3378 non
872 3314 1024 3378 veretur.
1044 3305 1215 3378 Romanos
1232 3305 1335 3377 etiam
1359 3306 1525 3400 speciales
1546 3307 1700 3380 Ecclesie

282 3431 404 3504 liliosa
416 3431 533 3502 metris
546 3429 716 3502 uberibus
731 3429 935 3501 muneribus
948 3438 982 3500 et
996 3428 1282 3524 promissionibus
1294 3429 1440 3502 reddere
1450 3437 1611 3522 satagens
1619 3431 1700 3504 alie·

281 3577 365 3642 nos,
385 3554 477 3628 Petri
493 3553 614 3628 sedern
628 3563 784 3628 evertere
797 3554 949 3638 minatur
962 3561 998 3626 et
1015 3550 1121 3626 fidem
1138 3551 1185 3625 ad
1203 3552 1400 3647 gentilitatis
1411 3553 1499 3626 ritus
1512 3555 1699 3649 subrogare

281 3680 433 3774 priores,
452 3687 488 3750 et
510 3677 659 3750 velutin
684 3677 813 3772 templo
832 3676 970 3750 Domini
988 3675 1133 3766 sedens,
1154 3677 1344 3750 sacerdotis
1362 3688 1507 3772 usurpat
1526 3678 1696 3772 officinm,

280 3802 465 3876 absolvere
483 3779 651 3876 vassallos
674 3801 827 3876 lloclesie
850 3803 1032 3875 avinculo
1050 3802 1238 3894 juramenti
1265 3823 1466 3896 presumens
1490 3814 1524 3874 et
1545 3805 1699 3878 locorum

280 3925 467 4000 interdicta
488 3927 668 4016 relaxans,
691 3927 729 3998 in
746 3935 902 3999 uosoum
918 3935 953 3998 st
972 3927 1114 3998 fratrum
1133 3933 1326 3998 nostrorum
1348 3926 1553 4019 sauguinem
1575 3927 1700 4000 studiis

281 4049 435 4146 publicis
457 4049 643 4140 inhiando,
660 4050 750 4122 sicut
763 4049 851 4122 clam
871 4049 999 4144 scripta
1017 4051 1094 4142 ejus
1114 4050 1312 4122 transmissa
1333 4048 1544 4143 quibusdam
1566 4051 1699 4145 quaed

281 4195 408 4246 manns
425 4183 558 4246 nostras
572 4171 791 4268 postmodum
808 4183 1042 4268 pervenerunt
1058 4173 1094 4244 in
1109 4173 1342 4246 testimoninm
1360 4183 1532 4245 reservata
1545 4183 1580 4244 et
1594 4195 1699 4268 opera

281 4296 422 4392 publice
440 4305 688 4392 protestantur,
705 4297 892 4390 contempti
906 4296 1058 4392 parentis
1070 4295 1309 4368 maledictione
1320 4294 1506 4384 notandus,
1521 4316 1590 4367 non
1606 4299 1699 4369 veri-

323 4467 364 4547 (l)
385 4469 480 4531 'lotus
492 4469 541 4531 blc
552 4471 637 4532 locos
649 4485 669 4530 a
681 4469 781 4530 verbis
793 4465 887 4532 orbito
900 4475 1031 4530 motatur
1043 4469 1122 4546 apud
1135 4467 1224 4530 llabn
1238 4467 1331 4530 deest.

816 4628 1064 4636 —-....—---
1257 4626 1694 4639 .-..---.........,...--........,

318 4723 355 4796 (l)
373 4722 508 4780 illuditur
525 4723 627 4795 llelias,
645 4722 749 4782 ordinis
764 4722 897 4780 nircum
911 4721 1048 4795 quondam
1060 4722 1198 4796 magistro,
1212 4721 1246 4780 ds
1259 4736 1313 4794 quo
1324 4737 1417 4795 snpra.
1432 4721 1498 4792 Quis
1511 4726 1601 4780 auem
1619 4721 1699 4781 luerit

281 4819 491 4892 Μουκίου,
507 4819 647 4894 occinuit.
855 4823 858 4830 ’
