4384 6004
549 643 628 704 1054
1048 597 1260 700 rarunarcr
1285 637 1457 700 sacuam
1762 636 1847 714 [aa.
1865 635 1949 696 raro.

546 775 693 872 pecunia
711 794 816 868 quam
834 793 897 868 pro
915 771 1071 844 subsidio
1087 773 1260 847 Ecclesiae
1281 783 1501 872 receperunt,
1519 771 1647 844 nuntiis
1666 770 1902 846 lanuansibus
1920 779 1954 842 et

546 897 773 990 creditoribus
789 895 964 968 Ecclesiae
980 895 1200 968 satisfaciant.

592 1019 780 1093 liancricle
794 1021 914 1112 frates
931 1019 1061 1090 Nicclci
1077 1020 1287 1092 cisterciencis
1303 1020 1440 1092 οιιίἱιιιζι.

591 1145 705 1218 Primo
720 1142 884 1236 Gregorio
901 1141 948 1216 de
961 1141 1266 1218 Romaniacmues
1284 1143 1413 1216 litteras
1432 1141 1662 1238 presentabis,
1679 1149 1714 1214 ct
1729 1149 1768 1212 tu
1787 1140 1864 1234 ipsa
1885 1161 1953 1210 una

543 1291 623 1342 cum
637 1267 793 1341 Petro-de
810 1265 980 1340 Guarcino
993 1273 1122 1338 secretu
1137 1287 1218 1340 cum
1234 1276 1401 1362 potestate
1412 1265 1588 1356 Janueusi,
1601 1265 1796 1357 juramento
1811 1272 1954 1356 recepto

542 1391 677 1486 abipsa
695 1397 862 1485 potestate
877 1389 922 1461 de
935 1397 1066 1462 secreto
1081 1389 1230 1463 tenendo
1239 1389 1342 1484 ,quod
1358 1389 1491 1463 avobis
1506 1389 1539 1462 ei
1556 1388 1658 1460 luerit
1669 1384 1950 1483 proponendum,

543 1513 729 1586 tractabitis
745 1534 851 1607 super
869 1511 1061 1585 imminenti
1080 1513 1219 1606 negotio
1232 1513 1326 1608 quod
1340 1513 1375 1584 in
1395 1512 1520 1586 nostris
1534 1511 1652 1584 litteris
1665 1519 1717 1583 est
1729 1530 1950 1604 expressum,

541 1659 582 1710 ea
600 1659 670 1730 que
684 1635 843 1710 videritis
861 1633 1028 1728 expedire
1047 1634 1240 1708 secuudum
1256 1636 1480 1728 formamque
1498 1635 1534 1704 in
1551 1633 1671 1706 litteris
1688 1631 1888 1726 apostolicis
1901 1637 1954 1700 est

541 1779 723 1854 expressa,
743 1765 776 1828 et
792 1757 821 1828 si
839 1756 1007 1851 expedire
1028 1755 1202 1842 videritis,
1221 1757 1262 1828 G.
1284 1756 1329 1830 de
1346 1758 1451 1852 Nigro
1471 1758 1539 1830 sub
1562 1755 1686 1830 eadem
1709 1757 1841 1828 cautela
1866 1777 1953 1848 pro-

406 1919 413 1932 ·
539 1879 687 1974 positum
706 1887 861 1951 nostrum
880 1877 1036 1972 poteritis
1055 1880 1230 1970 revelare,
1250 1890 1287 1950 et
1309 1901 1388 1950 cum
1409 1878 1609 1952 eorumdem
1628 1879 1771 1950 oonsilio
1788 1878 1867 1948 aliis
1891 1875 1953 1948 de-

539 2002 629 2076 votis
644 2001 796 2074 Ecclesia
811 2000 878 2072 sub
895 2000 1017 2074 eadem
1033 2003 1169 2074 cautela
1182 2003 1437 2077 communicare
1454 2001 1605 2100 poteritis
1628 2002 1804 2094 negotium
1822 2022 1953 2095 supra-

539 2123 689 2214 dictum,
712 2123 760 2196 ita
783 2123 878 2216 qucd
906 2123 1027 2196 borum
1050 2123 1160 2216 adjuti
1189 2125 1339 2198 consiliis
1363 2134 1398 2198 et
1412 2125 1552 2198 auxiliis
1567 2125 1721 2198 Ecclesia
1737 2125 1952 2220 propositum
2097 2177 2100 2183 .

539 2245 680 2320 firmiter
704 2245 895 2318 roboretur.
925 2248 1036 2340 Super
1066 2247 1171 2320 naulo
1198 2247 1364 2336 uarium,
1388 2250 1564 2342 galearum
1590 2258 1625 2321 et
1651 2247 1862 2322 assariorum
1891 2267 1952 2340 pro

539 2367 753 2442 deducendis
770 2379 805 2442 et
819 2367 1028 2442 reducendis
1046 2370 1185 2463 prelatis
1200 2379 1238 2442 ct
1253 2371 1329 2444 aliia
1351 2372 1412 2466 qui
1429 2370 1476 2445 ad
1491 2372 1674 2444 concilium
1691 2382 1773 2444 sunt
1791 2371 1948 2458 venturi,

538 2500 638 2564 caute
662 2501 696 2564 et
719 2491 907 2586 prudenter
933 2493 1123 2566 lanuensea
1147 2491 1194 2566 ad
1220 2493 1452 2590 recipiendam
1483 2494 1693 2568 moderatam
1723 2496 1950 2588 quantitatem

539 2616 684 2709 pecunie
703 2615 919 2706 inducendo,
938 2623 972 2689 et
985 2625 1025 2690 ut
1038 2617 1223 2711 pecuniam
1240 2639 1304 2712 pro
1321 2619 1426 2692 naulo
1444 2617 1645 2690 solvendam
1663 2619 1700 2690 iu
1720 2640 1827 2712 reguo
1842 2619 1951 2690 Fran·

537 2761 656 2814 corum
671 2741 852 2836 recipiant,
872 2739 962 2814 detis
979 2762 1117 2836 operam
1137 2741 1324 2833 efficacem,
1341 2743 1399 2816 vel
1413 2743 1603 2837 accipiatur
1616 2750 1775 2816 mutuum
1788 2741 1855 2814 sub
1871 2763 1951 2815 cau·

537 2865 604 2938 tela
617 2873 651 2938 et
663 2863 874 2955 obligatione
888 2865 1097 2959 prelatorum
1107 2885 1177 2958 que
1194 2864 1368 2936 in-litteris
1384 2865 1508 2938 uostris
1521 2865 1738 2961 exprimitur,
1750 2865 1846 2960 quod
1854 2874 1949 2938 certo

538 2987 683 3060 tamine
700 2997 735 3060 ct
748 3008 863 3062 annue
881 2989 1109 3082 persolvatur.
1125 2988 1230 3060 Vobis
1247 2997 1363 3062 autem
1380 2988 1534 3062 districtc
1552 2987 1588 3060 in
1608 2987 1736 3061 virtute
1751 2987 1950 3062 obedientie

537 3108 758 3206 precipiendo
774 3109 981 3183 mandamus
995 3119 1169 3204 quatenus
1186 3109 1269 3184 huic
1288 3111 1424 3204 negotio
1439 3111 1488 3184 ita
1508 3109 1597 3184 dctis
1618 3131 1758 3206 operam
1774 3111 1949 3183 efficacem

536 3234 632 3328 quod
648 3233 861 3329 propositum
877 3241 1031 3306 nostrum
1048 3233 1163 3306 modis
1175 3233 1336 3306 omnibus
1349 3234 1494 3307 feliciter
1508 3243 1729 3308 consumetur
1743 3245 1778 3306 ct
1794 3235 1949 3308 Romana

537 3355 687 3428 Ecclesia
701 3356 891 3428 intentione
904 3378 968 3430 sua
982 3357 1179 3430 nullatenus
1192 3355 1429 3446 defraudetur,
1442 3358 1594 3430 maxime
1607 3379 1686 3430 eum
1701 3358 1841 3453 prelatis
1854 3379 1949 3430 man·

537 3478 660 3551 demus
672 3476 767 3570 quod
782 3497 844 3571 per
857 3499 977 3564 naves,
995 3479 1113 3570 galeas
1129 3487 1164 3551 et
1179 3479 1333 3552 uscerius
1346 3480 1569 3552 tennensium
1584 3480 1701 3553 eundo
1715 3490 1751 3552 et
1767 3477 1948 3552 redeundo

537 3600 716 3673 transitum
739 3621 900 3672 securum
916 3600 1114 3692 habebunt;
1138 3601 1237 3697 apud
1262 3623 1351 3696 quos
1378 3623 1441 3675 nos
1470 3601 1516 3676 de
1542 3601 1726 3676 mendacio
1752 3602 1852 3696 argui
1876 3623 1948 3674 nou

457 3807 459 3814 ‚
536 3731 683 3820 oportet.
701 3721 867 3795 Predictia
881 3722 984 3796 etiam
1002 3723 1200 3818 proponatis
1218 3723 1315 3817 quod
1337 3723 1383 3798 ad
1407 3724 1573 3798 honorem
1595 3725 1677 3816 Dei,
1703 3725 1947 3798 exaltationem

535 3847 687 3920 Ecclesia
703 3855 738 3919 et
751 3847 906 3941 ipsorum
926 3857 1130 3942 perpetuam
1146 3847 1337 3920 libertatem
1354 3857 1388 3920 et
1401 3870 1464 3922 sue
1478 3849 1628 3922 civitatis
1640 3857 1866 3942 augmentum
1879 3847 1948 3920 boc

535 3969 631 4066 quod
645 3970 772 4065 agitur,
793 3979 908 4042 actore
925 3969 1086 4061 Domino,
1100 3970 1297 4065 pertinebit.
1313 3971 1439 4044 Dicatis
1453 3973 1556 4045 etiam
1574 3971 1624 4044 eis
1636 3970 1821 4066 quodcum
1836 3972 1947 4066 aplu-

535 4094 631 4166 ribus
644 4093 846 4185 comitibus,
865 4091 1054 4166 baronibus
1070 4103 1105 4166 et
1122 4093 1201 4166 aliis
1214 4093 1389 4168 nobilibus
1404 4094 1489 4167 viris
1512 4105 1547 4168 et
1569 4093 1640 4167 fide
1659 4093 1774 4189 dignis
1791 4105 1947 4190 speretur

535 4217 630 4312 quod
650 4239 713 4311 per
730 4226 853 4288 terram
869 4215 990 4288 haberi
1014 4217 1121 4310 posuit
1144 4237 1287 4290 securus
1303 4217 1466 4290 transitus
1486 4218 1711 4313 prelatorum,
1732 4227 1847 4290 amen
1863 4217 1946 4311 quia

455 4401 458 4408 .
536 4339 734 4414 fiducialius
746 4359 927 4434 speramus
943 4337 988 4412 de
1006 4341 1197 4413 constantia
1218 4340 1299 4414 fidei
1322 4350 1357 4414 et
1378 4340 1561 4415 devotione
1578 4341 1821 4430 tennensium,
1836 4341 1945 4412 volu-

535 4486 613 4538 mus
638 4463 733 4558 quod
758 4484 806 4536 ax
828 4461 895 4536 hoe
917 4461 984 4557 ipsi
1006 4463 1117 4555 magis
1141 4473 1396 4559 consequantur
1412 4463 1590 4538 honorem.
1609 4463 1766 4536 Preterea
1782 4462 1944 4536 noveritis

535 4585 630 4682 quud
645 4586 768 4680 legato
796 4584 939 4658 Francia
963 4594 998 4658 et
1021 4585 1097 4658 aliis
1123 4586 1219 4682 apud
1242 4608 1331 4682 quos
1352 4589 1499 4683 pecunia
1524 4587 1676 4660 Ecclesia
1697 4595 1941 4673 conservatur,

535 4709 761 4805 quantitatem
783 4729 889 4803 quam
913 4717 973 4800 tu,
1003 4707 1052 4781 lili
1075 4710 1132 4803 G,
1156 4709 1300 4784 duxeris
1328 4713 1395 4785 tuis
1417 4713 1538 4786 litteris
1554 4709 1836 4808 exprimendam,
1856 4708 1944 4782 solvi
