4374 6010
548 615 609 680 846
1051 625 1265 690 ruinnaldi
1289 625 1463 688 SECUNDI
1767 627 1847 708 [Am.
1865 628 1951 690 124⁰.

545 755 659 842 preter
679 749 815 824 solitum
834 755 981 847 profusis
1006 757 1166 852 lacrymis
1182 757 1338 830 exoravit
1354 767 1393 830 ut
1410 765 1529 830 contra
1549 777 1615 828 nos
1636 777 1773 830 crucem
1798 781 1952 832 assume·

544 879 636 962 rent,
657 872 693 942 in
712 895 776 948 sua
799 877 1034 969 predicatione
1050 883 1212 956 mentitus
1228 881 1324 976 quod
1342 901 1406 956 nos
1424 879 1471 956 ad
1486 879 1700 954 eversionem
1716 882 1871 954 Romane
1888 884 1952 956 Ec·

543 993 646 1065 clesie
668 1017 711 1068 ac
733 999 956 1074 violationem
974 1024 1150 1076 sacrarum
1175 1004 1397 1098 reliquiarum
1419 1003 1693 1078 beatissimorum
1718 1006 1951 1099 apostolorum

541 1113 630 1186 Petri
647 1128 682 1189 et
702 1119 798 1192 Pauli
816 1122 1002 1216 procedere
1020 1125 1228 1208 nitebamur.
1244 1127 1395 1200 Excusat
1412 1126 1517 1220 igitm
1534 1137 1628 1201 recto
1641 1126 1774 1218 judicio
1792 1129 1951 1220 magnifi-

542 1240 653 1313 centia
674 1242 770 1336 regia
792 1255 923 1318 motum
947 1255 1101 1320 nostrum
1127 1249 1173 1322 ad
1196 1271 1300 1344 quem
1327 1271 1390 1322 nos
1412 1250 1603 1326 adversarii
1623 1250 1730 1322 nostri
1754 1252 1950 1344 malignitas

540 1361 676 1456 impulit
699 1375 734 1437 et
761 1368 936 1460 quemad
963 1371 1236 1444 conservandum
1264 1393 1334 1444 non
1358 1373 1470 1467 magis
1498 1373 1634 1468 imperii
1660 1395 1767 1468 quum
1793 1376 1949 1448 omnium

539 1507 660 1580 regum
675 1497 709 1560 et
722 1489 916 1585 principum
930 1500 1019 1565 terre
1033 1492 1142 1566 decus
1151 1494 1284 1586 justitia
1297 1495 1481 1588 persuasit.
1497 1497 1635 1590 Vosque
1647 1517 1710 1590 pre
1724 1496 1846 1570 ceteris
1856 1497 1949 1570 orbis

538 1612 678 1706 regibus
694 1635 834 1686 causam
852 1618 1004 1688 nostram
1020 1626 1116 1690 tanto
1132 1619 1329 1692 ferventiori
1348 1621 1466 1694 lavore
1486 1619 1620 1694 debetis
1635 1642 1810 1693 assumere
1833 1630 1947 1696 laoto-

538 1753 608 1826 que
623 1736 778 1808 securius
796 1739 992 1831 confovere,
1012 1749 1143 1834 quanto
1153 1743 1250 1814 velut
1263 1743 1368 1816 totius
1385 1744 1500 1817 oneris
1513 1753 1548 1816 et
1565 1742 1705 1818 honoris
1720 1745 1826 1816 nostri
1839 1746 1948 1840 parti·

537 1859 631 1954 cipes
652 1881 693 1931 ac
715 1881 778 1955 per
798 1883 861 1934 nos
879 1861 926 1935 ad
948 1862 1090 1936 istarum
1109 1862 1196 1962 (sic)
1215 1866 1369 1938 omnium
1386 1867 1608 1942 moderamen
1632 1867 1662 1938 si
1685 1867 1774 1940 bene
1798 1867 1947 1942 recolitis

536 1981 750 2056 confidenter
766 1986 931 2080 assumpti
949 1995 983 2058 et
997 1987 1043 2060 ab
1058 1985 1206 2062 adversa
1219 1997 1315 2084 parte
1329 1991 1530 2086 contempti,
1546 1990 1776 2064 innocentiam
1793 2001 1946 2064 nostram

535 2115 569 2178 et
594 2106 729 2200 imperii
754 2110 859 2182 nostri
875 2110 1041 2202 justitiam
1066 2111 1196 2208 puriori
1219 2113 1292 2186 zelo
1314 2136 1357 2186 ac
1377 2114 1552 2190 sinceriori
1575 2115 1717 2210 potestis
1735 2117 1946 2190 conscientia

534 2229 717 2302 contovere
735 2227 799 2326 (a).

581 2355 707 2426 Datum
726 2354 886 2444 viterbii,
902 2357 979 2430 xvi
997 2359 1127 2450 martii,
1145 2361 1223 2432 Xlll
1238 2360 1448 2434 indictionis.

584 2921 762 3009 Mandata
781 2923 831 3006 ad
846 2922 1092 3034 justitiarirnn
1112 2925 1355 3034 Capitanatue
1376 2937 1415 3010 et
1431 2928 1481 3012 ad
1498 2927 1745 3038 compalatios
1763 2927 1940 3036 Neapolis

572 3137 616 3221 (a)
636 3143 730 3203 Totus
747 3141 797 3203 hic
807 3143 890 3204 loeus
903 3160 922 3204 a
935 3145 1025 3206 verbo
1037 3145 1164 3207 Ecaeret
1178 3163 1272 3223 usqne
1286 3145 1427 3207 adfinem
1444 3147 1477 3207 ln
1495 3147 1673 3207 chartulario
1685 3145 1939 3206 Romersdcriensi

530 3247 644 3308 diverso
660 3249 846 3324 exprimitur,
867 3250 1004 3312 videlicet
1024 3268 1032 3309 ε
1051 3253 1216 3330 «Exurgat
1238 3255 1328 3330 igitur
1348 3255 1459 3314 invicta
1482 3253 1657 3328 Ger-manin,
1681 3253 1816 3329 exurgite
1836 3251 1938 3326 populi

531 3370 548 3411 a
562 3354 786 3426 Germanorum,
800 3361 935 3416 nostmm
949 3356 1035 3418 nobis
1047 3357 1213 3418 defendatis
1228 3360 1395 3434 imperium,
1410 3375 1464 3434 per
1475 3359 1557 3436 quod
1575 3357 1720 3418 invidiam
1732 3356 1867 3417 omnium
1879 3371 1938 3416 na-

530 3459 692 3530 ntionum,
715 3459 892 3538 dignitatum
913 3464 1047 3522 omnium
1068 3470 1098 3522 et
1118 3464 1222 3546 mundi
1242 3464 1443 3524 monarchiam
1464 3463 1617 3537 obtinetis,
1639 3462 1720 3542 quod
1740 3462 1847 3536 edam,
1865 3466 1936 3520 uta

530 3579 546 3618 a
561 3563 646 3624 vobis
659 3570 741 3624 tante
754 3565 966 3643 magnitudinis
979 3569 1174 3644 principatum
1189 3586 1309 3646 presens
1322 3569 1450 3630 Ecclesia
1466 3569 1598 3646 pontifex
1612 3571 1644 3628 in
1659 3572 1833 3646 perpetuum
1846 3565 1933 3626 abdi·

530 3686 546 3725 a
561 3676 650 3742 caret,
664 3669 790 3730 Romani
804 3679 949 3747 sceptrum
963 3675 1078 3750 imperil
1092 3673 1211 3751 regibus
1225 3674 1348 3752 singulis
1361 3675 1484 3751 optulit,
1500 3681 1530 3733 et
1547 3676 1632 3750 quasi
1647 3675 1796 3750 proprium
1809 3672 1933 3730 remisit.

530 3792 546 3831 a
560 3773 621 3835 Nec
634 3781 733 3836 tamen
745 3769 788 3837 sic
806 3777 844 3836 ad
857 3793 911 3837 vos
921 3777 1126 3838 transierimus
1138 3781 1284 3840 sarcinam
1298 3787 1332 3840 ut
1345 3795 1399 3840 nos
1411 3783 1506 3854 ipsam
1521 3781 1662 3839 anostris
1676 3783 1705 3836 et
1718 3775 1850 3836 fidelium
1863 3792 1933 3835 nos·

530 3885 674 3942 atrorum
691 3881 822 3944 humeris
835 3881 1013 3944 abdicemus.
1030 3883 1092 3945 Nos
1110 3887 1188 3945 enlm
1209 3889 1260 3962 qut
1281 3901 1333 3962 pre
1353 3887 1459 3945 ceteris
1478 3883 1729 3961 predecessoribus
1748 3883 1856 3942 nocuis
1872 3879 1933 3940 ito·

528 4003 545 4042 n
560 3989 656 4046 manis
669 3987 821 4049 Cesaribus
834 3989 873 4049 ab
886 3991 1009 4066 imperio
1023 3989 1166 4052 beneficia
1179 3996 1290 4070 majora
1302 3993 1498 4070 percepimus,
1514 3991 1586 4050 dum
1600 4005 1656 4052 nos
1669 3995 1699 4050 et
1710 3987 1788 4048 illos
1801 3991 1930 4064 nostms,

528 4091 657 4154 »adhuc
676 4094 810 4154 lactentis
833 4097 919 4156 etatis
938 4101 968 4156 et
990 4097 1123 4157 nondum
1144 4097 1237 4158 ierom
1258 4097 1399 4174 puberes,
1416 4095 1597 4174 principibus
1613 4096 1680 4156 eliis
1697 4093 1874 4169 pretulistis,
1897 4097 1932 4152 ut

527 4214 678 4260 »causam
699 4205 827 4260 vestram
846 4208 876 4260 et
895 4200 986 4262 decus
1008 4203 1124 4278 imperil
1138 4208 1285 4275 tueamur,
1303 4218 1461 4280 pomonam
1477 4207 1608 4262 nostram
1635 4199 1719 4260 vobis
1736 4199 1928 4274 exponimus,

527 4322 543 4361 a
557 4307 640 4383 regni
656 4309 748 4366 nostri
761 4305 856 4366 Sicilie
868 4314 1000 4368 materne
1018 4310 1209 4370 successionis
1226 4309 1354 4370 erarium
1374 4310 1536 4386 aperimus,
1551 4305 1624 4366 adeo
1642 4303 1723 4382 qnod
1736 4305 1762 4364 si
1774 4318 1827 4379 pro
1845 4301 1931 4362 vobis

526 4417 587 4470 cst
600 4413 722 4488 imperio
736 4419 869 4474 nostrum
885 4413 1038 4474 effundere
1051 4417 1239 4493 sanguinem,
1254 4421 1285 4476 et
1297 4417 1390 4476 dmm
1408 4419 1553 4492 oporteret
1566 4410 1730 4489 expendere
1747 4425 1800 4486 pro
1815 4407 1928 4467 exalta-

525 4534 542 4572 s
556 4517 636 4576 tione
649 4516 775 4577 Romani
788 4521 915 4580 nominis
935 4525 964 4580 ct
982 4519 1137 4582 Germanic
1151 4523 1348 4600 principatus,
1362 4521 1438 4580 morl
1456 4517 1603 4580 credimus
1617 4521 1771 4578 strennum
1786 4521 1816 4574 et
1828 4517 1929 4572 vivere

523 4621 725 4700 »gloriosum

563 4727 705 4790 »Datum
718 4727 854 4806 Vltsrbll,
871 4729 940 4792 XVI
955 4735 1064 4807 martii,
1080 4731 1155 4794 Xill
1168 4731 1347 4794 indictionis.
1361 4751 1377 4790 a
