4564 6038
283 703 383 764 lrtnrtr.
402 702 462 784 lab]
732 701 930 763 HISTORIA
958 701 1254 764 ntt’tottatttct.
1626 705 1700 766 1211

286 841 361 908 tum
385 834 431 907 ad
450 835 516 908 boc
535 837 710 928 negotium
737 837 903 930 pertinet,
928 837 964 907 in
981 857 1045 910 vos
1063 836 1357 927 transfundimus,
1378 847 1416 908 nt
1439 837 1489 908 sic
1515 839 1649 912 facilius
1669 849 1705 913 et

287 957 463 1030 efficacius
487 960 663 1050 negotium
680 960 832 1032 Ecclesia
849 967 968 1032 contra
993 959 1166 1054 predictos
1190 962 1346 1034 Tartaros
1364 970 1602 1056 pertractetur.
1620 964 1704 1036 ltam

287 1083 449 1154 volumus
472 1092 511 1154 nt
534 1083 787 1156 ordinationem
811 1083 944 1157 domini
973 1083 1065 1176 regis
1089 1083 1134 1156 de
1160 1105 1246 1179 paco
1266 1083 1438 1156 servanda
1459 1086 1589 1178 populo
1613 1108 1704 1158 nun·

287 1205 390 1278 tietis.
413 1204 539 1278 Statuit
559 1207 652 1278 enim
668 1206 829 1280 dominns
852 1228 916 1279 rex
938 1215 978 1278 nt
1001 1227 1062 1300 per
1084 1215 1190 1278 totam
1209 1207 1434 1280 'theutoniam
1455 1229 1527 1302 pax
1549 1207 1649 1282 firma
1669 1219 1704 1282 et

285 1329 419 1402 sincera
436 1352 549 1423 usque
565 1330 611 1404 ad
624 1331 752 1403 testum
768 1331 859 1403 beati
877 1330 1016 1403 Martini
1033 1330 1201 1424 presentis
1216 1331 1297 1404 anni
1315 1331 1361 1404 ab
1376 1331 1538 1403 omnibus
1556 1331 1702 1406 inviola-

283 1451 399 1522 biliter
415 1453 637 1544 observatum
654 1453 750 1547 qnod
770 1455 798 1524 si
822 1455 949 1548 aliquis
966 1454 1118 1547 aliquem
1134 1455 1412 1546 crucesignatum
1434 1450 1470 1526 in
1487 1475 1632 1548 persona
1645 1456 1701 1530 vel

282 1574 320 1645 in
341 1576 446 1648 rebus
469 1577 607 1670 propria
627 1577 829 1651 anctoritate
848 1577 983 1668 leserit,
1009 1577 1163 1650 decrevit
1187 1577 1349 1650 dominns
1367 1599 1432 1649 rex
1454 1578 1549 1670 qnod
1573 1579 1702 1650 situlis

283 1719 345 1794 per
358 1700 417 1772 llll
434 1699 580 1774 idoneos
595 1709 700 1773 testes
720 1701 879 1772 convinci
899 1709 1010 1795 potest
1025 1700 1072 1773 da
1085 1701 1230 1792 objectis
1245 1701 1464 1792 criminibus,
1485 1702 1557 1775 vita
1572 1703 1703 1797 pariter

285 1831 320 1894 ot
332 1823 454 1914 rebus,
475 1833 640 1918 tanquam
663 1826 879 1898 scismaticus
897 1834 932 1897 et
952 1825 1145 1898 destructor
1164 1825 1334 1910 Ecclesia,
1352 1826 1530 1918 puniatur;
1556 1826 1701 1918 quodsi

284 1947 372 2020 forte
395 1946 608 2042 deprehendi
631 1971 699 2022 non
727 1959 858 2044 potest,
884 1950 1047 2020 infamem
1073 1960 1187 2021 tamen
1212 1959 1246 2020 et
1268 1949 1486 2041 illegitimum
1514 1949 1560 2022 ad
1581 1971 1702 2022 omnes

284 2069 456 2164 legitimas
475 2072 640 2164 actiones,
656 2082 691 2145 et
708 2081 747 2143 ut
766 2072 884 2145 omnia
902 2073 993 2146 bona
1012 2094 1076 2145 sna
1099 2073 1316 2167 applicentur
1334 2070 1418 2143 fisco
1439 2073 1551 2165 regio,
1574 2081 1701 2147 statuto

286 2213 350 2264 sno
368 2215 479 2289 nuper
498 2195 651 2268 decrevit
668 2196 704 2266 in
717 2195 902 2289 Ezelingen
921 2195 967 2268 dc
991 2195 1136 2281 coneilio
1149 2195 1346 2292 principum
1363 2197 1592 2290 promulgato.
1611 2199 1701 2272 Sane

286 2337 363 2388 cnm
378 2317 472 2390 dicat
487 2319 664 2415 Scriptura
681 2344 690 2388 ε
706 2347 723 2384 α
742 2320 828 2392 Cum
844 2321 1045 2414 ignoremus
1055 2319 1143 2412 qnid
1161 2341 1265 2412 agere
1284 2319 1488 2411 debeamus,
1506 2319 1572 2392 hoc
1588 2323 1700 2394 solum

282 2440 413 2513 residui
425 2443 593 2516 babemus
610 2453 651 2516 nt
665 2445 784 2517 oculos
802 2451 936 2516 nostros
948 2444 995 2516 ad
1004 2443 1191 2515 Dominum
1206 2443 1399 2537 dirigamus
1410 2469 1444 2535 n,
1458 2444 1643 2516 statuimus
1661 2455 1701 2517 nt

283 2564 330 2636 ad
344 2566 552 2658 placandum
572 2569 755 2640 Dominum
777 2567 949 2641 orationes
965 2579 1000 2640 et
1022 2566 1258 2661 processiones
1273 2564 1358 2638 liant
1373 2567 1408 2637 in
1425 2575 1540 2639 nostra
1557 2567 1699 2662 dyocesi

283 2690 427 2764 subhac
443 2692 553 2765 torma
569 2717 578 2760 ι
599 2693 635 2764 in
650 2693 806 2786 qnalibet
823 2692 928 2764 missa
946 2691 1106 2762 vivorum
1121 2699 1198 2784 post
1214 2690 1336 2782 Agnus
1353 2690 1428 2776 Dei,
1447 2699 1526 2762 ante
1542 2712 1698 2764 commu·

284 2814 443 2904 nionem,
474 2815 610 2888 dicatur
643 2818 829 2910 psalmus:
862 2818 951 2887 neos
980 2824 1138 2885 venerant
1169 2824 1299 2906 pantes,
1329 2812 1431 2884 flexis
1464 2813 1631 2905 genibus,
1663 2824 1699 2888 et

284 2939 501 3036 kyrieleyson
512 2939 642 3012 Christe
652 2941 805 3034 eleyson,
821 2939 920 3010 Pater
936 2947 1051 3010 noster
1064 2947 1098 3009 et
1113 2937 1279 3010 collecta:
1298 2939 1384 3008 Deus
1401 2959 1424 3007 o
1441 2955 1503 3028 qao
1520 2960 1619 3008 socru
1636 2938 1698 3010 dc-

282 3063 423 3153 sidorr'a,
435 3063 578 3158 pulsatis
596 3063 738 3156 insuper
755 3074 808 3134 ter
828 3062 1016 3156 campanis.
1034 3063 1120 3132 ltom
1136 3062 1300 3132 volumus
1313 3059 1585 3148 emendamus,
1607 3061 1698 3132 utin

282 3187 437 3279 qnalibet
449 3197 550 3260 sexta
568 3187 653 3260 feria
671 3186 827 3281 quelibet
848 3184 1085 3258 conventualis
1102 3184 1249 3256 ecclesia
1266 3184 1355 3254 inira
1369 3191 1466 3278 septa
1481 3205 1544 3254 sna
1560 3205 1699 3278 prooes-

280 3309 414 3384 sionom
429 3313 531 3384 saciat
547 3333 628 3384 cnm
641 3312 700 3383 llll
717 3310 860 3405 psalmis
872 3318 906 3381 et
923 3309 1065 3380 missam
1076 3305 1182 3397 dicat,
1195 3307 1285 3378 hanc
1299 3306 1430 3378 scilicet
1442 3332 1451 3376 ι
1463 3307 1564 3378 Salas
1577 3309 1697 3401 populi

281 3456 338 3528 epo
353 3457 439 3507 snm.
461 3437 496 3507 Si
514 3457 598 3508 vero
616 3437 741 3508 festum
763 3435 799 3506 in
818 3433 902 3505 teria
918 3443 1018 3504 sexta
1038 3431 1243 3521 occurrerit,
1265 3431 1436 3525 processio
1454 3429 1514 3502 fiat
1538 3432 1574 3502 in
1596 3433 1697 3504 tertia

278 3560 336 3631 vel
356 3567 480 3654 quarta
504 3560 590 3632 laria
612 3558 835 3654 precedente,
857 3567 892 3628 et
916 3565 955 3627 ut
970 3555 1138 3627 Dominus
1162 3554 1230 3625 hiis
1254 3554 1411 3647 placatus
1435 3555 1481 3626 ab
1504 3553 1697 3627 imminenti

280 3683 434 3777 periculo
450 3683 572 3756 liberet
592 3684 759 3778 populum
780 3681 1006 3753 christianum
1026 3705 1035 3748 r
1056 3680 1131 3750 Nisi
1148 3677 1233 3770 qnod
1250 3677 1451 3770 redemptor,
1471 3687 1538 3750 eto.
1560 3679 1596 3748 Si
1617 3679 1697 3772 quis

282 3807 388 3898 igitur
400 3829 463 3901 pro
482 3806 681 3880 defensione
696 3804 846 3878 nominis
860 3803 1037 3876 christiani
1054 3811 1089 3875 et
1102 3823 1202 3896 paco,
1216 3823 1280 3896 pro
1293 3821 1435 3873 snorum
1450 3801 1602 3874 remedio
1615 3824 1696 3896 pec·

280 3941 449 4017 catorum,
465 3940 499 4004 et
514 3941 553 4002 nt
567 3931 705 4002 demum
718 3950 740 4000 a
755 3929 885 4022 populo
897 3927 1113 4021 supplicante
1126 3925 1400 4019 propitiationem
1415 3945 1514 3996 suam
1529 3925 1696 3996 Dominus

279 4075 350 4126 non
372 4054 544 4144 abscidat,
573 4051 804 4145 crucesignari
827 4051 978 4123 volucrit
1000 4058 1118 4122 contra
1139 4051 1297 4120 Tartarus
1325 4045 1541 4135 maledictos,
1563 4068 1627 4119 nos
1649 4047 1696 4120 de

278 4179 521 4274 omnipotentis
536 4177 599 4250 Dei
616 4175 851 4248 misericordia
874 4184 908 4248 et
934 4175 1026 4246 beati
1042 4173 1180 4247 lllartini
1206 4169 1327 4244 confisi
1343 4192 1407 4266 pro
1432 4170 1594 4242 omnibns
1616 4193 1696 4266 pec·

278 4305 363 4374 catis
391 4303 464 4375 suis
489 4301 534 4375 de
557 4302 687 4396 quibus
706 4321 790 4373 vere
820 4299 987 4371 contritus
1008 4297 1112 4370 luerit
1139 4303 1173 4369 et
1199 4297 1394 4384 confessus,
1428 4293 1552 4365 damus
1579 4293 1695 4367 eidem

273 4449 432 4515 crucem,
447 4425 624 4498 devotioni
641 4434 755 4498 vestre
774 4422 979 4496 mandantes
1001 4430 1040 4492 nt
1054 4429 1088 4492 et
1102 4440 1165 4492 vos
1182 4419 1261 4492 vice
1281 4426 1398 4492 nostra
1416 4417 1529 4490 crucis
1550 4417 1695 4512 gloriam

277 4550 478 4644 predicetis,
505 4561 540 4622 et
561 4550 703 4644 signetis
730 4569 789 4620 eos
815 4546 876 4640 qni
902 4543 1100 4618 desiderant
1124 4543 1266 4634 signum
1286 4541 1412 4614 crucis.
1437 4541 1475 4612 Si
1497 4562 1580 4613 vero
1602 4542 1695 4613 Dens

277 4673 480 4746 amoverita
496 4672 596 4745 nubis
610 4681 746 4764 gentem
763 4669 907 4760 dictam,
924 4667 972 4739 ita
989 4676 1031 4738 ut
1043 4665 1225 4738 conllictns
1240 4686 1310 4736 non
1325 4665 1370 4736 sit
1384 4664 1601 4736 necessarius
1614 4685 1695 4738 cum

278 4793 413 4886 eadem,
432 4795 595 4868 volumus
617 4802 654 4865 nt
678 4813 783 4888 snper
803 4791 1055 4865 absolutionem
1071 4811 1142 4884 qua
1160 4789 1208 4862 ad
1220 4791 1409 4862 Romanam
1427 4787 1546 4860 sedem
1562 4787 1694 4883 specia-
