4468 6010
242 683 334 740 laum.
353 675 414 758 la}
687 673 884 736 nrsronln
911 667 1204 736 ulruollnrlcll.

295 1218 518 1303 Mandatum
545 1219 593 1301 ad
623 1217 906 1330 llaynaldinum
934 1220 983 1302 de
1012 1217 1200 1301 Panormo
1228 1215 1277 1297 de
1306 1211 1498 1323 leopardis
1527 1211 1656 1295 curiae
1773 1209 1801 1252 ⁸⁹

245 1375 364 1460 usque
380 1351 628 1434 luuoducum
646 1350 843 1434 ducendis.

322 1549 453 1633 (liccat.
467 1553 572 1632 imper.
584 1549 701 1614 stada.
717 1552 759 1630 11,
773 1550 825 1614 fol.
843 1561 879 1614 el
894 1569 996 1627 nerem
1010 1554 1042 1614 lu
1054 1551 1127 1614 edit.
1143 1551 1280 1622 caream,
1295 1566 1327 1628 p.
1344 1548 1428 1626 ³41.)

291 1718 474 1792 Mandane
484 1721 615 1793 domino
624 1723 821 1815 imperatore
829 1743 892 1814 per
902 1721 1101 1815 nmpistrum
1112 1717 1358 1812 Repperiumde
1371 1717 1513 1790 Camere
1525 1717 1657 1812 scripsit

247 1845 449 1937 responsales
466 1845 598 1916 lictercs
614 1847 792 1940 Repperics
811 1844 851 1915 de
867 1843 1005 1916 Seleuco
1022 1867 1035 1913 :

291 1967 506 2058 fredericus,
522 1979 604 2057 ete,
619 1967 835 2064 Raynaldiuo
850 1967 895 2042 de
906 1966 1087 2052 Panormo,
1104 1981 1170 2038 etc.
1188 1965 1341 2058 Benigne
1354 1963 1483 2059 recepit
1494 1963 1658 2037 serenitas

247 2099 361 2163 nostra
379 2091 515 2164 listerus
538 2101 616 2164 tuas
638 2101 673 2164 et
691 2090 876 2182 diligenter
899 2091 1134 2164 intelleximus
1154 2087 1346 2182 significata
1366 2087 1535 2183 ipsarum,
1558 2098 1657 2160 tuum

245 2209 398 2282 studium
417 2211 454 2282 iu
469 2212 595 2284 uostris
610 2211 759 2284 servitiis
773 2209 1073 2296 commendantem
1090 2219 1124 2282 et
1141 2209 1223 2304 quia
1241 2206 1421 2302 leopardos
1440 2229 1529 2302 quos
1544 2215 1657 2280 tecum

245 2331 350 2405 habes
370 2333 534 2406 volumus
554 2334 684 2409 habere
701 2335 901 2424 uobiscum,
923 2333 1079 2408 lidelitati
1101 2341 1161 2406 tue
1179 2329 1386 2404 mandamus
1406 2342 1579 2426 quatenus
1599 2353 1659 2404 re-

245 2456 350 2552 ceptis
366 2455 433 2551 hys
453 2457 580 2531 lictoris
597 2457 705 2531 ducas
721 2459 906 2554 leopardos
920 2457 1013 2552 ipsos
1028 2478 1139 2550 usque
1163 2455 1403 2546 lutroducum,
1424 2477 1466 2527 ac
1481 2455 1509 2526 si
1529 2454 1658 2528 ubiude

246 2601 364 2652 secure
385 2582 506 2653 venire
527 2583 675 2678 poteris,
701 2581 747 2656 ad
775 2583 981 2679 presentiam
1004 2591 1154 2654 nostrum
1177 2591 1212 2654 te
1232 2581 1388 2654 conseras
1407 2601 1485 2651 cum
1509 2579 1655 2652 eisdem.

245 2702 344 2788 Quod
356 2705 388 2776 si
404 2705 491 2777 forte
504 2705 634 2778 deiude
652 2706 698 2778 ad
714 2728 778 2778 uos
794 2727 937 2778 securus
948 2727 1017 2778 uun
1033 2726 1151 2800 posses
1169 2705 1288 2778 venire
1302 2725 1381 2775 cum
1400 2703 1496 2798 ipsis,
1515 2705 1658 2777 moreris

246 2824 374 2899 ibidem
394 2827 595 2922 significans
610 2828 711 2900 uobis
732 2827 922 2902 adveutum
943 2837 1043 2900 tuum
1064 2838 1100 2901 et
1121 2850 1184 2900 uos
1207 2826 1450 2900 mundabimus
1466 2826 1526 2898 tibi
1544 2837 1659 2900 nostre

244 2950 494 3046 beneplacitum
514 2953 713 3026 voluntatis.

294 3077 417 3147 Datum
434 3075 588 3168 Fuligui,
606 3077 651 3148 Vl
666 3077 844 3166 februarii,
863 3077 939 3149 Xlll
954 3075 1163 3150 indictionis.

298 3639 477 3724 ltlauduta
507 3641 558 3724 ad
583 3642 865 3750 Alexandrum,
892 3641 1014 3726 lilium
1042 3642 1209 3746 Bennoi,
1240 3643 1451 3726 dedendis
1482 3645 1656 3754 expensis

248 3797 315 3879 pro
332 3774 442 3883 equis
458 3774 642 3857 ducendis
660 3785 698 3858 et
714 3775 874 3858 canibus
887 3775 1027 3858 curies.

310 3931 460 4055 'tneque
475 3975 576 4055 smper.
592 3973 711 4038 nece.
727 3977 772 4052 11,
787 3977 840 4038 nr.
856 3986 894 4038 ee
911 3982 1007 4052 reeta
1022 3977 1054 4038 n
1069 3975 1141 4036 sert.
1157 3974 1294 4052 cerea,
1309 3993 1340 4054 p.
1358 3975 1443 4056 an.)

294 4147 340 4217 lle
355 4147 515 4218 motato
529 4150 684 4240 mupistri
699 4151 741 4220 ll.
762 4148 802 4219 dc
820 4149 967 4241 Trcjecto
982 4149 1113 4242 scalpsit
1127 4149 1169 4218 P.
1189 4147 1229 4218 dc
1247 4147 1365 4241 Capua
1382 4175 1394 4218 .·

294 4269 514 4362 fredericus,
544 4282 627 4363 elo,
654 4271 852 4346 Alexandro
876 4271 946 4344 lilio
967 4273 1122 4364 ilenrici,
1148 4281 1214 4345 etc.
1245 4271 1311 4346 Pro
1338 4272 1463 4347 dandis
1493 4274 1656 4368 expensis

247 4392 386 4467 Nicolao
403 4393 451 4466 de
465 4396 578 4468 Trana
595 4405 630 4468 et
643 4418 705 4490 pro
717 4398 816 4490 equis
828 4419 917 4493 quos
933 4396 979 4470 ad
991 4398 1121 4470 curium
1139 4405 1291 4470 noenum
1307 4394 1441 4492 pridem
1458 4395 1540 4470 duci
1555 4419 1654 4470 mau-

248 4513 425 4605 davimus,
447 4518 509 4590 libi
525 4519 658 4592 misisse
679 4521 863 4594 recolimus
876 4523 1001 4616 scripta
1015 4529 1145 4594 nostre.
1166 4521 1251 4592 Cum
1272 4519 1378 4614 igitur
1397 4520 1542 4592 velimus
1559 4521 1654 4615 quod

248 4639 327 4730 erui
346 4639 413 4734 ipsi
431 4662 511 4713 eum
529 4643 724 4716 festinantia
740 4642 786 4716 ad
808 4667 872 4717 uos
891 4643 1063 4717 ducantur
1078 4644 1124 4716 ad
1138 4664 1298 4738 presens,
1320 4641 1476 4716 fidelitati
1497 4653 1556 4717 tue
1575 4667 1673 4739 pre-.

250 4759 408 4855 cipieudo
425 4765 632 4840 mandamus
646 4779 817 4863 quatenus
830 4779 899 4842 lam
922 4790 1027 4862 super
1049 4767 1175 4842 duudis
1194 4768 1357 4862 expensis
1380 4765 1493 4840 eidem
1517 4768 1655 4841 Nicolao

327 4885 363 4947 V.
384 4901 472 4948 rma.
1478 4897 1514 4950 93
