4564 6038
427 4713 502 4766 Junlo.

603 691 682 754 area
1127 689 1308 750 rounam
1334 689 1486 762 ounnrr
1819 695 1899 776 [nn
1917 699 2000 760 raro

600 847 706 921 qnam
718 823 858 898 domino
872 833 907 896 at
917 825 1004 919 patri
1017 833 1133 897 vestro
1146 823 1272 897 devote
1284 824 1351 896 sibi
1364 833 1400 897 et
1413 825 1631 900 concorditer
1639 827 1686 900 ad
1694 827 1860 901 bonorem
1870 831 2002 926 imperii

600 947 806 1036 intendatis,
829 958 960 1020 certum
980 947 1149 1020 babentes
1168 945 1264 1040 qnod
1287 969 1352 1042 pro
1373 949 1489 1022 lavore
1504 971 1609 1043 quem
1628 950 1695 1046 ipsi
1711 951 1866 1043 gerimus
1882 953 2003 1030 adesa

599 1071 700 1144 vobis
716 1071 869 1163 graciam
881 1081 1031 1144 nostram
1047 1070 1083 1140 in
1099 1069 1224 1142 vestris
1239 1068 1527 1164 oportunitatibus
1541 1073 1772 1146 favorabiliter
1788 1075 1955 1150 sentiatis.

648 1195 774 1268 Datum
790 1192 885 1289 apud
899 1191 1148 1287 Nordelingen‚
1163 1193 1328 1266 vicesimo
1342 1195 1444 1286 maii,
1459 1195 1538 1268 Xlll
1556 1195 1758 1272 indictione.

653 1696 868 1799 Conradus,
893 1698 933 1779 in
954 1697 1213 1781 Romanorum
1237 1698 1550 1807 regemelectus,
1575 1697 1624 1780 ad
1650 1697 1871 1780 instantiam
1894 1694 1998 1807 Ege-

599 1829 710 1912 nonis
731 1829 965 1912 brixinensis
986 1829 1113 1934 electi,
1135 1829 1361 1912 sententiam
1379 1830 1418 1911 in
1441 1829 1548 1912 curia
1565 1855 1635 1912 sua
1652 1829 1771 1912 latam
1785 1827 2000 1938 promulgat

597 1962 702 2070 quod
720 1961 815 2043 nulli
834 1959 980 2042 licitum
999 1961 1047 2042 sit
1064 1959 1245 2068 praebere
1261 1962 1493 2044 conductum
1504 1985 1571 2068 per
1590 1971 1728 2043 terram
1742 1960 1863 2069 ipsius
1880 1959 1996 2066 electi,

595 2093 760 2199 exceptis
791 2093 1017 2200 imperatore
1047 2103 1084 2174 et
1113 2118 1224 2202 rege,
1259 2093 1332 2175 nisi
1363 2094 1411 2176 de
1439 2092 1621 2202 praedicti
1650 2092 1757 2176 electi
1785 2091 1937 2175 licentia
1965 2102 1999 2173 et

595 2247 767 2309 assensu.

678 2439 803 2520 (laedit.
818 2455 856 2500 ex
869 2455 935 2517 cop.
949 2437 1120 2500 aumantlea
1135 2439 1284 2516 quondam
1298 2455 1318 2500 a
1331 2439 1442 2500 barum
1458 2439 1496 2501 do
1513 2439 1662 2518 Hormayr
1674 2441 1845 2500 tammum
1860 2439 1997 2516 nobban

715 2543 872 2606 liberaliter
885 2561 903 2604 a
917 2544 1078 2605 Boehmero
1090 2545 1331 2624 communicato.)

644 2725 822 2801 Conradus
838 2725 910 2798 divi
925 2728 1062 2820 augusti
1085 2729 1298 2822 imperatoris
1312 2728 1473 2801 Friderici
1493 2725 1601 2820 filins,
1619 2728 1681 2800 Dei
1697 2729 1813 2819 gracia
1831 2727 1997 2800 llomano·

594 2873 670 2923 rum
696 2851 732 2922 in
755 2871 870 2941 regem
891 2851 1038 2936 clectus,
1058 2871 1194 2946 semper
1216 2860 1386 2945 augustus
1407 2861 1441 2923 et
1462 2851 1561 2924 beree
1584 2853 1682 2946 regni
1699 2851 1908 2942 Jerusalem,
1926 2850 1997 2922 nni·

593 2975 703 3048 versis
719 2997 858 3072 presens
874 2974 1040 3068 scriptum
1056 2975 1184 3046 visuris
1205 2973 1367 3047 fidelibus
1385 2975 1521 3070 imperii
1547 2976 1698 3068 graciam
1723 2995 1823 3045 snam
1844 2981 1879 3046 et
1901 2995 1998 3046 omne

594 3097 737 3170 bonnm.
755 3097 819 3169 Per
840 3118 982 3192 presens
997 3097 1160 3190 scriptum
1181 3106 1300 3169 nolum
1316 3115 1398 3171 essa·
1405 3097 1563 3192 cupimus
1581 3107 1650 3168 tam
1668 3095 1883 3192 presentibus
1895 3117 1997 3190 quam

594 3195 737 3311 futuris,
755 3217 850 3312 quod
866 3219 912 3292 ad
929 3219 1132 3292 instanciam
1144 3231 1185 3302 ct
1202 3221 1457 3314 requisitionem
1474 3221 1647 3313 Egononis
1660 3219 1866 3292 venerabilis
1883 3219 1998 3291 Brixi-

594 3343 711 3416 nensis
733 3341 877 3414 ecclesie
900 3343 1018 3430 electi,
1047 3343 1281 3416 annuentibus
1302 3345 1334 3416 ei
1350 3344 1564 3440 principibus
1589 3353 1624 3416 et
1640 3343 1717 3416 aliis
1742 3343 1916 3416 nobilibus
1940 3343 1998 3438 qni

592 3464 754 3554 aderant,
774 3465 851 3537 talis
872 3465 940 3536 lata
958 3465 1022 3535 luit
1038 3467 1206 3538 sententia
1226 3487 1340 3539 coram
1354 3465 1477 3539 nobis:
1503 3465 1601 3561 quod
1615 3465 1701 3537 nulli
1721 3465 1849 3537 licitum
1866 3467 1913 3538 sit
1926 3488 1999 3560 pre·

591 3591 675 3664 bero
690 3587 900 3663 conductum
915 3590 1019 3661 alicui
1034 3592 1225 3664 transeunti
1243 3613 1302 3686 per
1318 3601 1442 3664 terram
1461 3593 1536 3665 sive
1561 3592 1726 3665 ducatum
1747 3593 1846 3664 electi
1867 3593 1995 3687 ipsius,

591 3713 748 3808 exceptis
768 3712 976 3806 imperatore
1001 3723 1035 3784 et
1057 3734 1138 3808 rege
1157 3715 1285 3808 quibus
1308 3713 1345 3788 id
1366 3716 1530 3812 competit
1553 3737 1600 3787 ex
1620 3715 1788 3810 imperiali
1812 3713 1995 3810 dignitate,

592 3835 659 3909 nisi
674 3835 719 3908 de
731 3833 874 3930 predicti
892 3835 989 3908 electi
1013 3835 1154 3908 licencia
1170 3847 1204 3910 et
1227 3859 1383 3910 assensu.
1403 3838 1504 3912 Unde
1524 3859 1569 3910 ne
1588 3836 1633 3910 de
1652 3839 1817 3933 premissa
1834 3840 1999 3912 sententia

592 3961 744 4033 inantea
761 3956 958 4045 dubitetur,
980 3958 1089 4052 ipsam
1104 3959 1208 4053 sigilli
1230 3961 1336 4032 nostri
1355 3959 1546 4033 munimine
1565 3961 1731 4035 duximus
1750 3961 1995 4036 roborandam.

640 4084 764 4156 Datum
779 4081 875 4177 apud
891 4080 1140 4172 Nordelingen,
1159 4083 1368 4174 trudmari,
1383 4085 1459 4158 Xlll
1476 4084 1687 4158 indictionis.

807 4367 1028 4380 —a--u-

395 4657 549 4715 omnm,
591 4589 595 4598 Α
644 4639 862 4748 Conradus,
881 4639 921 4720 in
939 4637 1198 4720 Romanorum
1216 4636 1524 4747 regemelectus,
1545 4637 1704 4720 sculteto
1725 4638 1773 4720 de
1794 4635 1994 4746 Esslingen

587 4783 625 4856 et
642 4775 826 4856 advocato
844 4771 892 4854 do
910 4769 1071 4855 Acbalm
1089 4770 1247 4853 mandat
1268 4779 1311 4854 ut
1327 4769 1549 4879 priorissam
1566 4779 1605 4852 et
1625 4781 1853 4853 conventum
1874 4793 1992 4852 sanc-
