<?xml version="1.0" encoding="UTF-8"?>
<!DOCTYPE html PUBLIC "-//W3C//DTD XHTML 1.0 Transitional//EN"
    "http://www.w3.org/TR/xhtml1/DTD/xhtml1-transitional.dtd">
<html xmlns="http://www.w3.org/1999/xhtml" xml:lang="en" lang="en">
 <head>
  <title>
</title>
<meta http-equiv="Content-Type" content="text/html;charset=utf-8" />
  <meta name='ocr-system' content='tesseract 3.04.00' />
  <meta name='ocr-capabilities' content='ocr_page ocr_carea ocr_par ocr_line ocrx_word'/>
</head>
<body>
  <div class='ocr_page' id='page_1' title='image "./historiadiploma01fredgoog_0291.png"; bbox 0 0 4374 6010; ppageno 0'>
   <div class='ocr_carea' id='block_1_1' title="bbox 334 603 1742 694">
    <p class='ocr_par' dir='ltr' id='par_1_1' title="bbox 334 603 1742 694">
     <span class='ocr_line' id='line_1_1' title="bbox 334 603 1742 694; baseline -0.006 -20"><span class='ocrx_word' id='word_1_1' title='bbox 334 614 431 674; x_wconf 69' lang='lat' dir='ltr'><strong>lnnrtu.</strong></span> <span class='ocrx_word' id='word_1_2' title='bbox 452 607 510 694; x_wconf 72' lang='lat' dir='ltr'><strong>la]</strong></span> <span class='ocrx_word' id='word_1_3' title='bbox 781 605 973 668; x_wconf 76' lang='lat' dir='ltr'>HISTORIA</span> <span class='ocrx_word' id='word_1_4' title='bbox 1000 606 1293 670; x_wconf 69' lang='lat' dir='ltr'><strong>brrbottdrtctt.</strong></span> <span class='ocrx_word' id='word_1_5' title='bbox 1680 603 1742 666; x_wconf 74' lang='lat'><strong>925</strong></span> 
     </span>
    </p>
   </div>
   <div class='ocr_carea' id='block_1_2' title="bbox 334 743 1745 1708">
    <p class='ocr_par' dir='ltr' id='par_1_2' title="bbox 383 743 1739 841">
     <span class='ocr_line' id='line_1_2' title="bbox 383 743 1739 841; baseline -0.005 -21"><span class='ocrx_word' id='word_1_6' title='bbox 383 746 567 820; x_wconf 86' lang='lat' dir='ltr'><strong>Tbomasio</strong></span> <span class='ocrx_word' id='word_1_7' title='bbox 575 743 818 818; x_wconf 90' lang='lat' dir='ltr'><strong>lilioOsmnndi</strong></span> <span class='ocrx_word' id='word_1_8' title='bbox 822 743 1008 836; x_wconf 88' lang='lat' dir='ltr'><strong>justitiario</strong></span> <span class='ocrx_word' id='word_1_9' title='bbox 1016 745 1195 819; x_wconf 87' lang='lat' dir='ltr'><strong>Basilicate</strong></span> <span class='ocrx_word' id='word_1_10' title='bbox 1204 767 1267 841; x_wconf 84' lang='lat' dir='ltr'><strong>pro</strong></span> <span class='ocrx_word' id='word_1_11' title='bbox 1277 743 1523 834; x_wconf 88' lang='lat' dir='ltr'><strong>militibusXL,</strong></span> <span class='ocrx_word' id='word_1_12' title='bbox 1535 749 1662 839; x_wconf 85' lang='lat' dir='ltr'><strong>preter,</strong></span> <span class='ocrx_word' id='word_1_13' title='bbox 1673 749 1739 814; x_wconf 86' lang='lat' dir='ltr'><strong>eto.</strong></span> 
     </span>
    </p>

    <p class='ocr_par' dir='ltr' id='par_1_3' title="bbox 334 864 1740 1089">
     <span class='ocr_line' id='line_1_3' title="bbox 383 864 1740 964; baseline -0.005 -20"><span class='ocrx_word' id='word_1_14' title='bbox 383 869 524 944; x_wconf 85' lang='lat' dir='ltr'><strong>Andree</strong></span> <span class='ocrx_word' id='word_1_15' title='bbox 555 869 601 943; x_wconf 85' lang='lat' dir='ltr'><strong>de</strong></span> <span class='ocrx_word' id='word_1_16' title='bbox 627 867 813 962; x_wconf 80' lang='lat' dir='ltr'><strong>Aquaviva</strong></span> <span class='ocrx_word' id='word_1_17' title='bbox 839 867 1024 960; x_wconf 78' lang='lat' dir='ltr'><strong>justitiario</strong></span> <span class='ocrx_word' id='word_1_18' title='bbox 1052 870 1152 942; x_wconf 90' lang='lat' dir='ltr'><strong>Terre</strong></span> <span class='ocrx_word' id='word_1_19' title='bbox 1179 869 1308 942; x_wconf 89' lang='lat' dir='ltr'><strong>ldronti</strong></span> <span class='ocrx_word' id='word_1_20' title='bbox 1340 889 1402 964; x_wconf 91' lang='lat' dir='ltr'><strong>pro</strong></span> <span class='ocrx_word' id='word_1_21' title='bbox 1429 865 1596 946; x_wconf 74' lang='lat' dir='ltr'><strong>militibus</strong></span> <span class='ocrx_word' id='word_1_22' title='bbox 1623 864 1740 955; x_wconf 86' lang='lat' dir='ltr'>XXX,</span> 
     </span>
     <span class='ocr_line' id='line_1_4' title="bbox 334 983 1631 1089; baseline -0.005 -23"><span class='ocrx_word' id='word_1_23' title='bbox 334 1003 463 1089; x_wconf 87' lang='lat' dir='ltr'><strong>preter,</strong></span> <span class='ocrx_word' id='word_1_24' title='bbox 485 1000 552 1065; x_wconf 87' lang='lat' dir='ltr'><strong>etc.</strong></span> <span class='ocrx_word' id='word_1_25' title='bbox 1626 983 1631 992; x_wconf 85' lang='lat'>&#39;</span> 
     </span>
    </p>

    <p class='ocr_par' dir='ltr' id='par_1_4' title="bbox 383 1112 1740 1212">
     <span class='ocr_line' id='line_1_5' title="bbox 383 1112 1740 1212; baseline -0.005 -23"><span class='ocrx_word' id='word_1_26' title='bbox 383 1115 554 1190; x_wconf 81' lang='lat' dir='ltr'><strong>landulfo</strong></span> <span class='ocrx_word' id='word_1_27' title='bbox 570 1113 616 1188; x_wconf 93' lang='lat' dir='ltr'><strong>de</strong></span> <span class='ocrx_word' id='word_1_28' title='bbox 632 1114 763 1187; x_wconf 82' lang='lat' dir='ltr'><strong>Franco</strong></span> <span class='ocrx_word' id='word_1_29' title='bbox 773 1112 957 1208; x_wconf 79' lang='lat' dir='ltr'><strong>justitiario</strong></span> <span class='ocrx_word' id='word_1_30' title='bbox 971 1115 1073 1188; x_wconf 87' lang='lat' dir='ltr'><strong>Terre</strong></span> <span class='ocrx_word' id='word_1_31' title='bbox 1088 1115 1167 1188; x_wconf 90' lang='lat' dir='ltr'><strong>Bari</strong></span> <span class='ocrx_word' id='word_1_32' title='bbox 1183 1137 1246 1212; x_wconf 87' lang='lat' dir='ltr'><strong>pro</strong></span> <span class='ocrx_word' id='word_1_33' title='bbox 1261 1114 1427 1188; x_wconf 85' lang='lat' dir='ltr'><strong>militibus</strong></span> <span class='ocrx_word' id='word_1_34' title='bbox 1446 1113 1491 1186; x_wconf 87' lang='lat' dir='ltr'><strong>Vl</strong></span> <span class='ocrx_word' id='word_1_35' title='bbox 1500 1170 1508 1200; x_wconf 90' lang='lat'><strong>,</strong></span> <span class='ocrx_word' id='word_1_36' title='bbox 1524 1121 1656 1208; x_wconf 84' lang='lat' dir='ltr'><strong>preter,</strong></span> <span class='ocrx_word' id='word_1_37' title='bbox 1674 1120 1740 1186; x_wconf 89' lang='lat' dir='ltr'><strong>etc.</strong></span> 
     </span>
    </p>

    <p class='ocr_par' dir='ltr' id='par_1_5' title="bbox 342 1237 1745 1456">
     <span class='ocr_line' id='line_1_6' title="bbox 384 1237 1745 1336; baseline -0.003 -22"><span class='ocrx_word' id='word_1_38' title='bbox 384 1240 550 1314; x_wconf 84' lang='lat' dir='ltr'><strong>Riccardo</strong></span> <span class='ocrx_word' id='word_1_39' title='bbox 569 1239 614 1314; x_wconf 88' lang='lat' dir='ltr'><strong>de</strong></span> <span class='ocrx_word' id='word_1_40' title='bbox 633 1238 886 1312; x_wconf 83' lang='lat' dir='ltr'><strong>blontalnsculo</strong></span> <span class='ocrx_word' id='word_1_41' title='bbox 905 1239 1089 1330; x_wconf 84' lang='lat' dir='ltr'><strong>justitiario</strong></span> <span class='ocrx_word' id='word_1_42' title='bbox 1111 1239 1299 1336; x_wconf 88' lang='lat' dir='ltr'><strong>Capitinate</strong></span> <span class='ocrx_word' id='word_1_43' title='bbox 1319 1261 1380 1336; x_wconf 93' lang='lat' dir='ltr'><strong>pro</strong></span> <span class='ocrx_word' id='word_1_44' title='bbox 1403 1238 1571 1310; x_wconf 87' lang='lat' dir='ltr'><strong>militibus</strong></span> <span class='ocrx_word' id='word_1_45' title='bbox 1590 1237 1639 1330; x_wconf 86' lang='lat' dir='ltr'><strong>V,</strong></span> <span class='ocrx_word' id='word_1_46' title='bbox 1661 1258 1745 1334; x_wconf 86' lang='lat' dir='ltr'><strong>pro-</strong></span> 
     </span>
     <span class='ocr_line' id='line_1_7' title="bbox 342 1374 487 1456; baseline -0.021 -17"><span class='ocrx_word' id='word_1_47' title='bbox 342 1374 406 1456; x_wconf 80' lang='lat' dir='ltr'><strong>ter,</strong></span> <span class='ocrx_word' id='word_1_48' title='bbox 420 1375 487 1438; x_wconf 90' lang='lat' dir='ltr'><strong>etc.</strong></span> 
     </span>
    </p>

    <p class='ocr_par' dir='ltr' id='par_1_6' title="bbox 346 1485 1743 1708">
     <span class='ocr_line' id='line_1_8' title="bbox 387 1485 1743 1584; baseline -0.003 -23"><span class='ocrx_word' id='word_1_49' title='bbox 387 1486 552 1562; x_wconf 89' lang='lat' dir='ltr'><strong>lliccardo</strong></span> <span class='ocrx_word' id='word_1_50' title='bbox 580 1485 626 1561; x_wconf 90' lang='lat' dir='ltr'><strong>do</strong></span> <span class='ocrx_word' id='word_1_51' title='bbox 651 1486 866 1581; x_wconf 80' lang='lat' dir='ltr'><strong>llontenigro</strong></span> <span class='ocrx_word' id='word_1_52' title='bbox 888 1485 1072 1579; x_wconf 87' lang='lat' dir='ltr'><strong>justitiario</strong></span> <span class='ocrx_word' id='word_1_53' title='bbox 1095 1487 1197 1560; x_wconf 85' lang='lat' dir='ltr'><strong>Terre</strong></span> <span class='ocrx_word' id='word_1_54' title='bbox 1220 1487 1360 1562; x_wconf 89' lang='lat' dir='ltr'><strong>Laboris</strong></span> <span class='ocrx_word' id='word_1_55' title='bbox 1383 1510 1446 1584; x_wconf 91' lang='lat' dir='ltr'><strong>pro</strong></span> <span class='ocrx_word' id='word_1_56' title='bbox 1471 1485 1639 1558; x_wconf 88' lang='lat' dir='ltr'><strong>militibus</strong></span> <span class='ocrx_word' id='word_1_57' title='bbox 1667 1485 1743 1578; x_wconf 89' lang='lat' dir='ltr'><strong>LX,</strong></span> 
     </span>
     <span class='ocr_line' id='line_1_9' title="bbox 346 1619 552 1708; baseline -0.019 -22"><span class='ocrx_word' id='word_1_58' title='bbox 346 1621 466 1708; x_wconf 87' lang='lat' dir='ltr'><strong>preter,</strong></span> <span class='ocrx_word' id='word_1_59' title='bbox 486 1619 552 1684; x_wconf 86' lang='lat' dir='ltr'><strong>etc.</strong></span> 
     </span>
    </p>
   </div>
   <div class='ocr_carea' id='block_1_3' title="bbox 563 1923 813 1938">
    <p class='ocr_par' dir='ltr' id='par_1_7' title="bbox 563 1923 813 1938">
     <span class='ocr_line' id='line_1_10' title="bbox 563 1923 813 1938; baseline 0.004 -1"><span class='ocrx_word' id='word_1_60' title='bbox 563 1923 813 1938; x_wconf 61' lang='lat' dir='ltr'><em>W</em></span> 
     </span>
    </p>
   </div>
   <div class='ocr_carea' id='block_1_4' title="bbox 350 2291 1946 2511">
    <p class='ocr_par' dir='ltr' id='par_1_8' title="bbox 350 2291 1946 2511">
     <span class='ocr_line' id='line_1_11' title="bbox 395 2291 1946 2413; baseline 0.001 -37"><span class='ocrx_word' id='word_1_61' title='bbox 395 2291 616 2376; x_wconf 87' lang='lat' dir='ltr'><strong>Mandatum</strong></span> <span class='ocrx_word' id='word_1_62' title='bbox 649 2294 699 2376; x_wconf 84' lang='lat' dir='ltr'><strong>cd</strong></span> <span class='ocrx_word' id='word_1_63' title='bbox 730 2302 916 2378; x_wconf 87' lang='lat' dir='ltr'><strong>secretum</strong></span> <span class='ocrx_word' id='word_1_64' title='bbox 944 2293 1138 2378; x_wconf 83' lang='lat' dir='ltr'><strong>Messanae</strong></span> <span class='ocrx_word' id='word_1_65' title='bbox 1169 2303 1213 2376; x_wconf 93' lang='lat' dir='ltr'><strong>ut</strong></span> <span class='ocrx_word' id='word_1_66' title='bbox 1239 2293 1287 2376; x_wconf 95' lang='lat' dir='ltr'><strong>de</strong></span> <span class='ocrx_word' id='word_1_67' title='bbox 1315 2292 1558 2401; x_wconf 83' lang='lat' dir='ltr'><strong>proventibus</strong></span> <span class='ocrx_word' id='word_1_68' title='bbox 1586 2293 1751 2404; x_wconf 85' lang='lat' dir='ltr'><strong>Reginae</strong></span> <span class='ocrx_word' id='word_1_69' title='bbox 1786 2305 1946 2413; x_wconf 58' lang='lat' dir='ltr'><strong>*pffljffiv</strong></span> 
     </span>
     <span class='ocr_line' id='line_1_12' title="bbox 350 2424 1747 2511; baseline 0.004 -5"><span class='ocrx_word' id='word_1_70' title='bbox 350 2424 520 2508; x_wconf 84' lang='lat' dir='ltr'><strong>ecclesiae</strong></span> <span class='ocrx_word' id='word_1_71' title='bbox 543 2425 685 2510; x_wconf 89' lang='lat' dir='ltr'><strong>solidos</strong></span> <span class='ocrx_word' id='word_1_72' title='bbox 711 2435 749 2510; x_wconf 92' lang='lat' dir='ltr'><strong>et</strong></span> <span class='ocrx_word' id='word_1_73' title='bbox 766 2427 842 2510; x_wconf 90' lang='lat' dir='ltr'><strong>alia</strong></span> <span class='ocrx_word' id='word_1_74' title='bbox 861 2425 1074 2510; x_wconf 87' lang='lat' dir='ltr'><strong>necessaria</strong></span> <span class='ocrx_word' id='word_1_75' title='bbox 1109 2435 1233 2510; x_wconf 87' lang='lat' dir='ltr'><strong>castro</strong></span> <span class='ocrx_word' id='word_1_76' title='bbox 1253 2425 1366 2509; x_wconf 87' lang='lat' dir='ltr'><strong>Bovis</strong></span> <span class='ocrx_word' id='word_1_77' title='bbox 1395 2425 1510 2508; x_wconf 86' lang='lat' dir='ltr'><strong>saciat</strong></span> <span class='ocrx_word' id='word_1_78' title='bbox 1526 2427 1747 2511; x_wconf 89' lang='lat' dir='ltr'><strong>ministrari.</strong></span> 
     </span>
    </p>
   </div>
   <div class='ocr_carea' id='block_1_5' title="bbox 423 2643 1543 2726">
    <p class='ocr_par' dir='ltr' id='par_1_9' title="bbox 423 2643 1543 2726">
     <span class='ocr_line' id='line_1_13' title="bbox 423 2643 1543 2726; baseline 0 -20"><span class='ocrx_word' id='word_1_79' title='bbox 423 2644 552 2726; x_wconf 61' lang='lat' dir='ltr'><strong>(aqut.</strong></span> <span class='ocrx_word' id='word_1_80' title='bbox 567 2645 670 2726; x_wconf 65' lang='lat' dir='ltr'><strong>erpa.</strong></span> <span class='ocrx_word' id='word_1_81' title='bbox 687 2643 807 2708; x_wconf 62' lang='lat' dir='ltr'><strong>Frate.</strong></span> <span class='ocrx_word' id='word_1_82' title='bbox 822 2647 863 2724; x_wconf 88' lang='lat'><strong>11,</strong></span> <span class='ocrx_word' id='word_1_83' title='bbox 877 2646 931 2710; x_wconf 87' lang='lat' dir='ltr'><strong>tot.</strong></span> <span class='ocrx_word' id='word_1_84' title='bbox 949 2657 1004 2708; x_wconf 85' lang='lat' dir='ltr'><strong>roa</strong></span> <span class='ocrx_word' id='word_1_85' title='bbox 1020 2653 1114 2720; x_wconf 75' lang='lat' dir='ltr'><strong>raeto3</strong></span> <span class='ocrx_word' id='word_1_86' title='bbox 1130 2647 1162 2706; x_wconf 88' lang='lat' dir='ltr'><strong>tn</strong></span> <span class='ocrx_word' id='word_1_87' title='bbox 1175 2644 1245 2706; x_wconf 81' lang='lat' dir='ltr'><strong>ertit.</strong></span> <span class='ocrx_word' id='word_1_88' title='bbox 1261 2643 1398 2724; x_wconf 68' lang='lat' dir='ltr'><strong>errem„</strong></span> <span class='ocrx_word' id='word_1_89' title='bbox 1412 2663 1443 2724; x_wconf 85' lang='lat' dir='ltr'><strong>p.</strong></span> <span class='ocrx_word' id='word_1_90' title='bbox 1460 2646 1543 2726; x_wconf 82' lang='lat' dir='ltr'><strong>roa.)</strong></span> 
     </span>
    </p>
   </div>
   <div class='ocr_carea' id='block_1_6' title="bbox 334 2837 1755 4418">
    <p class='ocr_par' dir='ltr' id='par_1_10' title="bbox 342 2837 1752 3035">
     <span class='ocr_line' id='line_1_14' title="bbox 392 2837 1752 2935; baseline 0.006 -27"><span class='ocrx_word' id='word_1_91' title='bbox 392 2841 440 2909; x_wconf 84' lang='lat' dir='ltr'><strong>De</strong></span> <span class='ocrx_word' id='word_1_92' title='bbox 464 2839 645 2935; x_wconf 34' lang='lat' dir='ltr'><strong>impetrati,</strong></span> <span class='ocrx_word' id='word_1_93' title='bbox 662 2839 819 2914; x_wconf 78' lang='lat' dir='ltr'><strong>mandato</strong></span> <span class='ocrx_word' id='word_1_94' title='bbox 845 2843 936 2932; x_wconf 77' lang='lat' dir='ltr'><strong>sacto</strong></span> <span class='ocrx_word' id='word_1_95' title='bbox 960 2861 1021 2933; x_wconf 86' lang='lat' dir='ltr'><strong>per</strong></span> <span class='ocrx_word' id='word_1_96' title='bbox 1045 2841 1245 2932; x_wconf 77' lang='lat' dir='ltr'><strong>mcqiatram</strong></span> <span class='ocrx_word' id='word_1_97' title='bbox 1280 2837 1455 2911; x_wconf 75' lang='lat' dir='ltr'><strong>Toddcum</strong></span> <span class='ocrx_word' id='word_1_98' title='bbox 1478 2842 1611 2934; x_wconf 81' lang='lat' dir='ltr'><strong>scripsit</strong></span> <span class='ocrx_word' id='word_1_99' title='bbox 1641 2841 1682 2915; x_wconf 88' lang='lat' dir='ltr'><strong>G.</strong></span> <span class='ocrx_word' id='word_1_100' title='bbox 1712 2843 1752 2915; x_wconf 84' lang='lat' dir='ltr'><strong>dc</strong></span> 
     </span>
     <span class='ocr_line' id='line_1_15' title="bbox 342 2963 531 3035; baseline -0.016 -1"><span class='ocrx_word' id='word_1_101' title='bbox 342 2963 531 3035; x_wconf 79' lang='lat' dir='ltr'><strong>Curentic:</strong></span> 
     </span>
    </p>

    <p class='ocr_par' dir='ltr' id='par_1_11' title="bbox 334 3083 1755 4418">
     <span class='ocr_line' id='line_1_16' title="bbox 389 3083 1751 3183; baseline 0.001 -24"><span class='ocrx_word' id='word_1_102' title='bbox 389 3086 611 3178; x_wconf 88' lang='lat' dir='ltr'><strong>Fredericus‚</strong></span> <span class='ocrx_word' id='word_1_103' title='bbox 638 3096 723 3178; x_wconf 80' lang='lat' dir='ltr'><strong>etc,</strong></span> <span class='ocrx_word' id='word_1_104' title='bbox 743 3087 863 3180; x_wconf 88' lang='lat' dir='ltr'><strong>Majori</strong></span> <span class='ocrx_word' id='word_1_105' title='bbox 885 3084 930 3158; x_wconf 91' lang='lat' dir='ltr'><strong>de</strong></span> <span class='ocrx_word' id='word_1_106' title='bbox 951 3085 1158 3160; x_wconf 88' lang='lat' dir='ltr'><strong>Plancatonc</strong></span> <span class='ocrx_word' id='word_1_107' title='bbox 1176 3095 1307 3158; x_wconf 90' lang='lat' dir='ltr'><strong>secreto</strong></span> <span class='ocrx_word' id='word_1_108' title='bbox 1322 3083 1501 3178; x_wconf 82' lang='lat' dir='ltr'><strong>Messene,</strong></span> <span class='ocrx_word' id='word_1_109' title='bbox 1522 3097 1588 3160; x_wconf 89' lang='lat' dir='ltr'><strong>etc.</strong></span> <span class='ocrx_word' id='word_1_110' title='bbox 1612 3089 1751 3183; x_wconf 80' lang='lat' dir='ltr'><strong>Signifi-</strong></span> 
     </span>
     <span class='ocr_line' id='line_1_17' title="bbox 337 3207 1749 3303; baseline 0 -19"><span class='ocrx_word' id='word_1_111' title='bbox 337 3211 436 3285; x_wconf 83' lang='lat' dir='ltr'><strong>cavit</strong></span> <span class='ocrx_word' id='word_1_112' title='bbox 458 3211 661 3283; x_wconf 85' lang='lat' dir='ltr'><strong>excellentie</strong></span> <span class='ocrx_word' id='word_1_113' title='bbox 682 3219 797 3282; x_wconf 87' lang='lat' dir='ltr'><strong>nostro</strong></span> <span class='ocrx_word' id='word_1_114' title='bbox 822 3209 1012 3303; x_wconf 78' lang='lat' dir='ltr'><strong>llcggerins</strong></span> <span class='ocrx_word' id='word_1_115' title='bbox 1040 3207 1086 3282; x_wconf 86' lang='lat' dir='ltr'><strong>de</strong></span> <span class='ocrx_word' id='word_1_116' title='bbox 1107 3210 1257 3281; x_wconf 87' lang='lat' dir='ltr'><strong>Larzone</strong></span> <span class='ocrx_word' id='word_1_117' title='bbox 1281 3209 1486 3282; x_wconf 87' lang='lat' dir='ltr'><strong>castellanus</strong></span> <span class='ocrx_word' id='word_1_118' title='bbox 1503 3211 1605 3283; x_wconf 90' lang='lat' dir='ltr'><strong>castri</strong></span> <span class='ocrx_word' id='word_1_119' title='bbox 1628 3211 1749 3302; x_wconf 89' lang='lat' dir='ltr'><strong>Bovis,</strong></span> 
     </span>
     <span class='ocr_line' id='line_1_18' title="bbox 336 3331 1754 3427; baseline 0.001 -20"><span class='ocrx_word' id='word_1_120' title='bbox 336 3334 454 3408; x_wconf 88' lang='lat' dir='ltr'><strong>tidelis</strong></span> <span class='ocrx_word' id='word_1_121' title='bbox 471 3342 608 3424; x_wconf 90' lang='lat' dir='ltr'><strong>noster,</strong></span> <span class='ocrx_word' id='word_1_122' title='bbox 627 3332 720 3427; x_wconf 90' lang='lat' dir='ltr'><strong>quod</strong></span> <span class='ocrx_word' id='word_1_123' title='bbox 744 3353 902 3426; x_wconf 89' lang='lat' dir='ltr'><strong>cumpro</strong></span> <span class='ocrx_word' id='word_1_124' title='bbox 923 3333 1113 3406; x_wconf 91' lang='lat' dir='ltr'><strong>munitione</strong></span> <span class='ocrx_word' id='word_1_125' title='bbox 1130 3331 1287 3425; x_wconf 87' lang='lat' dir='ltr'><strong>ejusdem</strong></span> <span class='ocrx_word' id='word_1_126' title='bbox 1302 3334 1402 3406; x_wconf 88' lang='lat' dir='ltr'><strong>castri</strong></span> <span class='ocrx_word' id='word_1_127' title='bbox 1418 3335 1522 3408; x_wconf 92' lang='lat' dir='ltr'><strong>Bovis</strong></span> <span class='ocrx_word' id='word_1_128' title='bbox 1538 3338 1754 3410; x_wconf 87' lang='lat' dir='ltr'><strong>consueverit</strong></span> 
     </span>
     <span class='ocr_line' id='line_1_19' title="bbox 335 3455 1754 3553; baseline -0.001 -19"><span class='ocrx_word' id='word_1_129' title='bbox 335 3459 385 3534; x_wconf 87' lang='lat' dir='ltr'><strong>dc</strong></span> <span class='ocrx_word' id='word_1_130' title='bbox 396 3457 626 3553; x_wconf 88' lang='lat' dir='ltr'><strong>proventibus</strong></span> <span class='ocrx_word' id='word_1_131' title='bbox 640 3456 772 3550; x_wconf 77' lang='lat' dir='ltr'><strong>Regina</strong></span> <span class='ocrx_word' id='word_1_132' title='bbox 789 3455 933 3528; x_wconf 88' lang='lat' dir='ltr'><strong>ecclesio</strong></span> <span class='ocrx_word' id='word_1_133' title='bbox 951 3455 1080 3528; x_wconf 90' lang='lat' dir='ltr'><strong>solidos</strong></span> <span class='ocrx_word' id='word_1_134' title='bbox 1096 3464 1130 3528; x_wconf 92' lang='lat' dir='ltr'><strong>et</strong></span> <span class='ocrx_word' id='word_1_135' title='bbox 1143 3457 1210 3529; x_wconf 88' lang='lat' dir='ltr'><strong>alia</strong></span> <span class='ocrx_word' id='word_1_136' title='bbox 1227 3457 1418 3531; x_wconf 89' lang='lat' dir='ltr'><strong>necessaria</strong></span> <span class='ocrx_word' id='word_1_137' title='bbox 1439 3459 1636 3552; x_wconf 89' lang='lat' dir='ltr'><strong>ministrari,</strong></span> <span class='ocrx_word' id='word_1_138' title='bbox 1651 3461 1754 3552; x_wconf 85' lang='lat' dir='ltr'><strong>juxta</strong></span> 
     </span>
     <span class='ocr_line' id='line_1_20' title="bbox 334 3577 1754 3678; baseline 0 -22"><span class='ocrx_word' id='word_1_139' title='bbox 334 3589 510 3656; x_wconf 87' lang='lat' dir='ltr'><strong>statutum</strong></span> <span class='ocrx_word' id='word_1_140' title='bbox 529 3580 657 3652; x_wconf 85' lang='lat' dir='ltr'><strong>lactum</strong></span> <span class='ocrx_word' id='word_1_141' title='bbox 671 3579 754 3651; x_wconf 91' lang='lat' dir='ltr'><strong>olim</strong></span> <span class='ocrx_word' id='word_1_142' title='bbox 772 3599 793 3651; x_wconf 93' lang='lat' dir='ltr'><strong>a</strong></span> <span class='ocrx_word' id='word_1_143' title='bbox 815 3577 991 3674; x_wconf 89' lang='lat' dir='ltr'><strong>quondam</strong></span> <span class='ocrx_word' id='word_1_144' title='bbox 1007 3579 1157 3652; x_wconf 86' lang='lat' dir='ltr'><strong>llattbeo</strong></span> <span class='ocrx_word' id='word_1_145' title='bbox 1182 3579 1399 3654; x_wconf 86' lang='lat' dir='ltr'><strong>lllarcbatabn</strong></span> <span class='ocrx_word' id='word_1_146' title='bbox 1421 3592 1551 3654; x_wconf 87' lang='lat' dir='ltr'><strong>secreto</strong></span> <span class='ocrx_word' id='word_1_147' title='bbox 1568 3583 1754 3678; x_wconf 79' lang='lat' dir='ltr'><strong>prodeces-</strong></span> 
     </span>
     <span class='ocr_line' id='line_1_21' title="bbox 334 3701 1754 3801; baseline 0.001 -21"><span class='ocrx_word' id='word_1_148' title='bbox 334 3726 421 3780; x_wconf 86' lang='lat' dir='ltr'><strong>sore</strong></span> <span class='ocrx_word' id='word_1_149' title='bbox 439 3713 516 3796; x_wconf 90' lang='lat' dir='ltr'><strong>tuo,</strong></span> <span class='ocrx_word' id='word_1_150' title='bbox 533 3713 567 3776; x_wconf 89' lang='lat' dir='ltr'><strong>et</strong></span> <span class='ocrx_word' id='word_1_151' title='bbox 584 3725 626 3776; x_wconf 89' lang='lat' dir='ltr'><strong>ea</strong></span> <span class='ocrx_word' id='word_1_152' title='bbox 638 3724 750 3798; x_wconf 90' lang='lat' dir='ltr'><strong>nsque</strong></span> <span class='ocrx_word' id='word_1_153' title='bbox 765 3701 812 3776; x_wconf 94' lang='lat' dir='ltr'><strong>ad</strong></span> <span class='ocrx_word' id='word_1_154' title='bbox 829 3702 960 3775; x_wconf 91' lang='lat' dir='ltr'><strong>obitum</strong></span> <span class='ocrx_word' id='word_1_155' title='bbox 972 3701 1055 3775; x_wconf 90' lang='lat' dir='ltr'><strong>dicti</strong></span> <span class='ocrx_word' id='word_1_156' title='bbox 1069 3701 1247 3798; x_wconf 90' lang='lat' dir='ltr'><strong>quondam</strong></span> <span class='ocrx_word' id='word_1_157' title='bbox 1260 3704 1381 3776; x_wconf 88' lang='lat' dir='ltr'><strong>secreti</strong></span> <span class='ocrx_word' id='word_1_158' title='bbox 1392 3706 1574 3801; x_wconf 88' lang='lat' dir='ltr'><strong>receperit,</strong></span> <span class='ocrx_word' id='word_1_159' title='bbox 1594 3729 1615 3780; x_wconf 92' lang='lat' dir='ltr'><strong>a</strong></span> <span class='ocrx_word' id='word_1_160' title='bbox 1636 3730 1754 3781; x_wconf 84' lang='lat' dir='ltr'><strong>mense</strong></span> 
     </span>
     <span class='ocr_line' id='line_1_22' title="bbox 336 3825 1755 3924; baseline 0.004 -23"><span class='ocrx_word' id='word_1_161' title='bbox 336 3826 549 3924; x_wconf 87' lang='lat' dir='ltr'><strong>septembris</strong></span> <span class='ocrx_word' id='word_1_162' title='bbox 573 3825 663 3899; x_wconf 85' lang='lat' dir='ltr'><strong>intra</strong></span> <span class='ocrx_word' id='word_1_163' title='bbox 689 3826 795 3898; x_wconf 91' lang='lat' dir='ltr'><strong>nichil</strong></span> <span class='ocrx_word' id='word_1_164' title='bbox 823 3825 952 3898; x_wconf 88' lang='lat' dir='ltr'><strong>babere</strong></span> <span class='ocrx_word' id='word_1_165' title='bbox 980 3827 1093 3922; x_wconf 92' lang='lat' dir='ltr'><strong>potuit</strong></span> <span class='ocrx_word' id='word_1_166' title='bbox 1119 3825 1165 3898; x_wconf 89' lang='lat' dir='ltr'><strong>do</strong></span> <span class='ocrx_word' id='word_1_167' title='bbox 1192 3825 1370 3920; x_wconf 88' lang='lat' dir='ltr'><strong>predictis,</strong></span> <span class='ocrx_word' id='word_1_168' title='bbox 1393 3829 1572 3902; x_wconf 86' lang='lat' dir='ltr'><strong>occasione</strong></span> <span class='ocrx_word' id='word_1_169' title='bbox 1593 3831 1755 3906; x_wconf 85' lang='lat' dir='ltr'><strong>videlicet</strong></span> 
     </span>
     <span class='ocr_line' id='line_1_23' title="bbox 338 3948 1754 4050; baseline 0.005 -29"><span class='ocrx_word' id='word_1_170' title='bbox 338 3949 441 4044; x_wconf 93' lang='lat' dir='ltr'><strong>quod</strong></span> <span class='ocrx_word' id='word_1_171' title='bbox 454 3949 644 4045; x_wconf 80' lang='lat' dir='ltr'><strong>predictam</strong></span> <span class='ocrx_word' id='word_1_172' title='bbox 661 3950 825 4044; x_wconf 79' lang='lat' dir='ltr'><strong>Reginam</strong></span> <span class='ocrx_word' id='word_1_173' title='bbox 840 3949 1019 4021; x_wconf 84' lang='lat' dir='ltr'><strong>ecclesiam</strong></span> <span class='ocrx_word' id='word_1_174' title='bbox 1031 3948 1274 4022; x_wconf 87' lang='lat' dir='ltr'><strong>mandavimus</strong></span> <span class='ocrx_word' id='word_1_175' title='bbox 1289 3973 1352 4046; x_wconf 93' lang='lat' dir='ltr'><strong>per</strong></span> <span class='ocrx_word' id='word_1_176' title='bbox 1364 3963 1515 4024; x_wconf 89' lang='lat' dir='ltr'><strong>nostram</strong></span> <span class='ocrx_word' id='word_1_177' title='bbox 1531 3955 1661 4026; x_wconf 91' lang='lat' dir='ltr'><strong>curiam</strong></span> <span class='ocrx_word' id='word_1_178' title='bbox 1676 3978 1754 4050; x_wconf 91' lang='lat' dir='ltr'><strong>pro-</strong></span> 
     </span>
     <span class='ocr_line' id='line_1_24' title="bbox 342 4071 1755 4174; baseline 0.003 -29"><span class='ocrx_word' id='word_1_179' title='bbox 342 4073 471 4145; x_wconf 88' lang='lat' dir='ltr'><strong>curari.</strong></span> <span class='ocrx_word' id='word_1_180' title='bbox 492 4073 606 4157; x_wconf 86' lang='lat' dir='ltr'><strong>Quare</strong></span> <span class='ocrx_word' id='word_1_181' title='bbox 622 4071 777 4146; x_wconf 85' lang='lat' dir='ltr'><strong>fidelitati</strong></span> <span class='ocrx_word' id='word_1_182' title='bbox 795 4081 854 4145; x_wconf 88' lang='lat' dir='ltr'><strong>tue</strong></span> <span class='ocrx_word' id='word_1_183' title='bbox 869 4071 1089 4168; x_wconf 90' lang='lat' dir='ltr'><strong>precipiendo</strong></span> <span class='ocrx_word' id='word_1_184' title='bbox 1102 4071 1307 4174; x_wconf 87' lang='lat' dir='ltr'><strong>mandamus</strong></span> <span class='ocrx_word' id='word_1_185' title='bbox 1325 4083 1494 4167; x_wconf 90' lang='lat' dir='ltr'><strong>quatenus</strong></span> <span class='ocrx_word' id='word_1_186' title='bbox 1506 4077 1535 4148; x_wconf 93' lang='lat' dir='ltr'><strong>si</strong></span> <span class='ocrx_word' id='word_1_187' title='bbox 1548 4077 1609 4148; x_wconf 88' lang='lat' dir='ltr'><strong>tibi</strong></span> <span class='ocrx_word' id='word_1_188' title='bbox 1629 4080 1755 4150; x_wconf 91' lang='lat' dir='ltr'><strong>consti-</strong></span> 
     </span>
     <span class='ocr_line' id='line_1_25' title="bbox 342 4195 1754 4304; baseline 0.004 -37"><span class='ocrx_word' id='word_1_189' title='bbox 342 4197 423 4304; x_wconf 81' lang='lat' dir='ltr'><strong>terit</strong></span> <span class='ocrx_word' id='word_1_190' title='bbox 438 4197 483 4270; x_wconf 89' lang='lat' dir='ltr'><strong>dc</strong></span> <span class='ocrx_word' id='word_1_191' title='bbox 497 4197 690 4292; x_wconf 88' lang='lat' dir='ltr'><strong>premissis,</strong></span> <span class='ocrx_word' id='word_1_192' title='bbox 707 4197 813 4269; x_wconf 87' lang='lat' dir='ltr'><strong>iacias</strong></span> <span class='ocrx_word' id='word_1_193' title='bbox 825 4197 870 4270; x_wconf 92' lang='lat' dir='ltr'><strong>de</strong></span> <span class='ocrx_word' id='word_1_194' title='bbox 887 4197 1113 4292; x_wconf 86' lang='lat' dir='ltr'><strong>proventibus</strong></span> <span class='ocrx_word' id='word_1_195' title='bbox 1127 4195 1218 4270; x_wconf 88' lang='lat' dir='ltr'><strong>dicte</strong></span> <span class='ocrx_word' id='word_1_196' title='bbox 1229 4197 1373 4270; x_wconf 85' lang='lat' dir='ltr'><strong>ecclesie</strong></span> <span class='ocrx_word' id='word_1_197' title='bbox 1387 4199 1476 4270; x_wconf 90' lang='lat' dir='ltr'><strong>sicut</strong></span> <span class='ocrx_word' id='word_1_198' title='bbox 1489 4199 1653 4273; x_wconf 90' lang='lat' dir='ltr'><strong>hactenus</strong></span> <span class='ocrx_word' id='word_1_199' title='bbox 1667 4223 1754 4274; x_wconf 91' lang='lat' dir='ltr'><strong>con-</strong></span> 
     </span>
     <span class='ocr_line' id='line_1_26' title="bbox 347 4319 1755 4418; baseline 0.006 -29"><span class='ocrx_word' id='word_1_200' title='bbox 347 4319 461 4390; x_wconf 84' lang='lat' dir='ltr'><strong>suevit</strong></span> <span class='ocrx_word' id='word_1_201' title='bbox 485 4319 522 4390; x_wconf 94' lang='lat' dir='ltr'><strong>in</strong></span> <span class='ocrx_word' id='word_1_202' title='bbox 548 4319 703 4416; x_wconf 88' lang='lat' dir='ltr'><strong>predicto</strong></span> <span class='ocrx_word' id='word_1_203' title='bbox 727 4328 839 4393; x_wconf 91' lang='lat' dir='ltr'><strong>castro</strong></span> <span class='ocrx_word' id='word_1_204' title='bbox 861 4319 990 4394; x_wconf 88' lang='lat' dir='ltr'><strong>solidos</strong></span> <span class='ocrx_word' id='word_1_205' title='bbox 1011 4330 1045 4393; x_wconf 91' lang='lat' dir='ltr'><strong>et</strong></span> <span class='ocrx_word' id='word_1_206' title='bbox 1069 4320 1137 4394; x_wconf 94' lang='lat' dir='ltr'><strong>atia</strong></span> <span class='ocrx_word' id='word_1_207' title='bbox 1162 4321 1355 4394; x_wconf 87' lang='lat' dir='ltr'><strong>necessaria</strong></span> <span class='ocrx_word' id='word_1_208' title='bbox 1378 4321 1584 4414; x_wconf 88' lang='lat' dir='ltr'><strong>ministrari,</strong></span> <span class='ocrx_word' id='word_1_209' title='bbox 1610 4334 1755 4418; x_wconf 91' lang='lat' dir='ltr'><strong>pronta</strong></span> 
     </span>
    </p>
   </div>
   <div class='ocr_carea' id='block_1_7' title="bbox 345 4440 1755 4664">
    <p class='ocr_par' dir='ltr' id='par_1_12' title="bbox 345 4440 1755 4664">
     <span class='ocr_line' id='line_1_27' title="bbox 351 4440 1755 4542; baseline 0.006 -28"><span class='ocrx_word' id='word_1_210' title='bbox 351 4440 500 4535; x_wconf 87' lang='lat' dir='ltr'><strong>predicto</strong></span> <span class='ocrx_word' id='word_1_211' title='bbox 516 4443 693 4537; x_wconf 87' lang='lat' dir='ltr'><strong>qnondam</strong></span> <span class='ocrx_word' id='word_1_212' title='bbox 711 4453 840 4518; x_wconf 87' lang='lat' dir='ltr'><strong>secreto</strong></span> <span class='ocrx_word' id='word_1_213' title='bbox 858 4453 1024 4516; x_wconf 90' lang='lat' dir='ltr'><strong>statutum</strong></span> <span class='ocrx_word' id='word_1_214' title='bbox 1046 4443 1238 4537; x_wconf 85' lang='lat' dir='ltr'><strong>inveneris,</strong></span> <span class='ocrx_word' id='word_1_215' title='bbox 1260 4453 1294 4517; x_wconf 90' lang='lat' dir='ltr'><strong>et</strong></span> <span class='ocrx_word' id='word_1_216' title='bbox 1316 4453 1355 4516; x_wconf 93' lang='lat' dir='ltr'><strong>tu</strong></span> <span class='ocrx_word' id='word_1_217' title='bbox 1372 4445 1475 4520; x_wconf 88' lang='lat' dir='ltr'><strong>etiam</strong></span> <span class='ocrx_word' id='word_1_218' title='bbox 1490 4446 1601 4542; x_wconf 79' lang='lat' dir='ltr'><strong>magis</strong></span> <span class='ocrx_word' id='word_1_219' title='bbox 1624 4447 1755 4522; x_wconf 90' lang='lat' dir='ltr'><strong>videris</strong></span> 
     </span>
     <span class='ocr_line' id='line_1_28' title="bbox 345 4564 919 4664; baseline 0.014 -31"><span class='ocrx_word' id='word_1_220' title='bbox 345 4564 483 4652; x_wconf 87' lang='lat' dir='ltr'><strong>utilitati</strong></span> <span class='ocrx_word' id='word_1_221' title='bbox 501 4575 616 4640; x_wconf 89' lang='lat' dir='ltr'><strong>nostro</strong></span> <span class='ocrx_word' id='word_1_222' title='bbox 630 4568 725 4642; x_wconf 89' lang='lat' dir='ltr'><strong>curie</strong></span> <span class='ocrx_word' id='word_1_223' title='bbox 739 4568 919 4664; x_wconf 88' lang='lat' dir='ltr'><strong>expedire.</strong></span> 
     </span>
    </p>
   </div>
   <div class='ocr_carea' id='block_1_8' title="bbox 401 4688 1597 4879">
    <p class='ocr_par' dir='ltr' id='par_1_13' title="bbox 401 4688 1597 4879">
     <span class='ocr_line' id='line_1_29' title="bbox 401 4688 1412 4788; baseline 0.006 -29"><span class='ocrx_word' id='word_1_224' title='bbox 401 4688 522 4761; x_wconf 88' lang='lat' dir='ltr'><strong>Datum</strong></span> <span class='ocrx_word' id='word_1_225' title='bbox 541 4690 635 4786; x_wconf 90' lang='lat' dir='ltr'><strong>apud</strong></span> <span class='ocrx_word' id='word_1_226' title='bbox 653 4692 787 4785; x_wconf 89' lang='lat' dir='ltr'><strong>Ortam,</strong></span> <span class='ocrx_word' id='word_1_227' title='bbox 808 4693 933 4766; x_wconf 89' lang='lat' dir='ltr'><strong>XXVll</strong></span> <span class='ocrx_word' id='word_1_228' title='bbox 948 4690 1089 4788; x_wconf 87' lang='lat' dir='ltr'><strong>aprelis,</strong></span> <span class='ocrx_word' id='word_1_229' title='bbox 1106 4690 1185 4763; x_wconf 95' lang='lat' dir='ltr'><strong>Xlll</strong></span> <span class='ocrx_word' id='word_1_230' title='bbox 1203 4689 1412 4766; x_wconf 86' lang='lat' dir='ltr'><strong>indictionis.</strong></span> 
     </span>
     <span class='ocr_line' id='line_1_30' title="bbox 451 4810 1597 4879; baseline 0.004 -6"><span class='ocrx_word' id='word_1_231' title='bbox 451 4810 486 4873; x_wconf 87' lang='lat' dir='ltr'><strong>V.</strong></span> <span class='ocrx_word' id='word_1_232' title='bbox 507 4827 599 4874; x_wconf 74' lang='lat' dir='ltr'><strong>rma</strong></span> <span class='ocrx_word' id='word_1_233' title='bbox 1542 4824 1597 4879; x_wconf 79' lang='lat' dir='ltr'><strong>ttt</strong></span> 
     </span>
    </p>
   </div>
   <div class='ocr_carea' id='block_1_9' title="bbox 0 0 2195 6004">
    <p class='ocr_par' dir='ltr' id='par_1_14' title="bbox 0 0 2195 6004">
     <span class='ocr_line' id='line_1_31' title="bbox 0 0 2195 6004; baseline 0 0"><span class='ocrx_word' id='word_1_234' title='bbox 0 0 2195 6004; x_wconf 95' lang='lat' dir='ltr'><strong> </strong></span> 
     </span>
    </p>
   </div>
  </div>
 </body>
</html>
