4564 6038
341 695 515 780 11616613]
796 697 990 760 lllSTOthi
1013 700 1297 763 uiltouuuicu.

396 1211 608 1313 ConraduS,
629 1210 890 1296 Romanorum
913 1215 954 1294 in
978 1215 1280 1324 regemelectus,
1302 1216 1468 1300 scultetis
1486 1217 1534 1298 de
1552 1213 1747 1323 Vilingen,

342 1343 391 1425 de
407 1343 583 1446 Rotweil,
605 1343 653 1426 de
674 1343 884 1449 Schaffusa‚
908 1347 957 1428 de
974 1346 1190 1454 Esslingen,
1210 1349 1258 1430 de
1276 1349 1385 1431 Ulma
1403 1359 1440 1431 et
1457 1349 1505 1430 de
1522 1347 1750 1454 Uberliugen

342 1475 567 1558 mandatae
593 1501 727 1559 eorum
753 1476 965 1560 defensioni
990 1479 1227 1562 commisisse
1253 1480 1429 1562 abbatem
1456 1491 1493 1562 et
1523 1487 1751 1562 conventum

344 1605 392 1687 de
410 1605 554 1699 Salem,
577 1607 808 1716 praecipiens
833 1619 1031 1693 uteorum
1050 1636 1185 1693 causas
1215 1611 1372 1694 audiant
1397 1620 1435 1694 et
1458 1637 1523 1694 eos
1548 1611 1588 1692 in
1614 1609 1751 1694 homi-

344 1735 456 1820 nibus
475 1747 513 1820 et
529 1738 639 1822 bonis
657 1751 941 1824 manuteneant.
1281 1740 1285 1749 ’

425 1949 547 2029 (lncdit.
563 1969 601 2014 ex
613 1953 680 2016 libr.
697 1957 833 2036 privileg.
849 1963 977 2020 monast.
994 1955 1125 2018 Mansit.
1137 1959 1170 2016 in
1183 1958 1295 2018 archiv.
1309 1958 1475 2034 Karlsrnb.,
1490 1964 1515 2018 t.
1530 1959 1584 2031 1v‚
1599 1958 1649 2019 iol.
1667 1959 1752 2037 tit.)

393 2136 569 2209 Conradus
587 2137 660 2210 divi
675 2139 814 2233 augusti
830 2139 1044 2235 imperatoris
1062 2141 1231 2214 Frederici
1249 2142 1359 2234 iilius,
1379 2145 1440 2216 Dei
1457 2145 1565 2236 gratia
1579 2147 1753 2219 Romano-

345 2282 423 2332 rum
438 2260 474 2330 in
493 2281 609 2354 regem
626 2262 756 2334 electus
772 2284 907 2358 semper
924 2273 1095 2357 augustus
1108 2275 1142 2336 et
1155 2265 1253 2338 heres
1267 2267 1365 2361 regni
1381 2268 1583 2360 Jerusalem,
1601 2271 1754 2342 scultetis

347 2381 392 2455 de
419 2383 598 2478 vilingen,
624 2385 668 2457 de
693 2386 856 2477 llotweil,
886 2387 931 2460 de
955 2388 1195 2479 Sobailehusa,
1224 2389 1268 2462 de
1293 2391 1511 2484 Esselingsn,
1541 2402 1576 2463 et
1602 2393 1699 2466 Ulme
1721 2403 1756 2465 et

329 2507 567 2602 Uberlingeu,
586 2507 746 2582 fidelibus
759 2511 850 2599 suis,
871 2513 1016 2604 gratiam
1035 2523 1068 2584 et
1086 2535 1189 2585 omne
1205 2515 1347 2586 bonum.
1366 2515 1680 2611 Supplicationibus
1695 2538 1755 2590 ve-

346 2631 509 2704 nerabilis
525 2633 659 2704 abbatis
676 2642 710 2704 et
728 2645 920 2708 conventus
936 2635 981 2708 de
996 2637 1107 2707 Salem
1135 2635 1288 2709 fidelium
1307 2647 1500 2710 nostrorum
1524 2639 1756 2712 favorabiliter

346 2753 516 2844 inclinati,
536 2755 627 2850 ipsos
652 2777 730 2827 cum
749 2757 949 2830 hominibus
973 2771 1007 2830 et
1034 2759 1204 2832 universis
1227 2760 1326 2832 bonis
1344 2761 1416 2832 suis
1441 2783 1510 2855 que
1531 2771 1644 2834 vestre
1656 2762 1757 2854 juris·

265 2949 272 2960 ,
347 2877 488 2950 dictioni
511 2879 688 2972 adjacent,
714 2880 907 2954 defensioni
932 2891 1044 2954 vestre
1063 2881 1230 2954 duximus
1254 2883 1534 2975 committendam
1556 2885 1757 2958 auctoritate

346 3012 489 3096 paterna
508 3013 543 3075 et
563 3014 678 3076 nostra
696 3005 922 3099 precipientes
939 3005 1041 3078 vobis
1059 3004 1200 3078 firmiter
1216 3016 1250 3078 et
1272 3007 1423 3079 districte
1445 3018 1616 3101 quatenus
1634 3030 1757 3082 causas

347 3145 464 3196 eorum
482 3124 632 3198 audiatis
649 3126 836 3220 benignius
856 3137 890 3200 et
907 3149 966 3200 eos
984 3129 1019 3198 iu
1040 3127 1203 3223 predictis
1218 3129 1318 3200 bonis
1335 3137 1369 3199 et
1384 3127 1581 3202 hominibus
1598 3131 1670 3202 suis
1687 3140 1756 3203 tam

347 3247 527 3320 efficaciter
542 3251 795 3323 manuteneatis
811 3261 845 3324 et
859 3251 1054 3324 defendatis
1069 3274 1112 3324 ne
1128 3253 1172 3324 ab
1183 3251 1376 3346 aliquorum
1400 3254 1587 3325 temerariis
1606 3254 1757 3328 invasio·

348 3371 700 3446 nibusmolestentur.

397 3495 521 3565 Datum
539 3495 635 3591 apud
651 3497 829 3591 Vilingeu,
846 3499 1111 3594 Vseptembris,
1129 3499 1207 3570 Xlll
1223 3497 1449 3597 indictionis(
1473 3497 1501 3595 ).

405 4053 618 4158 Conradus,
642 4053 681 4133 iu
705 4053 962 4136 Romanorum
980 4077 1110 4160 regem
1132 4053 1296 4159 electus,
1319 4055 1540 4138 auctoritate
1562 4057 1757 4164 patrissui

350 4193 388 4268 ei
409 4211 499 4293 sua,
524 4187 736 4268 Alhardum
756 4187 932 4269 abbatem
950 4188 998 4269 de
1019 4186 1168 4270 Ebrach
1191 4197 1229 4268 ei
1250 4200 1477 4270 conventum
1500 4188 1601 4298 ejus,
1625 4191 1758 4274 Cister-

351 4320 486 4402 eiensis
504 4321 667 4428 ordinis,
688 4347 776 4431 cum
795 4323 966 4429 personis
989 4332 1025 4403 et
1044 4322 1174 4428 boma,
1195 4324 1419 4403 nominatim
1442 4350 1531 4405 cum
1549 4326 1703 4433 praedio
1721 4337 1759 4408 et

350 4452 550 4560 parrochia
567 4454 615 4535 de
638 4451 837 4560 Swabach,
857 4453 897 4532 in
918 4453 1118 4560 specialem
1137 4455 1408 4561 protectionem
1430 4456 1627 4564 recipiens,
1649 4455 1758 4566 juxta

492 4635 740 4642 --1-‹—-..-...-..--.--
764 4635 811 4642 ι..
842 4635 864 4641 ι-
933 4635 937 4640 -
1057 4636 1079 4640 ..
1287 4636 1292 4644 ι
1362 4635 1599 4646 ι--ι---σ-ι

387 4717 424 4788 (t)
442 4717 490 4773 llio
505 4717 577 4774 locus
591 4733 718 4791 magnum
733 4718 850 4792 opinioni
864 4724 971 4775 nostrae
986 4717 1168 4775 fulcimentum
1189 4718 1275 4790 addit,
1294 4720 1420 4778 videlicet
1433 4723 1504 4794 quod
1518 4723 1656 4781 Corradus
1672 4722 1756 4780 indic·

351 4811 421 4870 done
436 4813 560 4881 Cesarea,
576 4831 629 4872 non
645 4831 710 4873 vero
722 4813 835 4887 Graece,
851 4815 891 4871 uti
905 4815 999 4872 solitus
1013 4815 1102 4872 fuerit.

434 4915 467 4974 V.
491 4931 546 4973 Pan
557 4932 578 4974 2.
1543 4929 1598 4980 152

1836 1203 1899 1256 Apud

1801 1255 1913 1308 villingen
1921 1280 1929 1302 .

1782 1311 1796 1352 t
1809 1309 1949 1364 septembris.

1842 4069 1905 4122 Apud

1797 4122 1949 4172 daremberg,

1813 4177 1936 4218 novembri.
