4374 6010
534 635 596 700 aea
987 645 990 650 ·
1034 643 1251 706 uurnualcr
1271 645 1445 707 suanum
1757 649 1941 732 [arausio.

521 807 523 812 -
617 743 1119 856 (mqar.tm1m.auauar.1r,for.
1137 787 1175 842 aa
1189 787 1285 856 recem
1299 781 1333 842 aa
1346 780 1419 842 cart.
1437 778 1573 858 carm„
1587 797 1619 858 p.
1635 782 1720 861 aar.)

581 930 666 1001 item
683 931 726 1002 P.
743 929 782 1002 da
799 931 918 1026 Capua
929 930 1128 1028 junioris).

581 1051 801 1146 Fredericus,
819 1067 901 1149 etc,
918 1058 1045 1151 bajulis
1068 1069 1102 1130 et
1121 1055 1326 1130 londicariis
1342 1054 1549 1148 Brundusii,
1572 1065 1639 1129 etc.
1661 1055 1748 1131 Cum
1774 1061 1941 1134 noudum

533 1173 742 1248 Gualterium
760 1177 804 1251 de
820 1177 936 1274 Capua
955 1179 1094 1254 fidelem
1117 1188 1291 1271 nostrum,
1311 1180 1453 1253 latorem
1465 1181 1696 1275 presentium,
1713 1203 1776 1278 pro
1798 1183 1941 1276 quibus-

533 1297 614 1370 dam
644 1301 770 1372 nostris
793 1303 942 1376 servitiis
964 1302 1197 1393 destinemus,
1226 1302 1382 1376 fidelitati
1407 1313 1521 1376 vestre
1550 1301 1694 1377 firmiter
1722 1307 1941 1404 precipiendo

532 1421 739 1496 mandamus
754 1435 927 1520 quatenus
943 1427 1058 1501 eidem
1079 1427 1211 1501 notario
1229 1427 1276 1500 ad
1290 1427 1552 1522 requisitionem
1565 1449 1664 1500 suam
1679 1429 1844 1504 assistatis
1861 1452 1938 1528 ope,

531 1546 724 1620 concilicet
742 1549 877 1640 lavore,
900 1550 949 1622 ite
963 1551 1030 1622 ut
1020 1572 1095 1645 lpse
1112 1551 1254 1622 servitia
1272 1557 1388 1622 nostra
1407 1550 1515 1643 possit
1534 1551 1662 1648 exequi
1677 1551 1767 1625 sicut
1781 1551 1893 1646 decet,
1909 1563 1942 1627 et

532 1690 597 1762 nos
613 1668 830 1762 devotionem
850 1682 999 1764 vestram
1016 1673 1098 1746 inde
1116 1673 1238 1747 merito
1255 1672 1585 1782 commendemus.

579 1793 707 1868 Datum
723 1795 841 1890 Pogla,
861 1797 924 1928 XP
940 1797 1078 1894 aprelis,
1098 1797 1176 1870 Xlll
1195 1783 1404 1870 indictionis.

726 2088 901 2098 .-.μ-...-
907 2087 1723 2098 -.-.-—-—--—-—-—--.--—-—---—--

581 2335 805 2422 Mandatum
823 2338 873 2420 ad
900 2346 1058 2449 gaytum
1076 2339 1255 2424 Panormi
1282 2365 1353 2449 pro
1379 2340 1567 2508 diruemo
1585 2339 1755 2426 aedificio
1777 2343 1939 2427 fratrum

421 2360 719 2615 Minorem
738 2472 840 2602 apud
858 2471 1106 2606 Panormum.

609 2609 739 2752 (depost.
754 2671 857 2750 impar.
872 2668 993 2731 Frcdsr.
1012 2671 1053 2748 11,
1067 2623 1121 2733 iol.
1139 2677 1176 2732 99
1190 2677 1287 2748 ιοοιος
1302 2673 1419 2734 laedit.
1436 2673 1561 2736 (lorcam
1564 2690 1620 2752 ,.p
1638 2673 1721 2753 397.)

575 2843 659 2914 item
676 2845 881 2938 Procopius.

575 2968 789 3056 Frederieus‚
808 2978 892 3058 etc,
907 2967 1042 3041 notario
1055 2967 1213 3064 Philippo
1231 2977 1336 3064 geylo
1353 2968 1532 3062 Panormi,
1548 2977 1615 3042 etc.
1632 2969 1807 3043 intellexit
1824 2979 1941 3045 nosue

526 3091 691 3162 serenitas
716 3089 811 3183 quod
838 3089 1013 3164 edificium
1040 3090 1123 3163 olim
1150 3089 1202 3187 (l)
1226 3113 1289 3186 per
1314 3093 1434 3164 iratres
1460 3093 1613 3166 Minores
1639 3093 1815 3189 inceptum
1838 3095 1942 3188 juxta

525 3223 665 3309 portum
683 3213 834 3286 ciuitatis
852 3223 968 3288 nosue
983 3213 1143 3286 Panormi
1161 3213 1257 3309 quod
1271 3213 1516 3288 mandarimus
1533 3215 1640 3307 dirui,
1657 3216 1704 3291 ad
1721 3237 1862 3312 presens
1876 3239 1942 3292 re-

525 3336 638 3410 ficitur
653 3337 698 3409 ab
713 3337 844 3411 eisdem
861 3347 980 3411 contra
994 3337 1197 3412 mandatum
1224 3347 1393 3413 nostmm.
1412 3339 1527 3425 Quare
1543 3341 1752 3416 mandamus
1764 3350 1939 3438 quatcms

525 3464 555 3538 si
571 3473 623 3536 cst
638 3465 704 3557 ita,
722 3465 837 3561 ipsum
852 3465 1030 3538 edificium
1049 3467 1269 3560 aliquatenus
1285 3465 1440 3540 consum
1454 3487 1524 3542 non
1540 3469 1736 3564 permictss.

573 3591 698 3662 Datum
716 3591 833 3684 Fogie,
855 3591 918 3664 XV
934 3590 1073 3686 aprelis,
1103 3591 1180 3662 Xlll
1198 3591 1409 3665 indictionis.

566 3759 609 3842 (a)
631 3731 898 3841 Verislmillterqul
911 3778 1001 3842 supra
1012 3761 1131 3824 etlnfra
1150 3759 1269 3844 Wclsaa'
1281 3733 1655 3843 cognomlnedlsccrnltur.

524 4038 594 4096 unde
609 4037 696 4096 denuo
710 4037 849 4096 maurium
861 3992 994 4096 habemus
1008 4037 1160 4113 suspicandi
1175 4043 1308 4113 regestum
1322 4037 1394 4098 aliud
1408 4037 1542 4112 quoddam
1554 4037 1679 4112 generale
1693 4039 1784 4102 euriae
1795 4044 1823 4100 et
1834 4040 1936 4100 offida-

522 4134 589 4192 lium
604 4133 724 4191 omnium
737 4133 844 4193 eduam
851 4136 952 4207 ‚cujus
971 4141 1105 4208 regestum
1118 4135 1190 4192 istud
1212 4135 1394 4193 tantummodo
1413 4135 1602 4237 compendium
1619 4149 1681 4194 csse
1693 4135 1809 4210 videtur,
1822 4141 1850 4194 et
1862 4137 1937 4197 unde

511 4231 694 4290 ¹amanuensis
705 4231 813 4290 nomina
824 4231 928 4306 integra
937 4237 965 4288 et
978 4239 1053 4291 notm
1064 4233 1143 4292 utiles
1156 4233 1311 4291 exuererit.

559 4329 596 4403 (t)
614 4328 721 4386 Scilicet
734 4343 805 4388 anno
821 4331 901 4401 ⁴235,
917 4334 947 4386 ut
959 4337 1052 4388 monet
1064 4329 1186 4403 Inveges‚
1196 4330 1297 4388 Annol.
1312 4329 1343 4387 dt
1356 4327 1491 4398 Polermc,
1506 4335 1527 4387 t.
1540 4329 1577 4387 111
1579 4343 1628 4402 p.
1642 4331 1695 4388 ιιιθ
1698 4327 1934 4402 ,quimaudatum

521 4426 595 4485 istud
607 4427 726 4485 referens
737 4443 800 4484 cum
810 4427 880 4486 notis
894 4427 1085 4502 chronologicis
1101 4429 1217 4503 eudem,
1232 4429 1260 4488 id
1271 4435 1363 4486 tamen
1378 4429 1471 4486 datam
1486 4428 1557 4502 apud
1571 4421 1876 4503 Celanum'Capitinatas
1889 4429 1934 4484 in-

522 4523 603 4598 dicat,
614 4525 671 4583 sive
680 4525 752 4583 aliud
764 4525 845 4598 hujus
858 4527 956 4600 regesti
969 4525 1106 4601 exemplar
1117 4526 1197 4585 hodie
1211 4527 1375 4602 incognitum
1385 4541 1451 4602 prae
1463 4525 1547 4585 oculis
1557 4519 1761 4599 educatam
1774 4515 1848 4588 istud
1859 4513 1933 4584 idem

521 4623 601 4699 paulo
614 4621 733 4681 consulte
743 4621 874 4680 citaverit.
