4468 6010
273 695 370 756 lnorcr.
388 691 449 777 lo]
719 692 915 756 HISTORIA
942 693 1237 756 nlrnorlnutcs.
1624 692 1680 755 811

273 827 353 920 gula
366 846 437 921 que
450 824 495 898 dc
508 825 707 898 marescallo
721 834 839 898 nostro
851 847 921 919 que
937 825 972 896 in
992 824 1119 919 Apulia
1133 833 1184 898 est
1197 823 1407 919 profectibus
1423 822 1685 896 continebuntur

273 950 308 1020 in
330 950 400 1040 cis,
421 947 624 1022 audivimus
651 957 685 1021 ct
708 948 944 1021 intelleximus
963 949 1164 1042 diligenter,
1182 946 1335 1020 studium
1361 957 1460 1018 tuum
1478 947 1513 1018 in
1530 968 1572 1020 eo
1589 947 1685 1040 quod

271 1074 427 1164 jumenta
443 1094 505 1168 per
521 1094 559 1146 sc
579 1081 613 1146 et
630 1072 716 1168 pulli
739 1092 786 1144 cx
806 1093 877 1166 quo
893 1072 1021 1144 habent
1036 1094 1165 1144 annum
1189 1094 1297 1143 unum
1321 1091 1383 1166 per
1398 1091 1437 1142 se
1452 1071 1609 1144 similiter
1623 1092 1686 1165 per

272 1196 423 1290 spatium
437 1195 556 1268 decem
575 1197 633 1268 vol
655 1195 839 1269 duodecim
860 1196 1046 1268 miliarium
1072 1199 1215 1290 longua
1237 1194 1441 1268 stallonibus
1466 1203 1501 1267 et
1520 1195 1685 1286 jumentis

272 1319 536 1407 custodiuntur,
557 1319 686 1414 optime
708 1319 830 1391 morito
846 1319 1141 1392 commendantes.
1163 1320 1251 1404 Quia
1269 1339 1353 1392 vero
1374 1316 1573 1413 significasti
1590 1316 1685 1412 quod

272 1442 377 1514 unius
393 1441 569 1530 custodis,
585 1463 663 1513 cum
681 1442 750 1512 sint
762 1451 913 1535 quatuor
931 1443 1131 1515 marescallo
1151 1441 1326 1532 custodes,
1341 1441 1451 1512 minui
1462 1449 1602 1535 possent
1618 1463 1685 1514 cx-

271 1586 377 1660 pcnse
399 1565 475 1637 sine
497 1564 716 1638 incommodo
733 1566 949 1654 marescallo,
974 1566 1041 1638 hoc
1063 1566 1126 1638 tibi
1147 1565 1315 1638 duximus
1341 1565 1621 1637 committendum
1647 1574 1686 1638 ut

271 1689 353 1762 inde
376 1690 485 1762 lucian
505 1688 601 1782 qnod
618 1689 735 1762 utilius
750 1689 853 1761 luerit
871 1689 1088 1780 laciendum,
1114 1688 1209 1784 quod
1231 1709 1295 1762 nec
1307 1689 1507 1760 marescallo
1528 1689 1685 1762 custodia

272 1813 447 1886 defectum
466 1821 501 1884 ct
523 1811 603 1886 ideo
627 1811 818 1906 dompnum
841 1813 939 1886 aliud
964 1814 1117 1885 incurrat
1138 1833 1202 1885 nec
1218 1833 1387 1908 expensus
1408 1813 1546 1886 inutiles
1562 1821 1597 1884 et
1619 1835 1687 1886 su-

271 1936 422 2031 perfluas
444 1934 519 2008 lieri
542 1935 696 2030 patiaris.
724 1935 823 2008 Coria
847 1957 931 2010 vero
949 1957 1019 2031 que
1041 1957 1143 2030 posse
1168 1936 1275 2009 vendi
1295 1936 1481 2030 scripsisti,
1500 1936 1530 2007 si
1556 1939 1685 2010 servari

272 2069 412 2152 possent
436 2081 500 2154 pro
525 2059 603 2132 eliis
625 2060 750 2132 nostris
775 2059 926 2132 servitiis
948 2059 1134 2150 iaciendis,
1161 2061 1323 2132 nolumus
1347 2059 1443 2153 quod
1472 2059 1682 2133 venduntor.

273 2183 429 2255 Ceterum
443 2203 549 2276 super
566 2183 767 2255 marcocella
783 2183 858 2278 ipsu
872 2192 906 2255 te
918 2183 968 2255 sic
982 2183 1171 2274 intentum,
1194 2192 1260 2255 etc.

318 2307 447 2378 Datum
463 2305 620 2394 Corneli,
638 2307 698 2380 Vll
714 2307 845 2397 martii,
866 2307 944 2378 Xlll
960 2306 1169 2380 indictionis.

478 2623 1388 2638 —n—-uu—*n——ffl
1394 2627 1482 2636 -α

324 2891 548 2979 Mandatum
567 2894 617 2975 ud
639 2892 834 2976 Andream
851 2895 900 2978 do
919 2893 1045 2978 Cicula
1070 2919 1141 3005 pro
1163 2895 1274 2980 Petro
1293 2896 1442 2981 Saxone
1460 2899 1508 2984 de
1529 2899 1684 3010 Neapoli
1782 2901 1820 2936 ‘³'

275 3027 472 3110 statuendo
490 3027 531 3108 in
548 3035 662 3135 portu
679 3025 835 3137 Regulis
852 3027 934 3112 vice
950 3027 1079 3116 Morici
1092 3029 1141 3112 de
1159 3029 1328 3140 Syponto
1346 3031 1501 3114 infirmi.

354 3241 481 3323 (ruat.
496 3242 600 3323 emper.
613 3240 732 3306 nour.
748 3243 789 3323 rr,
803 3245 857 3309 ror.
874 3256 909 3308 cr
924 3250 1015 3318 rectu
1029 3247 1062 3306 ιιι
1075 3244 1147 3306 eur.
1164 3245 1301 3326 oron,
1314 3263 1345 3324 p.
1360 3247 1444 3326 sco.)

321 3416 368 3486 Dc
383 3415 553 3510 impcn'clc'
570 3416 727 3488 mandato
745 3419 835 3508 [octo
847 3405 1066 3512 pcr'judiccm
1084 3417 1251 3490 Taddctrm
1266 3419 1397 3511 scripsit
1415 3421 1456 3491 P.
1479 3419 1518 3490 dc
1537 3421 1653 3514 Capua
1671 3447 1683 3493 .·

319 3539 535 3629 Fredericus,
554 3548 638 3631 otc,
653 3537 793 3612 Andrcc
809 3540 855 3612 dc
869 3540 981 3613 Cicclu
1003 3540 1201 3636 cupiteneo,
1218 3552 1284 3616 etc.
1307 3541 1448 3616 Dudum
1468 3545 1503 3614 in
1522 3554 1622 3639 portu
1640 3547 1685 3620 de

268 3685 364 3739 nouo
385 3672 513 3738 statuto
529 3664 567 3736 in
588 3665 729 3755 Regulis
751 3664 920 3738 Muricum
940 3665 986 3738 de
1010 3667 1163 3761 Syponto
1187 3673 1222 3738 et
1245 3667 1403 3740 llaurum
1425 3667 1470 3740 do
1492 3667 1685 3743 Thermulie

266 3786 393 3862 fideles
406 3794 544 3860 nostros
564 3786 724 3860 custodes
746 3787 912 3860 duximus
928 3789 1150 3872 statuendos,
1166 3799 1258 3861 certa
1274 3791 1384 3861 forma
1408 3790 1458 3863 cis
1473 3811 1535 3884 per
1551 3793 1684 3865 licterus

266 3917 407 3983 nostran
428 3909 529 4002 duta,
552 3910 641 3982 sicut
660 3910 737 3984 eliis
759 3912 967 4006 portulanis,
987 3921 1027 3983 ut
1050 3910 1243 4006 predictum
1268 3913 1383 4006 ipsum
1408 3914 1559 3986 officium
1584 3937 1684 3988 exer·

264 4043 400 4108 ocrem.
419 4035 537 4130 Nuper
554 4055 638 4108 suno
653 4043 770 4108 nostru
791 4036 957 4108 serenitas
975 4035 1145 4108 intellexit
1165 4035 1261 4129 qnod
1281 4034 1459 4129 predictus
1476 4038 1623 4110 Moricus
1639 4037 1684 4111 dc

262 4159 426 4253 Syponlo
443 4159 553 4230 taliter
572 4157 764 4232 infirmetur
777 4167 817 4232 ut
829 4159 1024 4254 predictum
1042 4159 1194 4231 officium
1213 4158 1279 4230 sibi
1298 4160 1517 4231 commissum
1536 4170 1685 4254 nequent

260 4302 446 4354 exercerc.
463 4282 623 4354 Nolentes
636 4282 741 4376 igitur
755 4292 796 4355 ut
809 4281 964 4356 delectus
978 4284 1015 4354 in
1030 4283 1155 4355 nostris
1173 4281 1322 4355 servitiis
1334 4283 1513 4370 habeatur,
1529 4283 1685 4357 fidelitati

258 4413 322 4478 tuo
334 4403 565 4501 precipiendo
575 4404 781 4478 mundamus
791 4416 977 4501 quatenus,
990 4408 1019 4478 ei
1031 4407 1220 4479 constiterit
1232 4405 1294 4477 tibi
1304 4405 1349 4478 dc
1361 4406 1556 4481 infirmitate
1567 4406 1684 4481 llorici

258 4528 429 4623 predicti,
444 4537 570 4602 vocato
584 4529 631 4602 ud
648 4537 683 4602 te
696 4531 794 4603 Petro
809 4531 949 4603 Saxone
968 4529 1013 4604 dc
1027 4531 1169 4626 Neapoli
1181 4539 1215 4602 et
1231 4539 1369 4625 recepto
1381 4531 1427 4601 ab
1446 4551 1487 4603 co
1504 4553 1566 4625 pro
1588 4540 1684 4625 parto

258 4654 361 4727 curie
373 4659 494 4725 nostre
508 4651 683 4726 fidelitatis
696 4663 731 4728 ot
745 4655 848 4728 officii
859 4657 1069 4747 juramento,
1086 4654 1152 4726 sibi
1166 4653 1321 4726 districte
1334 4653 1502 4748 precipias
1513 4664 1683 4748 quotenus

257 4777 336 4873 ipss
350 4799 430 4851 nno
448 4799 529 4852 cum
541 4778 696 4874 predicto
709 4779 829 4852 lluuro
844 4777 890 4852 ds
902 4777 1094 4852 Thermulis
1107 4777 1256 4850 officinm
1271 4777 1508 4872 supradictum
1521 4799 1684 4852 exercere
