4374 6010
526 755 589 818 928
1026 751 1241 814 releuaret
1265 751 1439 814 sacello!
1748 751 1830 830 [Aac.
1847 751 1930 815 lule

573 885 795 978 Fredericus,
816 893 899 974 etc,
925 883 1054 958 Allerio
1076 887 1260 962 metellano
1276 886 1388 960 Buroli
1412 883 1506 959 fideli
1526 905 1611 974 suo,
1630 892 1698 956 etc.
1721 884 1932 978 Supplicarit

527 1009 730 1083 excellentie
748 1017 863 1082 nostre
877 1007 1032 1101 Angelus
1049 1008 1096 1082 de
1109 1011 1219 1084 Merra
1237 1009 1349 1086 fidelis
1366 1017 1481 1082 noster
1497 1007 1685 1102 quodcum
1710 1007 1828 1080 sibiet
1846 1009 1930 1103 patri

526 1154 590 1206 suo
602 1132 706 1205 datus
719 1131 822 1204 fuerit
839 1130 887 1205 ad
907 1130 1099 1204 custodiam
1112 1132 1285 1206 Iordanes
1303 1134 1403 1206 obses
1418 1131 1556 1220 Padue,
1574 1132 1657 1225 quia
1669 1129 1762 1204 idem
1780 1131 1932 1224 Angelus

525 1254 698 1329 interdum
716 1277 777 1350 pro
792 1253 944 1327 serviliis
960 1255 1084 1328 nostris
1099 1255 1135 1326 in
1154 1255 1293 1330 civitate
1312 1255 1425 1328 Baroli
1448 1275 1517 1326 non
1542 1263 1595 1328 eet
1617 1274 1760 1348 presens
1780 1263 1815 1326 at
1838 1262 1931 1348 pater

525 1398 610 1448 suus
631 1387 804 1450 senectute
821 1386 1001 1472 gravatur,
1023 1387 1160 1472 propter
1185 1377 1282 1471 quod
1304 1399 1374 1450 non
1394 1377 1502 1472 possit
1521 1397 1601 1449 eum
1627 1377 1662 1446 iu
1686 1376 1825 1448 eivitatc
1845 1385 1880 1448 et
1895 1377 1929 1448 in

524 1498 628 1573 domo
642 1521 705 1573 sna
722 1521 842 1574 secure
857 1499 946 1572 sicut
958 1499 1100 1596 expedit
1110 1498 1296 1586 custodire,
1309 1521 1372 1572 nos
1384 1498 1545 1572 eumdem
1562 1497 1751 1572 Iordanum
1765 1499 1802 1569 in
1820 1507 1929 1572 castro

523 1623 635 1695 Baroli
657 1623 824 1695 custoditi
842 1630 922 1696 curn
939 1621 1102 1718 expensis
1124 1644 1243 1696 eorem
1265 1622 1310 1697 de
1326 1631 1441 1696 nostra
1459 1623 1571 1715 gratia
1587 1621 1842 1695 mandaremus.
1864 1623 1929 1695 Nos

523 1742 629 1836 igitur
644 1744 866 1840 precipiendo
881 1743 1087 1816 mandamus
1101 1755 1273 1838 quatenus
1286 1744 1417 1818 diclunr
1433 1745 1621 1818 Iordanum
1637 1745 1672 1815 in
1687 1754 1798 1817 oestro
1816 1755 1928 1818 nostro

523 1867 634 1938 Baroli
651 1868 798 1962 recipias
813 1878 848 1940 et
870 1867 1044 1940 custodias
1062 1867 1261 1962 diligenter,
1287 1867 1427 1941 adamo
1445 1868 1615 1941 dletorum
1633 1866 1759 1960 Angeli
1775 1876 1810 1940 et
1827 1868 1927 1962 patris

523 1989 577 2061 sui
596 2010 766 2085 expensas
782 2012 844 2086 pro
862 1990 958 2062 victu
972 1999 1007 2062 et
1026 1989 1151 2064 vestitu
1168 1991 1324 2084 ejusdem
1338 1991 1477 2065 Jordani
1493 1991 1625 2066 obsidis
1640 2002 1853 2088 recepturus

571 2115 697 2186 Datum
710 2114 810 2204 Orto,
830 2113 952 2187 XXVII
966 2115 1107 2210 aprelis,
1126 2115 1201 2188 XIII
1217 2115 1427 2189 indictionis.

382 2719 444 2806 ιιι.
573 2681 796 2769 Mandatum
814 2682 864 2764 ad
882 2681 1093 2766 Iohannem
1110 2682 1158 2765 de
1176 2683 1365 2813 Panormo
1383 2681 1487 2792 quod
1512 2682 1617 2765 omni
1635 2707 1744 2764 mora
1760 2689 1927 2764 cessante

522 2813 569 2897 ad
587 2814 840 2924 praesentiam
857 2813 1038 2925 principis
1056 2813 1195 2898 veniat.

602 3034 729 3116 (deceat.
741 3036 845 3116 isuper.
858 3033 976 3096 Fredcr.
992 3035 1031 3111 11,
1046 3035 1099 3099 lol.
1118 3043 1173 3098 tot
1189 3039 1337 3111 verso31n
1352 3037 1423 3098 odit.
1436 3035 1573 3116 Curcen,
1587 3053 1616 3116 p
1632 3035 1718 3116 404.)

570 3235 617 3303 Ile
633 3233 789 3305 mndata
804 3233 973 3330 Impara'oli
988 3234 1074 3324 [octo
1094 3254 1155 3327 per
1169 3237 1335 3306 notorium
1347 3235 1389 3305 ll.
1407 3232 1447 3305 dc
1464 3233 1560 3328 Sapie
1580 3234 1715 3328 scripsit
1730 3231 1870 3304 loculos
1888 3229 1929 3302 dc

521 3357 650 3428 Bactra
667 3378 678 3421 :

573 3476 793 3566 Fredericus,
823 3486 906 3569 etc,
937 3479 1101 3571 magistro
1124 3478 1271 3552 Iohanni
1300 3477 1345 3552 de
1369 3478 1554 3568 Panormo,
1583 3487 1648 3550 etc.
1674 3476 1845 3550 Fidelitati
1871 3484 1929 3549 tue

521 3599 674 3674 dIstricle
686 3599 910 3696 precipiendo
927 3601 1131 3675 mandamus
1149 3609 1321 3696 quatenus
1332 3601 1417 3675 visis
1432 3601 1499 3698 hys
1516 3601 1655 3694 licteris,
1673 3602 1767 3674 omni
1782 3621 1878 3673 mora
1894 3609 1929 3673 el

520 3723 938 3816 occasionecessanle,ad
952 3746 1089 3819 uesper
1103 3746 1196 3798 mare
1211 3735 1244 3798 te
1259 3725 1414 3798 conferes
1427 3725 1636 3812 festinanter,
1654 3745 1780 3796 cavens
1791 3744 1836 3796 na
1847 3721 1928 3794 iude

520 3846 616 3920 aliud
632 3846 750 3920 iacias.
770 3847 818 3920 Te
832 3847 924 3920 enim
942 3851 1105 3922 volumus
1119 3847 1406 3944 proquibusdam
1422 3848 1548 3922 nostris
1569 3847 1720 3920 servitiis
1734 3847 1924 3938 destinare,

520 3981 555 4044 et
572 3992 652 4044 ecce
669 3970 765 4066 quod
783 3971 954 4045 mictimus
972 3973 1034 4045 tibi
1051 3973 1239 4046 barcettam
1254 3974 1290 4044 in
1306 3995 1377 4067 qua
1392 3993 1537 4070 propere
1554 3973 1674 4047 venire
1685 3973 1814 4046 valeas.

567 4099 691 4169 Datum
710 4097 807 4190 Orte,
824 4099 948 4170 XXVII
966 4099 1114 4194 aprelis,
1130 4099 1208 4171 XIII
1227 4097 1436 4171 indictionis.
1493 4087 1497 4094 ⁵

567 4221 651 4292 Item
668 4219 777 4316 scrips
809 4223 833 4292 it
851 4274 860 4292 .
876 4219 922 4293 de
938 4221 1055 4317 Capua
1066 4223 1168 4296 vitali
1187 4221 1233 4296 de
1250 4219 1383 4296 dvorsa
1398 4221 1492 4316 quod
1505 4219 1633 4294 veniat.

566 4343 705 4416 XXVIII
721 4343 846 4438 aprelis
862 4343 900 4415 in
917 4343 998 4418 Orta
1013 4343 1059 4418 de
1075 4345 1238 4419 mandato
1253 4345 1421 4441 imperiali
1439 4346 1529 4418 lacto
1545 4365 1607 4439 per
1625 4341 1824 4436 magistrum
1835 4339 1926 4433 Rog-

518 4465 652 4559 gerium
667 4465 712 4540 de
727 4467 865 4540 Camere
882 4467 1074 4564 scripsitP.
1094 4467 1139 4542 de
1160 4467 1277 4564 Capua
1297 4467 1344 4542 ad
1368 4469 1531 4562 Majorem
1553 4469 1796 4540 Plancatonem
1814 4483 1925 4536 secre-

518 4600 591 4663 tum
602 4590 759 4664 Messana
770 4591 866 4687 quod
876 4592 961 4664 visis
975 4592 1101 4666 licteris
1114 4591 1189 4666 lieri
1205 4593 1307 4666 faciat
1319 4592 1502 4686 sexaginta
1515 4600 1655 4689 tappete
1669 4611 1732 4688 pro
1755 4585 1926 4684 leopardis

516 4723 552 4788 et
569 4714 708 4810 lri3Inla
725 4736 788 4811 pro
809 4715 944 4790 arnosia
960 4725 994 4788 et
1010 4716 1099 4790 lacta
1115 4717 1233 4791 ualclat
1247 4715 1292 4790 ad
1311 4737 1496 4790 munerum.
