4468 6010
513 621 573 684 ’166
1010 621 1223 684 turonum!
1243 622 1416 686 sncuout
1728 622 1808 704 [Arri.
1826 623 1912 686 rulo.

513 755 703 830 viderimus
720 763 838 829 contra
853 776 913 830 eos
934 755 981 828 ad
997 778 1154 852 presens,
1178 759 1267 830 ultra
1288 779 1357 830 uon
1372 756 1527 831 vidimus
1552 755 1822 852 procedendum.
1842 759 1915 832 Tue

512 878 730 973 providentie
744 879 975 973 relinquentes
996 887 1035 951 nt
1052 879 1082 950 si
1101 881 1225 976 poterit
1246 901 1294 956 ex
1316 881 1469 975 ipsorum
1491 889 1586 952 mora
1608 880 1751 974 aliquod
1766 882 1915 954 servitiis

512 1010 626 1076 nostre
653 1003 749 1075 curie
772 1002 964 1098 pericnlum
989 1004 1129 1078 euenire
1151 1014 1211 1078 aut
1236 1003 1381 1100 pacifico
1409 1003 1513 1076 statui
1539 1003 1690 1097 regionis
1713 1005 1847 1094 afferri,
1877 1005 1914 1078 id

511 1125 642 1199 exinde
658 1125 762 1199 facias
780 1125 876 1220 quod
894 1125 941 1200 ad
964 1125 1131 1202 honorem
1155 1137 1311 1200 nostrum
1334 1136 1369 1200 et
1391 1125 1609 1199 commodum
1634 1125 1759 1200 debeat
1782 1126 1915 1200 redun-

512 1247 608 1322 dare.
629 1251 678 1323 lle
697 1249 815 1322 castris
832 1270 915 1322 vero
935 1249 1050 1324 lnsule
1071 1260 1106 1323 et
1120 1250 1258 1324 Pastine
1275 1250 1381 1323 nichil
1398 1248 1494 1322 aliud
1515 1248 1561 1322 ad
1581 1269 1721 1344 presens
1739 1249 1804 1320 nisi
1820 1249 1915 1343 quod

510 1372 711 1444 factumest
736 1372 818 1445 iude
834 1371 908 1446 lieri
926 1372 1101 1464 volentes,
1123 1372 1279 1448 fidelitati
1298 1383 1357 1448 tue
1377 1373 1584 1448 mundamus
1607 1382 1778 1467 quatenus
1801 1373 1915 1446 eidem

510 1495 649 1589 negotio
673 1495 900 1591 supersedeas
922 1516 986 1568 nec
1010 1496 1099 1569 ultra
1118 1497 1284 1593 procedas
1302 1497 1412 1570 donec
1433 1495 1531 1569 uliud
1545 1495 1747 1568 mandatum
1763 1517 1785 1567 a
1801 1503 1916 1568 nostra

510 1619 655 1712 recipias
686 1619 880 1710 majestate;
910 1628 1146 1692 verumtamen
1174 1621 1336 1694 volumus
1367 1629 1401 1692 et
1432 1619 1641 1715 precipimus
1670 1617 1826 1692 fidelitati
1857 1630 1916 1691 tue

508 1749 680 1833 quatenus
704 1739 735 1812 si
751 1739 922 1812 lortellitie
941 1749 1020 1813 sunt
1046 1743 1080 1812 in
1107 1741 1174 1815 illis
1201 1743 1302 1816 terris
1327 1743 1440 1815 autin
1461 1743 1538 1816 aliis
1559 1743 1657 1814 terris
1683 1752 1915 1836 suspectorum

509 1872 702 1936 nostrorum
722 1863 949 1936 existentibus
966 1864 1002 1935 in
1019 1865 1115 1958 regni
1134 1863 1282 1938 confinio
1297 1867 1387 1939 circa
1402 1873 1516 1960 partes
1532 1866 1644 1960 ipses,
1660 1887 1720 1938 eas
1735 1865 1917 1959 diligenter

509 1988 615 2060 iacias
637 1987 683 2061 ad
710 1986 874 2060 honorem
901 1989 1008 2060 nostri
1036 1989 1198 2062 culminis
1226 1990 1388 2063 custodiri
1420 1989 1466 2063 de
1497 1999 1663 2062 terrarum
1694 1990 1915 2085 proventibus

401 2137 402 2140 ¹
509 2109 722 2185 earumdem.

556 2234 682 2307 Datum
698 2234 858 2327 viterbii,
876 2235 956 2308 xxl
970 2235 1146 2329 februarii,
1164 2236 1241 2310 Xlll
1259 2235 1467 2310 indictionis.

561 2823 783 2910 Mandatum
802 2827 851 2912 ad
869 2828 1096 2913 lliocardum
1113 2830 1162 2913 de
1182 2830 1342 2916 Polemo
1363 2841 1407 2916 ut
1430 2834 1494 2916 det
1516 2859 1699 2944 expensas
1716 2833 1908 2920 Gualterio

508 2954 557 3038 de
575 2956 703 3041 Cicula
719 2985 790 3069 pro
808 2959 931 3044 tribus
949 2961 1159 3046 mensibus.

590 3166 717 3246 (depost.
732 3167 836 3248 imper.
847 3167 966 3232 stede.
978 3173 1018 3248 11,
1033 3171 1086 3233 iol.
1102 3181 1139 3234 tn
1152 3189 1254 3254 uerso3
1269 3177 1300 3235 in
1312 3175 1384 3238 edit.
1399 3173 1536 3256 Curcum,
1550 3193 1581 3254 p.
1598 3177 1682 3256 tto.)

558 3351 605 3420 Dc
629 3353 801 3444 impetenti
822 3355 977 3428 mundato
1003 3359 1088 3449 [octo
1112 3381 1175 3454 per
1200 3362 1396 3454 mopictrom
1417 3363 1554 3436 Petrum
1586 3362 1626 3435 de
1660 3359 1758 3436 Viaco
1783 3365 1916 3459 scripsit

508 3475 551 3544 P.
571 3473 611 3544 dc
629 3475 773 3570 Capua:

559 3597 780 3690 Fredericus,
796 3609 879 3691 etc,
896 3601 1062 3678 llicoardo
1075 3603 1119 3677 de
1135 3605 1291 3697 Pulcaro,
1309 3616 1376 3681 etc.
1395 3606 1534 3682 Dudum
1553 3607 1724 3683 Gualterio
1742 3609 1788 3683 de
1804 3609 1916 3682 Cicuta

511 3719 604 3794 fldeli
625 3730 740 3794 nostro
765 3723 916 3816 quedam
938 3726 1078 3799 servitia
1102 3729 1260 3802 culminis
1277 3732 1381 3804 nostri
1406 3733 1442 3803 in
1467 3733 1558 3806 Urbe
1581 3731 1815 3806 commisimus
1832 3753 1918 3805 exe-

511 3839 663 3956 quenda,
682 3844 886 3918 mandantes
904 3846 1019 3941 ipsum
1041 3847 1087 3922 ud
1103 3851 1229 3924 Urbem
1252 3853 1455 3948 procedere,
1476 3853 1512 3925 in
1532 3855 1670 3928 Terram
1698 3855 1837 3927 Laboris
1858 3875 1917 3926 re-

512 3967 603 4058 dire,
624 3965 674 4040 ire
693 3967 818 4040 iterum
841 3969 936 4064 apud
952 3971 1076 4044 Urbem
1097 3973 1198 4046 etad
1221 3983 1371 4048 nostram
1398 3977 1601 4071 presentiam
1629 3999 1667 4050 se
1693 3978 1861 4067 conterre,
1881 3984 1916 4049 et

512 4111 684 4186 expensos
697 4090 844 4162 duorum
861 4095 1032 4166 mensium
1046 4095 1134 4168 intra
1149 4119 1238 4190 quos
1253 4099 1438 4172 videbatur
1454 4097 1594 4173 servitia
1611 4100 1686 4194 ipsa
1704 4121 1806 4194 posse
1821 4121 1916 4172 oom-

510 4215 623 4309 plere‚
644 4235 707 4307 par
723 4213 893 4308 Angelum
911 4215 956 4288 de
976 4217 1087 4290 Merra
1110 4218 1246 4292 fidelem
1273 4233 1427 4295 nostrum
1442 4223 1510 4295 sibi
1532 4223 1741 4318 precipimus
1765 4223 1914 4316 elargiri.

512 4337 629 4431 Nuper
643 4357 728 4408 sane
749 4338 945 4411 insinuante
966 4340 1117 4434 predicto
1135 4342 1176 4415 G.
1196 4353 1309 4416 nostra
1332 4347 1499 4419 serenitas
1522 4345 1690 4419 intellexit
1713 4345 1808 4440 quod
1830 4347 1918 4418 ultre

513 4460 588 4531 illos
607 4458 695 4532 duos
712 4481 848 4533 menses
866 4462 941 4534 eliis
966 4463 1076 4536 tribus
1095 4467 1273 4540 mensibus
1288 4467 1437 4562 oportuit
1450 4491 1529 4543 eum
1548 4469 1583 4541 in
1602 4469 1685 4564 ipsis
1703 4469 1827 4541 nostris
1846 4489 1918 4540 ser·

513 4582 829 4674 vitiiscommorari,
843 4605 906 4678 pro
920 4585 1048 4679 quibus
1061 4609 1232 4682 expensas
1245 4591 1378 4685 aliquas
1393 4614 1464 4665 nou
1478 4593 1621 4689 recepit.
1632 4593 1748 4678 Quare
1762 4587 1917 4664 fidelitati
1978 4613 1983 4624 ·

514 4715 572 4776 tue
589 4705 795 4778 mandamus
813 4717 984 4800 quatenus
1003 4709 1032 4780 si
1056 4711 1244 4784 constiterit
1258 4711 1320 4784 tibi
1341 4714 1547 4808 jamdictum
1568 4715 1609 4788 G.
1630 4713 1794 4810 predictis
1808 4711 1917 4784 tribus
