4374 6010
536 619 596 684 898
1032 614 1246 682 sarnunto!
1271 617 1446 684 SECUNM
1757 619 1840 702 [bns.
1856 621 1941 688 teto.

584 752 716 828 Eodem
727 750 785 825 die
801 750 846 827 de
862 749 989 826 eodem
1001 749 1165 826 mandato
1178 747 1311 830 similes
1322 756 1438 832 lietera
1449 777 1513 853 per
1524 755 1641 830 omnia
1654 753 1781 851 scripte
1792 765 1944 854 suntpar

537 875 698 952 eumdem
715 875 754 948 P.
773 874 820 949 ad
832 875 1056 968 justitiarium
1072 884 1162 951 terre
1177 877 1318 952 idronti.
1394 959 1404 978 .

584 999 717 1074 Eodem
728 998 785 1072 die
798 998 843 1074 de
860 998 984 1074 eodem
994 998 1159 1074 mandato
1168 1001 1297 1078 similes
1312 1002 1428 1078 liotore
1443 1023 1505 1099 pm
1517 1003 1633 1077 omnin
1646 1002 1773 1100 seripte
1785 1013 1868 1076 sunt
1884 1024 1945 1104 per

538 1121 700 1198 eumdem
714 1123 753 1196 P.
769 1121 815 1198 ad
824 1121 1049 1216 justitiarium
1062 1123 1266 1220 Capitinate.

585 1245 718 1320 Eodem
736 1244 794 1319 die
813 1243 859 1318 de
882 1243 1006 1320 eodem
1027 1245 1191 1320 mandato
1210 1248 1340 1324 similes
1365 1249 1482 1324 lietera
1503 1271 1566 1348 per
1585 1251 1704 1326 omnia
1725 1251 1851 1348 scripte
1866 1261 1945 1330 sunt

538 1392 601 1466 per
612 1368 774 1444 eumdem
787 1367 1065 1464 adjustitiarium
1082 1368 1270 1445 Basilicnte.

742 1667 1174 1679 mmo-mnu·—
1180 1671 1257 1680 -n--n
1267 1671 1445 1680 -ιο-ι-ηιιιι--ο-ιιι
1480 1671 1515 1678 —=

591 1933 770 2020 Mandata
809 1928 858 2013 ad
890 1927 1115 2039 justitiarios
1151 1931 1201 2016 de
1243 1930 1425 2016 iaciendis
1467 1931 1776 2043 inquisitionibus
1817 1939 1946 2017 eonba

538 2067 728 2178 quosdam
751 2062 861 2173 juxta
896 2061 1201 2146 denuntiationes
1229 2065 1357 2148 euriae
1386 2073 1665 2175 praesentatae,
1696 2065 1945 2152 denuntiato·

539 2200 646 2284 ribus
661 2197 755 2306 ipsis
771 2195 813 2276 in
828 2193 1073 2304 inquisitione
1092 2194 1370 2281 assistentibus.

620 2411 747 2494 (nepot.
761 2408 864 2489 imper.
879 2404 998 2470 stede.
1015 2409 1054 2486 11,
1070 2408 1123 2472 tol.
1138 2416 1176 2472 as
1190 2426 1292 2486 mor
1308 2413 1340 2472 tn
1352 2409 1424 2472 edit.
1440 2409 1578 2492 cerem
1595 2429 1626 2491 p.
1643 2412 1726 2492 eat.)

588 2602 768 2676 Mondonte
784 2597 911 2670 domm
923 2598 1122 2693 imperatore
1132 2619 1197 2692 per
1214 2601 1413 2696 mopiatmm
1432 2598 1631 2672 iiiceordem
1649 2600 1784 2694 scripsit
1799 2599 1949 2674 notemus

541 2734 582 2804 R.
599 2729 639 2800 de
655 2724 815 2802 Selenio:

473 2853 477 2864 '
582 2841 1950 2940 Frederiens,ete,ThomasiodeMontanigroJ'uetitiarioPrineipatns‚ate.Ber

540 2975 732 3048 tholomeus
746 2968 792 3044 de
804 2967 943 3042 Giraldo
958 2966 1004 3040 de
1017 2967 1140 3042 Gitone
1154 2968 1242 3041 lator
1252 2967 1476 3064 presentium,
1492 2964 1604 3042 fidelis
1617 2975 1747 3060 nomer,
1765 2965 1949 3042 denuntia·

541 3101 652 3174 tiones
669 3117 759 3192 quas
771 3092 894 3167 oednta
912 3092 1063 3166 eontinet
1075 3091 1294 3189 presentibus
1312 3091 1496 3166 interdnsa
1510 3099 1627 3166 nostm
1647 3091 1788 3165 culmini
1804 3111 1948 3188 presen-

541 3223 630 3297 tavit
639 3215 916 3310 oontrajndioem
927 3215 1138 3310 Roggerinm
1150 3214 1196 3290 de
1206 3213 1346 3306 Giton03
1361 3216 1460 3310 enjus
1471 3213 1594 3289 cedula
1603 3215 1791 3311 peremnia
1800 3215 1950 3290 similem

538 3343 705 3444 jussimus
718 3339 926 3415 eonservari.
942 3339 987 3412 tu
1002 3339 1087 3434 qnia
1103 3339 1149 3414 de
1162 3339 1324 3413 omnibns
1337 3359 1408 3435 que
1423 3337 1549 3413 cedula
1564 3338 1641 3435 ipsa
1654 3339 1821 3432 eontinet,
1836 3359 1900 3435 per
1914 3347 1951 3414 te

541 3468 671 3566 inquiri
681 3473 717 3540 et
730 3463 818 3538 seire
833 3463 995 3536 volumus
1009 3462 1146 3559 plenius
1161 3461 1356 3555 veritatem,
1373 3459 1530 3536 fidelitati
1546 3469 1607 3536 tna
1620 3461 1840 3560 precipiendo
1851 3483 1951 3536 man·

544 3595 669 3669 damus
692 3595 864 3684 qnatenus
883 3595 1005 3660 vocato
1023 3585 1070 3660 ad
1085 3594 1120 3660 te
1141 3584 1236 3660 dieto
1252 3585 1294 3658 B.
1314 3592 1349 3660 et
1363 3585 1543 3660 assistente
1560 3585 1624 3658 tibi
1647 3587 1684 3659 in
1708 3584 1951 3662 denunciatio-

543 3716 646 3790 nibns
667 3713 769 3808 ipsis,
795 3708 952 3804 ejusdem
976 3707 1099 3784 oeduo
1122 3707 1306 3802 diligenter
1329 3707 1483 3806 inspecto
1504 3717 1640 3799 tenore,·
1664 3731 1769 3808 snper
1789 3711 1951 3787 omnibus

542 3861 613 3936 que
635 3836 785 3912 eontinet
808 3831 1067 3930 inquisitionem
1085 3831 1194 3906 'iacias
1221 3831 1423 3927 diligentem
1447 3853 1510 3928 per
1532 3831 1692 3908 homines
1711 3831 1782 3908 fide
1804 3834 1948 3931 dignae3

542 3985 649 4062 qnam
665 3959 810 4036 fideliter
827 3958 863 4030 in
880 3955 1017 4054 seriptis
1031 3957 1206 4032 redactam
1225 3955 1292 4030 snb
1308 3955 1421 4053 sigillo
1437 3965 1498 4031 tno
1514 3955 1561 4032 ad
1578 3957 1784 4054 presentiam
1799 3969 1951 4035 nosbnm

543 4089 681 4179 mices,
700 4081 856 4158 studium
873 4081 1057 4155 habiturus
1078 4100 1125 4154 ne
1144 4080 1182 4152 in
1199 4078 1422 4175 inquisitione
1436 4080 1512 4178 ipsa
1527 4080 1676 4176 alicujus
1691 4082 1817 4158 astutia
1835 4091 1952 4159 nostra

543 4211 639 4284 ouria
656 4203 892 4282 defraudetur.
1055 4249 1056 4252 π
1104 4269 1107 4272 ,
1528 4255 1532 4264 .

590 4336 715 4407 Datum
734 4329 851 4425 Fogie,
871 4327 949 4402 XIV
965 4325 1103 4423 aprelis,
1121 4325 1200 4400 XIII
1216 4325 1426 4412 indictionis.

592 4457 677 4529 itam
697 4453 827 4526 similes
843 4451 960 4524 liotere
984 4449 1029 4523 de
1049 4447 1172 4524 eodem
1199 4448 1363 4524 mandato
1386 4449 1435 4526 ad
1459 4452 1499 4524 B.
1528 4449 1708 4526 Pissonnm
1726 4452 1951 4546 institiminm

542 4577 678 4675 Aprutii
694 4578 782 4651 taeta
800 4584 883 4648 sunt
901 4594 962 4669 per
979 4571 1142 4647 eumdem
1162 4572 1335 4646 nonnum
1350 4571 1397 4650 ad
1412 4572 1716 4649 denunciationem
1732 4577 1890 4652 Rieeardi
1905 4577 1951 4653 de

542 4703 706 4777 Sulmone
723 4699 784 4796 qui
801 4699 936 4772 lictores
951 4697 1044 4794 ipsas
1057 4695 1222 4793 portavit,
1239 4705 1358 4772 contra
1369 4695 1524 4792 jndiesm
1538 4695 1735 4774 oderisium
1749 4697 1794 4774 de
1806 4699 1953 4776 Castello
