4524 6012
524 662 586 723 cit
1023 661 1237 722 rainoaldi
1262 661 1435 722 sooouot
1749 664 1828 748 [Aur.
1846 665 1932 728 1240.

528 805 678 870 nostram
692 795 727 866 in
747 795 904 890 pluribus
921 796 966 868 sit
984 793 1139 886 delatus,
1155 805 1191 867 ct
1207 797 1454 892 quodcumque
1471 798 1645 872 inveneris
1663 799 1731 872 sub
1746 808 1807 874 tuo
1822 802 1934 896 sigilio

527 918 681 991 similiter
692 919 738 992 ad
755 919 885 992 curiam
900 929 1049 993 nostram
1066 920 1201 992 mictas.

576 1049 699 1120 onium
714 1045 841 1139 iiiiii,
857 1049 935 1120 ruu
947 1048 1118 1142 januarii,
1136 1049 1213 1120 ιιιιι
1230 1047 1436 1122 indictionis.

344 1637 484 1746 „52:23⁹
581 1613 805 1697 Mandatum
823 1613 870 1694 ad
885 1610 1133 1721 justitiarium
1152 1610 1288 1694 Terrae
1305 1609 1463 1694 Laboris
1481 1619 1522 1692 ut
1535 1611 1723 1696 Parisium
1737 1611 1937 1695 Latronem

531 1745 570 1826 in
590 1741 805 1828 Sardiniam
824 1743 873 1824 ad
892 1743 1040 1828 seruitia
1063 1741 1213 1826 Henrici
1231 1743 1332 1852 regis
1349 1743 1404 1826 ire
1419 1744 1634 1854 compellat.

613 1956 739 2037 (Requi.
753 1955 856 2035 imper.
871 1952 990 2016 dictim
1003 1953 1042 2030 11,
1059 1953 1111 2017 iol.
1129 1964 1167 2016 54
1180 1962 1276 2030 recto;
1295 1959 1326 2016 tu
1338 1957 1410 2018 edit.
1426 1958 1563 2032 Curcum,
1578 1975 1605 2035 p.
1624 1957 1707 2037 ³20.)

580 2144 627 2213 Dc
649 2141 821 2234 imperiali
839 2143 994 2214 mandato
1010 2144 1099 2233 sacto
1116 2165 1180 2236 per
1199 2145 1393 2236 muqistrom
1421 2145 1455 2214 Τ.
1480 2143 1522 2214 dc
1540 2144 1665 2217 Suessa
1682 2146 1815 2240 scripsit
1839 2146 1879 2217 G.
1899 2144 1939 2216 da

534 2269 659 2337 Tocco:

580 2389 800 2477 diedericus,
821 2397 905 2479 eto,
924 2389 964 2460 R.
984 2388 1029 2460 dc
1043 2388 1258 2482 Montenigro
1268 2389 1451 2481 justitiario
1469 2391 1571 2463 Terre
1588 2391 1745 2480 Laboris,
1762 2399 1827 2462 etc.
1851 2391 1939 2476 Quia

533 2513 683 2587 Parisius
699 2515 803 2585 Latro
822 2509 934 2584 fidelis
945 2521 1062 2584 noster
1077 2521 1128 2584 est
1140 2521 1332 2606 oportunus
1346 2513 1495 2585 servitiis
1509 2513 1682 2586 karissimi
1698 2511 1758 2585 titii
1771 2514 1877 2586 nostri
1892 2515 1935 2586 Η.

531 2637 671 2708 illustris
687 2635 801 2729 regis,
818 2643 901 2727 etc„
928 2635 964 2707 in
982 2635 1139 2730 partibus
1156 2633 1330 2726 Sardinia,
1348 2630 1503 2708 fidelitati
1522 2646 1581 2746 tue
1599 2635 1822 2732 precipiendo
1837 2657 1939 2710 mon-

532 2758 657 2832 damua
672 2768 845 2852 quatenus
870 2757 1020 2832 eundem
1042 2757 1211 2830 Pausiam
1230 2757 1415 2852 compellas
1437 2757 1649 2832 districtione
1669 2781 1738 2852 qua
1760 2759 1936 2844 convenit,

532 2892 571 2955 ut
586 2883 633 2957 ad
654 2881 914 2976 requisitionem
936 2879 1090 2974 ejusdem
1108 2879 1200 2974 regis
1217 2879 1264 2952 ad
1282 2881 1422 2954 servitia
1437 2881 1546 2978 ipsius
1564 2883 1670 2956 vadat
1691 2882 1727 2952 in
1745 2881 1939 2956 Sardiniam

536 3007 613 3079 sine
624 3027 734 3094 mora,
751 3006 847 3100 quod
860 3005 974 3078 cidem
988 3004 1206 3078 mandaverit
1219 3004 1344 3077 devote
1359 3014 1394 3078 ct
1404 3004 1548 3080 fideliter
1561 3007 1806 3102 completurus,
1819 3005 1886 3078 nisi
1897 3005 1942 3078 sit

535 3141 651 3204 nostro
669 3129 849 3202 ratiocinio
867 3130 923 3203 vel
937 3128 1048 3201 officio
1060 3129 1246 3222 obligatus.

580 3254 704 3324 Datum
719 3252 844 3340 Arotii,
862 3251 939 3323 Xlll
950 3251 1117 3344 januarii,
1132 3251 1208 3323 Xlll
1226 3249 1435 3324 indictionis.
1458 3270 1463 3278 ’

739 3561 1030 3577 με.

377 3883 457 3935 aaa,
586 3836 808 3922 Mandatum
846 3836 896 3916 ad
928 3833 1206 3940 Alexandrum,
1239 3831 1362 3916 filium
1389 3831 1559 3938 Raurici,
1595 3842 1639 3916 ut
1667 3834 1732 3917 det
1759 3857 1942 3944 expensas

339 3937 488 3993 mmm
533 3968 695 4056 iohanni
712 3965 925 4052 cherullo
942 3964 1213 4074 producendis
1234 3963 1394 4050 canibus
1410 3966 1462 4048 ad
1475 3963 1634 4048 cumam.

618 4181 744 4264 (deecit.
762 4180 866 4259 imper.
879 4173 996 4241 mede.
1011 4175 1052 4256 11,
1066 4175 1119 4240 iot.
1138 4179 1331 4252 atrocio31n
1343 4176 1415 4238 cdtt.
1430 4177 1566 4260 Curcum,
1580 4193 1609 4255 p.
1626 4175 1710 4257 820.)

585 4373 631 4442 Dc
644 4366 801 4440 mndata
815 4362 985 4459 imperiali
996 4364 1086 4454 sacto
1094 4383 1156 4456 per
1168 4363 1366 4456 succisorum
1380 4361 1581 4434 Riccardum
1597 4361 1638 4434 de
1654 4363 1802 4457 Trojccto
1816 4363 1946 4458 empsit

536 4497 697 4572 deterres
712 4491 751 4563 de
767 4490 901 4561 idronto
918 4515 929 4558 :

587 4613 809 4704 Fredericus,
839 4619 922 4700 eto,
952 4607 1153 4684 Alexandro
1182 4605 1253 4679 filio
1278 4605 1433 4693 tierrici,
1465 4617 1532 4682 etc.
1563 4607 1653 4693 Quia
1682 4605 1873 4680 Iohannem
1900 4604 1944 4679 de

532 4740 663 4815 Foruli.
683 4737 872 4812 salicetum
895 4741 929 4806 et
951 4729 1089 4804 fidelem
1110 4736 1267 4802 uostmm
1290 4749 1353 4823 pro
1376 4727 1545 4804 ducendis
1566 4729 1709 4803 canibus
1731 4729 1778 4804 ad
1795 4737 1945 4802 nostram
