4384 6004
543 677 622 739 1142
1039 677 1253 742 coronarer
1275 681 1449 744 sltcttrtut
1764 683 1845 764 [dnn.
1863 683 1950 748 titt.

541 836 611 886 non
625 809 762 886 caderet
777 813 814 884 in
839 821 1068 902 constantem,
1085 815 1182 888 velut
1200 817 1353 912 preteriti
1376 817 1540 913 temporis
1556 817 1603 892 ad
1618 817 1774 892 futurum
1790 829 1890 894 etex
1906 831 1953 895 tot

540 937 711 1010 similibus
723 936 862 1010 offensis
874 947 1084 1032 assumptus.
1108 938 1223 1024 Quare
1241 963 1351 1034 quum
1373 961 1442 1012 non
1465 940 1635 1014 immerito
1654 943 1848 1037 cogitamus
1866 945 1951 1039 quin

540 1059 898 1157 appropinquantibus
920 1061 1021 1135 nobis
1043 1061 1089 1136 ad
1110 1084 1212 1155 eum,
1238 1063 1306 1136 bac
1332 1061 1515 1137 devotione
1537 1073 1572 1136 et
1596 1065 1749 1161 potentia
1770 1077 1888 1138 nostra
1909 1065 1952 1140 de

540 1183 656 1257 ricino
670 1183 862 1279 conspectis
875 1185 1004 1280 quibus
1023 1187 1186 1282 prosequi
1199 1189 1360 1260 volumus
1378 1196 1414 1259 11
1430 1188 1589 1282 persequi
1608 1210 1792 1284 possumus
1811 1211 1950 1264 causam

540 1308 601 1380 Dei
611 1317 646 1382 et
659 1307 741 1402 quia
755 1307 923 1402 justitiam
937 1309 1146 1403 exequimur
1159 1309 1243 1383 dum
1262 1310 1373 1406 patria
1385 1321 1419 1383 et
1429 1311 1524 1384 avita
1535 1332 1643 1405 regna
1659 1313 1862 1408 repetimus,
1884 1337 1952 1388 non

539 1434 651 1507 alicua
667 1431 900 1528 perinjurium
913 1454 1134 1530 usurpamus,
1151 1435 1309 1508 consulto
1323 1435 1450 1532 reperit
1462 1435 1539 1532 (sic)
1555 1443 1647 1509 11111
1658 1436 1748 1510 cladi
1759 1438 1952 1513 remedium

538 1580 608 1653 que
622 1577 685 1654 pro
703 1557 913 1632 dissentione
928 1567 1043 1630 nostra
1060 1579 1121 1653 pre
1140 1558 1273 1630 loribus
1291 1559 1418 1632 dicitur
1433 1562 1506 1652 jam
1524 1559 1655 1632 baberi.
1676 1559 1812 1633 Etenim
1828 1562 1950 1635 verisi-

539 1681 664 1753 militer
678 1681 859 1776 opinamur
870 1679 967 1775 quod
983 1674 1074 1754 lama
1085 1680 1308 1756 dissensionis
1320 1683 1426 1776 hujus
1439 1703 1510 1756 non
1526 1681 1696 1756 modicum
1709 1685 1858 1757 Tartaris
1869 1707 1951 1779 pre-

538 1815 606 1878 stat
627 1802 822 1894 audaeiam,
845 1802 942 1897 quod
970 1803 1006 1876 11
1035 1825 1073 1878 se
1097 1804 1212 1901 ipsum
1239 1803 1391 1878 (11111111
1413 1805 1494 1878 fidei
1522 1815 1638 1878 nostre
1653 1827 1799 1900 regnum
1816 1807 1951 1880 facilius

539 1928 725 2002 desoletur.
744 1928 814 2001 Vos
832 1927 1003 2021 denique,
1027 1937 1141 2023 patres
1166 1929 1368 2025 conscripti,
1389 1929 1518 2024 quibus
1539 1939 1592 2002 est
1611 1931 1717 2025 pestis
1737 1931 1837 2003 istius
1860 1933 1951 2004 lama

540 2053 663 2126 clarior
679 2051 761 2146 quia
783 2073 888 2124 cansa
904 2051 1072 2145 vicinior,
1091 2051 1196 2126 corda
1216 2061 1332 2126 restra
1348 2053 1403 2126 vel
1424 2074 1567 2150 corpora
1585 2054 1713 2149 torpori
1728 2075 1793 2127 nec
1805 2055 1876 2129 otio
1892 2057 1952 2126 tri-

539 2177 670 2268 buatis,
688 2176 750 2249 sed
769 2175 897 2248 viritim
915 2177 1206 2272 prosequentibus
1232 2177 1334 2250 nobis
1351 2177 1483 2273 imperii
1506 2179 1615 2250 nostri
1630 2199 1771 2250 causam
1790 2177 1890 2252 etad
1910 2201 1952 2254 ca

538 2301 781 2375 nichilominus
797 2299 1030 2395 aspirantibus
1045 2310 1215 2395 quantum
1241 2300 1404 2376 decenter
1425 2313 1460 2374 11
1484 2299 1670 2374 salubriter
1690 2301 1952 2398 possimusque

538 2435 619 2498 sunt
634 2424 748 2520 pacis,
763 2423 813 2496 sic
829 2445 893 2497 vos
906 2423 1088 2518 magnilica
1100 2425 1290 2520 preparetis
1308 2435 1347 2497 11
1364 2425 1425 2496 ubi
1443 2425 1618 2498 Romanus
1632 2424 1791 2522 pontifex
1803 2426 1951 2500 unirer-

536 2549 619 2620 salis
635 2546 755 2620 salutis
773 2567 913 2642 prorsus
932 2557 966 2620 et
980 2545 1061 2620 fidei
1086 2546 1270 2620 christiane
1286 2547 1332 2620 111
1352 2547 1539 2643 prodigus,
1565 2547 1616 2620 sic
1630 2570 1701 2620 una
1718 2549 1901 2622 nobiscum
1916 2560 1951 2623 et

537 2673 660 2746 1111111
677 2681 765 2744 terre
777 2670 992 2768 principibus
1011 2671 1155 2765 quosad
1167 2671 1234 2745 hcc
1250 2693 1312 2768 per
1329 2672 1495 2768 speciales
1511 2673 1641 2746 litteras
1654 2683 1788 2746 nostras
1806 2685 1949 2748 11111-

536 2799 608 2871 cios
631 2796 846 2886 excitamus,
876 2795 1035 2890 primitus
1051 2796 1234 2870 assumatis
1252 2795 1399 2870 viriliter
1419 2817 1560 2870 causam
1575 2797 1637 2870 Dei
1656 2805 1692 2870 et
1714 2797 1751 2869 in
1776 2798 1950 2872 auxilium

536 2919 691 2994 omnium
704 2918 967 2992 christianorum
982 2927 1018 2991 et
1029 2929 1184 2992 nostrum
1199 2917 1381 3014 magnifice
1394 2921 1615 3014 succurratis,
1627 2922 1703 2994 vias
1712 2942 1833 2994 omnes
1847 2944 1950 2997 exco

535 3044 683 3139 gitantes
696 3052 730 3116 et
743 3040 864 3115 modos
876 3041 1006 3136 quibus
1019 3063 1092 3116 una
1103 3043 1298 3136 nobiscum,
1309 3045 1339 3116 si
1351 3042 1487 3118 dederit
1499 3045 1678 3138 Dominus,
1691 3045 1794 3118 tantis
1807 3046 1948 3141 pericn-

537 3167 579 3240 lis
594 3176 665 3240 tam
678 3163 843 3238 velociter
859 3187 964 3260 quam
983 3165 1167 3240 efficaciter
1183 3187 1363 3240 occurrere
1375 3167 1529 3259 valeatis,
1545 3168 1724 3264 presertim
1737 3191 1816 3240 cum
1828 3167 1948 3243 divina

535 3289 689 3387 potentia
701 3309 771 3361 non
785 3297 856 3361 tam
873 3289 962 3362 tueri
979 3289 1063 3363 velit
1074 3291 1265 3364 Romanum
1278 3292 1461 3386 imperium
1474 3314 1580 3386 quam
1598 3314 1740 3385 augere.
1753 3293 1843 3364 Ecce
1856 3291 1947 3364 enim

534 3414 631 3512 quod
648 3435 714 3486 rex
738 3411 887 3506 Ungarie
910 3434 974 3510 per
988 3413 1224 3488 Wacziensem
1247 3413 1297 3512 (1)
1320 3415 1519 3512 episcopum
1539 3415 1774 3510 supradictum
1799 3416 1948 3510 Ungarie

536 3559 683 3633 regnum
697 3545 813 3610 nostre
828 3535 950 3609 ditioni
969 3535 1134 3630 subjecit,
1151 3536 1341 3612 dummodo
1356 3561 1419 3636 per
1434 3560 1497 3612 nos
1511 3541 1547 3611 ln
1565 3540 1810 3613 exterminium
1827 3541 1946 3614 Tarta·

536 3683 653 3736 rcrnm
668 3659 877 3737 detensionis
892 3681 1031 3734 cesaree
1047 3662 1168 3758 clypeo
1184 3671 1384 3758 protegatur
1399 3662 1463 3758 (1).

584 3785 756 3882 Scriptum
776 3793 828 3860 est
840 3784 944 3858 simili
962 3783 1127 3858 modoad
1144 3785 1299 3876 comites,
1316 3785 1454 3877 liberos,
1474 3786 1712 3860 ministeriales
1726 3795 1947 3882 caeterosque

535 3911 693 3986 homines
719 3909 755 3982 in
789 3908 930 3984 Swevia
960 3907 1180 4000 constitutos,
1212 3908 1302 3982 sicut
1333 3910 1458 4006 legitur
1482 3911 1518 3982 in
1546 3907 1667 3984 codice
1696 3909 1946 4006 OEnopontanc

577 4082 620 4165 (1)
642 4083 678 4144 ln
691 4081 759 4145 cod.
773 4086 913 4159 utsupra
931 4079 1183 4144 Wnrruaciemenr.

571 4323 608 4396 (1)
629 4339 642 4375 a
656 4320 716 4394 lpse
729 4333 778 4376 rex
791 4315 925 4392 ungariae
937 4317 1096 4392 significarit
1107 4317 1262 4392 imperatori
1273 4333 1323 4394 per
1336 4318 1513 4378 duacicnsem
1527 4319 1683 4394 episcopum
1694 4318 1812 4392 legatum
1826 4333 1908 4396 snum
1916 4325 1946 4393 et

535 4437 584 4496 per
595 4419 696 4476 litteras
708 4431 772 4476 suas
782 4430 914 4492 perquer
924 4431 954 4474 se
966 4415 1055 4490 ipsum
1066 4421 1095 4474 et
1107 4431 1222 4490 regumn
1231 4416 1365 4492 Unqarinc
1375 4429 1443 4474 suae
1455 4415 1590 4490 promittit
1602 4415 1732 4490 subiicere
1744 4415 1849 4488 ditioni,
1864 4415 1943 4473 dnm·

535 4515 615 4574 modo
633 4513 788 4589 peripsum
809 4511 999 4586 imperatorem
1017 4511 1053 4570 ab
1072 4511 1139 4585 ipsis
1160 4511 1282 4571 Tartaris
1301 4511 1474 4588 protectionis
1490 4527 1556 4570 suae
1577 4511 1724 4569 munimine
1741 4511 1941 4571 defendatur.»

536 4611 651 4672 1111111
663 4612 695 4670 S.
709 4611 799 4670 Gerra.
816 4607 956 4682 0111111,
971 4623 1016 4684 ap.
1034 4608 1155 4682 111111,
1169 4608 1285 4685 811111,
1297 4607 1361 4677 Vll.
1375 4609 1508 4668 111111.
1520 4609 1586 4684 quid
1596 4609 1631 4668 de
1644 4609 1695 4668 isto
1712 4623 1776 4666 cunr
1788 4608 1944 4682 11111111-

534 4711 624 4784 311111
635 4713 751 4766 tractatu
766 4705 957 4765 memoraverit
969 4723 1016 4764 rex
1032 4705 1202 4780 ltudclpbus,
1216 4707 1264 4782 qui
1278 4711 1343 4764 tunc
1358 4723 1451 4766 comes
1463 4706 1680 4780 babeburgensis
1700 4705 1791 4764 curiae
1810 4703 1943 4778 imperiali

535 4807 637 4878 aderat,
649 4805 677 4862 in
689 4805 745 4864 suis
756 4803 851 4863 litteris
864 4803 934 4862 datis
947 4803 1095 4876 Erlcrdiae,
1109 4809 1138 4862 11
1156 4821 1217 4880 aug.
1233 4808 1314 4879 tato,
1326 4820 1372 4880 ap.
1383 4805 1524 4880 liopertum
1534 4803 1669 4880 lludclpbl
1682 4805 1764 4879 repta,
1780 4812 1812 4861 1ο
1825 4803 1905 4860 toea.
