4524 6012
547 683 608 744 tlt
1050 694 1263 756 rnrnnmcr
1288 694 1463 760 statuunt
1773 694 1853 776 [An.
1872 697 1959 761 12¹0.

545 825 750 894 statutorum
776 835 967 899 nostrorum
991 837 1026 901 et
1053 831 1200 904 aliorum
1226 851 1296 925 que
1319 850 1383 904 sue
1407 829 1577 902 industrie
1601 837 1684 902 sunt
1708 830 1891 906 commissa
1912 831 1960 906 ad

545 941 711 1016 honorem
727 955 762 1018 et
779 947 977 1023 fidelitatem
996 962 1146 1026 nostram
1165 963 1200 1026 et
1216 952 1434 1026 commodum
1454 951 1549 1026 curlo
1568 963 1696 1026 nostre.

594 1067 718 1139 Datum
733 1070 886 1163 Fuligni,
900 1073 945 1144 tv
960 1073 1146 1166 februarii,
1165 1075 1242 1148 XIII
1259 1075 1472 1148 indictionis.

595 1174 901 1288 Capituloscriptu
900 1219 962 1289 per
973 1200 1179 1270 eumdemP.
1199 1199 1239 1270 de
1250 1199 1361 1270 eodem
1378 1197 1557 1270 madata:

593 1313 665 1385 llec
685 1317 766 1387 sunt
788 1319 937 1414 capitula
961 1305 1143 1396 commissa
1167 1321 1294 1394 Criscio
1313 1291 1566 1394 Amalfitano
1536 1319 1606 1391 ervi
1628 1277 1763 1418 dapne
1778 1317 1817 1392 ln
1841 1319 1959 1416 primis

545 1436 641 1530 quod
659 1440 841 1534 specialem
856 1465 974 1516 curam
996 1427 1121 1520 habent
1139 1446 1184 1518 de
1206 1447 1302 1537 sale,
1319 1445 1426 1533 terro,
1447 1466 1566 1520 aonaro
1581 1453 1615 1517 et
1638 1465 1715 1532 ere,
1737 1432 1772 1517 et
1787 1453 1825 1517 ut
1846 1446 1962 1534 omnia

546 1582 638 1633 nova
649 1571 775 1636 statuta
785 1567 915 1638 servari
926 1567 1069 1643 laciatet
1077 1568 1242 1642 inviolata
1256 1569 1364 1642 teneri
1376 1591 1438 1665 per
1449 1577 1557 1642 toturn
1565 1567 1962 1665 justitiariatumdprutii

546 1695 616 1756 tam
632 1685 669 1757 in
684 1685 818 1781 duana,
839 1689 1007 1782 laudicio,
1028 1693 1223 1784 tinctoriis,
1235 1691 1420 1783 boczariis,
1440 1670 1546 1786 qoam
1562 1691 1597 1762 in
1616 1689 1777 1764 omuibus
1796 1691 1874 1764 aliis
1893 1713 1962 1790 que

510 1905 515 1916 ,
547 1810 718 1904 pertinent
732 1813 778 1884 ad
793 1833 885 1886 nova
901 1824 1047 1908 statuta;
1063 1825 1254 1912 proventus
1266 1817 1328 1911 qui
1345 1837 1392 1888 ex
1410 1815 1461 1888 cis
1476 1815 1684 1910 proveniunt
1703 1814 1750 1888 nd
1766 1837 1856 1910 opus
1869 1815 1962 1888 curie

548 1943 663 2007 nostre
681 1936 824 2032 recipiet
838 1947 873 2010 et
890 1941 1035 2036 receptis
1050 1941 1095 2014 ad
1111 1941 1323 2036 imperialem
1340 1939 1475 2014 curiam
1491 1937 1699 2038 destinabit,
1717 1949 1752 2014 et
1767 1939 1833 2014 hec
1848 1939 1963 2016 omnia

548 2057 810 2151 diligentissime
824 2065 1020 2156 procurabit
1037 2065 1114 2138 sive
1125 2065 1171 2136 ad
1189 2065 1356 2138 cabellam
1371 2061 1487 2137 dando
1502 2064 1578 2136 sivo
1592 2046 1741 2136 locando
1755 2061 1802 2135 ad
1815 2062 1963 2137 creden-

549 2183 631 2253 tiam
652 2179 710 2280 [et]
734 2183 929 2260 ordinando
953 2187 1042 2261 sicut
1061 2188 1184 2262 melius
1206 2211 1270 2284 pro
1296 2187 1392 2261 ouria
1418 2185 1586 2282 imperiali
1609 2179 1844 2282 prospexerit,
1865 2195 1899 2260 et
1921 2209 1963 2262 ea

549 2327 619 2400 que
635 2318 794 2383 revocata
807 2310 852 2383 ad
872 2309 1073 2386 demanium
1089 2315 1184 2386 curie
1197 2313 1383 2409 imperialis
1395 2313 1585 2402 invenerit,
1606 2311 1847 2400 excedentias,
1869 2333 1961 2386 mor·

550 2431 630 2502 licia
646 2431 691 2504 ad
710 2454 797 2526 opus
819 2435 913 2508 curie
929 2446 1044 2510 nostre
1068 2437 1171 2510 iaciat
1190 2437 1366 2534 procurari
1390 2438 1466 2509 sive
1484 2434 1735 2508 commiclendo
1754 2457 1796 2508 ea
1810 2437 1963 2530 personis

550 2554 712 2629 fidelibus
725 2558 800 2631 sive
818 2557 864 2632 ad
883 2559 1049 2633 cabellum
1068 2560 1185 2636 dando
1201 2561 1276 2635 sive
1290 2559 1452 2652 locando,
1470 2569 1572 2656 prout
1587 2557 1711 2632 melius
1722 2557 1768 2632 ad
1782 2559 1962 2634 utilitatem

551 2681 646 2752 curie
670 2681 797 2754 viderit
822 2683 1002 2778 expedire.
1030 2683 1133 2759 Dabit
1156 2686 1258 2760 etiam
1284 2684 1438 2758 studium
1468 2695 1502 2758 et
1526 2705 1665 2780 operam
1693 2683 1893 2778 diligentem
1916 2681 1963 2756 ad

551 2803 709 2878 iacienda
732 2807 848 2879 omnia
863 2829 932 2902 que
954 2807 1001 2882 ad
1019 2807 1216 2882 demanium
1239 2809 1334 2883 curie
1355 2807 1525 2904 pertinent
1545 2817 1579 2880 et
1598 2807 1636 2881 id
1657 2807 1771 2902 ipsum
1792 2807 1894 2880 faciet
1917 2806 1962 2881 de

551 2927 766 3002 excedentiis
781 2937 815 3004 et
828 2932 990 3005 morticiis
1004 2941 1038 3006 et
1056 2932 1172 3007 emula
1184 2933 1275 3007 sicut
1291 2931 1482 3030 predictum
1497 2941 1549 3005 est
1561 2932 1744 3025 diligenter
1762 2931 1864 3006 laciet
1881 2953 1961 3026 pro·

551 3053 675 3125 curari.
693 3054 884 3128 Proventns
894 3077 979 3130 vero
996 3079 1166 3131 novorum
1181 3066 1385 3131 statutorum
1398 3075 1532 3128 necnon
1548 3064 1584 3127 et
1597 3053 1850 3148 demaniorum,
1870 3077 1962 3128 mor·

549 3175 709 3248 liciorum
723 3187 759 3249 et
777 3177 1060 3252 excedentiarum
1074 3179 1120 3254 ad
1140 3202 1230 3278 opus
1251 3185 1347 3253 curie
1366 3179 1551 3276 percipiet,
1569 3178 1658 3251 siout
1672 3179 1830 3274 superius
1845 3177 1962 3252 oonti-

551 3307 670 3383 netur;
686 3307 721 3370 et
734 3309 773 3371 ut
791 3301 855 3373 hec
869 3301 985 3375 omnia
999 3301 1131 3375 firmius
1144 3313 1179 3376 et
1197 3303 1314 3376 utilius
1329 3301 1468 3375 valeant
1485 3301 1662 3396 procurari
1673 3321 1787 3396 neque
1803 3299 1963 3374 dubietas

551 3433 690 3494 revocet
702 3421 836 3517 aliquos
851 3423 912 3519 qui
925 3445 1041 3497 secum
1059 3447 1163 3520 snper
1173 3425 1240 3520 hys
1256 3424 1421 3499 duxerint
1434 3423 1704 3498 contrahendum
1720 3423 1767 3498 ad
1780 3423 1960 3496 utilitatem

551 3553 588 3616 et
602 3545 767 3618 honorem
786 3545 974 3642 imperialis
988 3549 1165 3638 culminis,
1186 3547 1323 3643 plenam
1341 3547 1552 3620 auctoritatis
1564 3555 1881 3643 potestatemsuper
1895 3545 1961 3643 hys

554 3668 755 3743 auctoritate
769 3670 938 3766 imperiali
948 3671 1013 3744 sibi
1027 3673 1184 3745 noverint
1197 3693 1273 3745 esse
1286 3670 1521 3762 commissam
1533 3677 1568 3743 et
1578 3671 1608 3743 si
1618 3671 1680 3766 qui
1692 3679 1775 3746 sunt
1785 3671 1846 3764 qui
1857 3691 1961 3766 super

552 3792 716 3888 predictis
728 3789 961 3869 contradicere
976 3817 1064 3870 ausu
1078 3795 1257 3870 temerario
1271 3796 1541 3891 presumpserint
1551 3795 1608 3868 vel
1620 3793 1734 3894 ipsum
1746 3793 1783 3868 C.
1796 3795 1832 3866 in
1845 3795 1960 3889 aliquo

552 3927 670 3990 contra
693 3917 871 3992 utilitatem
896 3919 989 3992 curie
1013 3917 1199 4015 impedire,
1228 3941 1298 3992 una
1320 3941 1400 3992 oum
1420 3919 1607 4013 justitiario
1631 3917 1698 3991 loci
1721 3917 1878 4012 ejusdem
1900 3915 1960 3989 ubi

443 4141 446 4148 ι
552 4041 693 4136 expedit
708 4043 942 4116 auctoritatem
956 4043 1081 4117 habeat
1095 4041 1281 4139 puniendi·

385 4661 487 4716 Fnllgnl‚

368 4716 383 4756 d
393 4715 503 4759 lebrandi.

601 4167 726 4240 Datum
741 4163 791 4265 [ut
805 4164 939 4266 camel

719 4408 723 4414 ’
760 4411 1754 4426 mmmm—affl

604 4651 781 4737 Mandata
800 4650 849 4734 ad
871 4649 1122 4732 camerarium
1139 4657 1178 4731 et
1192 4645 1440 4757 justitiarium
1458 4643 1608 4754 Aprmii
1626 4641 1674 4726 de
1700 4635 1857 4724 collecta
1874 4631 1959 4718 exi-

553 4784 676 4896 genda
704 4784 752 4867 ab
780 4782 935 4868 ecclesia
962 4781 1090 4868 Sancti
1121 4779 1325 4865 Clementis
1353 4779 1402 4862 de
1427 4776 1616 4884 Pisccria,
1640 4775 1689 4859 de
1714 4766 1959 4883 proventibus
