4564 6038
587 691 665 756 1226
1133 689 1444 753 scultellam

585 851 670 902 uum
680 793 853 920 Angelum
866 825 1083 898 Melabranca
1098 825 1239 898 latorem
1255 826 1479 921 presentium,
1490 826 1681 899 llomauum
1695 828 1847 918 legatum
1861 827 1909 902 ad
1925 830 1988 902 im·

584 960 800 1048 potatorem,
818 957 852 1021 et
869 948 973 1020 etiam
989 969 1124 1043 pannos
1142 969 1267 1042 quosa
1288 949 1471 1044 Carpiuetc
1484 949 1612 1043 pluries
1630 951 1819 1044 postulavi,
1835 952 1988 1025 mittatis.
2059 1043 2063 1054 Ι

523 1071 528 1084 ’
585 1075 713 1148 Dicatis
729 1073 757 1146 si
774 1074 886 1169 placet
897 1071 1037 1144 domino
1051 1071 1191 1144 Alberto
1204 1073 1334 1144 cantori
1346 1071 1564 1146 Antiocheno
1572 1071 1625 1168 (l)
1638 1093 1685 1145 ex
1700 1083 1797 1169 parte
1809 1095 1887 1146 msa
1900 1075 1993 1169 quod

586 1220 766 1296 processus
784 1218 887 1292 quem
912 1195 993 1268 lecit
1009 1194 1055 1268 de
1071 1197 1273 1268 canonicatu
1291 1195 1429 1285 Padue,
1450 1197 1592 1270 domino
1612 1196 1745 1290 Augelo
1768 1197 1894 1270 debeat
1916 1199 1993 1271 iuti·

587 1343 697 1394 mare.
715 1322 803 1392 Nam
830 1321 932 1392 irater
953 1328 1005 1392 est
1027 1318 1118 1389 illius
1143 1319 1204 1412 qui
1227 1327 1280 1390 est
1304 1318 1564 1392 canonicandus
1589 1319 1626 1390 ln
1648 1320 1795 1392 ecclesia
1816 1319 1989 1394 Paduaua.

587 1447 688 1518 Nova
703 1445 814 1516 relatu
834 1442 942 1538 digna
958 1451 1028 1513 tam
1043 1440 1089 1514 ds
1108 1442 1312 1536 imperatore
1331 1463 1437 1536 quam
1455 1441 1501 1516 de
1517 1441 1722 1516 lombardia
1739 1452 1776 1516 et
1793 1442 1839 1516 da
1854 1444 1946 1517 clero
1961 1453 1994 1518 et

588 1567 726 1639 civitate
741 1566 872 1660 Regina
886 1565 915 1636 si
931 1565 1042 1659 placet
1063 1563 1148 1636 mihi
1173 1563 1346 1654 scribatis,
1368 1565 1599 1658 scientesque
1621 1563 1745 1661 (quod)
1759 1567 1913 1638 Ecclesia
1928 1567 1993 1640 llo-

587 1713 692 1763 mana
710 1689 788 1761 totis
808 1688 943 1760 viribus
964 1697 1079 1760 contra
1102 1687 1343 1781 imperatorem
1360 1696 1396 1758 st
1414 1687 1461 1760 ad
1482 1689 1559 1779 ejus
1583 1688 1849 1762 destructionem
1864 1689 1995 1762 laborat

588 1824 622 1887 et
631 1823 749 1908 aparat
758 1811 928 1906 (aspirat).
939 1812 1072 1902 Valete;
1084 1809 1168 1882 mihi
1179 1810 1267 1882 bene
1279 1818 1344 1882 est.
1354 1810 1515 1904 Magister
1524 1811 1729 1904 Wilgelmus
1736 1811 1991 1907 responsionem

587 1945 736 2010 vestram
761 1944 796 2007 et
819 1935 1009 2008 amicorum
1032 1955 1174 2007 suorum
1192 1933 1244 2006 ‘de
1261 1933 1507 2028 compositione
1530 1933 1690 2006 facienda
1713 1935 1770 2008 vel
1795 1957 1885 2027 non,
1908 1937 1994 2008 sicut

588 2061 674 2132 mihi
688 2059 777 2132 dixit
792 2059 937 2154 pluries,
953 2058 1170 2152 prestolatur,
1185 2063 1224 2130 et
1234 2057 1324 2130 sicut
1337 2056 1420 2128 milri
1436 2055 1588 2145 videtur,
1605 2057 1705 2131 obest
1720 2059 1753 2131 ei
1768 2059 1848 2151 quia
1861 2059 1993 2154 Apulus

589 2184 812 2256 estuatione.

410 2683 542 2837 siffis
644 2703 849 2814 Gregorius
884 2731 983 2814 papa
1017 2706 1192 2814 episcopo
1226 2705 1445 2790 Preuestiuo
1482 2705 1836 2814 apostolicaesedis
1871 2702 1994 2811 legato

590 2838 748 2918 mandat
769 2848 812 2919 ut
830 2836 1039 2920 Arelatensi
1061 2838 1342 2948 archiepiscopo
1364 2849 1402 2922 et
1419 2838 1548 2922 comiti
1565 2837 1783 2921 Provinciae
1800 2835 1868 2946 qui
1890 2859 1993 2944 pcn-

589 2967 680 3050 tifici
699 2969 879 3052 advorsus
897 2969 1130 3052 Fridericum
1156 2971 1421 3078 imperatorem
1449 2971 1721 3078 subvenerunt,
1743 2969 1825 3080 ipse
1846 2969 1895 3050 de
1920 2991 1993 3078 pe-

590 3099 703 3183 cunia
720 3127 811 3184 suae
828 3101 1027 3210 legationis
1043 3101 1252 3211 provideat.

671 3315 843 3394 (Memorat.
857 3331 907 3393 ap.
922 3315 1094 3388 nummu,
1108 3312 1220 3376 donni.
1234 3312 1343 3395 calm,
1357 3316 1397 3377 ed
1409 3333 1482 3378 aun.
1500 3324 1588 3397 1²⁴0,
1600 3317 1618 3393 s
1631 3315 1715 3397 XX.)

638 3501 764 3574 Datum
782 3498 954 3593 Laterani,
973 3510 1098 3595 quarto
1116 3499 1195 3573 idus
1210 3500 1378 3594 junuarii,
1399 3521 1492 3574 anuo
1506 3500 1599 3573 lllll.

408 4102 541 4262 1080ξὲᾓύ
644 4107 874 4215 Fridericus‚
899 4107 1159 4190 Romanorum
1184 4108 1404 4216 imperator,
1423 4105 1657 4192 universitati
1675 4107 1814 4190 civium
1831 4107 1881 4189 do
1900 4105 1998 4190 Gur-

391 4359 393 4365 !
445 4263 505 4306 1²⁴⁰·
590 4252 681 4325 tona
716 4239 821 4324 varia
849 4237 1045 4348 privilegia
1076 4239 1304 4348 impertitur,
1333 4239 1431 4321 iuter
1457 4263 1556 4348 quae
1578 4237 1642 4346 jus
1669 4237 1906 4320 ordinarium
1927 4236 1999 4347 ju-

591 4373 713 4456 dicem
731 4369 965 4454 instituendi.

626 4690 662 4763 (t)
680 4689 864 4748 verisimiliter
876 4703 939 4746 oum
955 4689 1013 4762 ipso
1028 4687 1194 4762 patriarcha,
1209 4687 1256 4761 qui
1269 4693 1298 4744 et
1310 4687 1436 4746 lllbertus
1452 4688 1650 4760 nominabatur,
1664 4689 1699 4748 ad
1716 4695 1808 4762 partes
1825 4687 2000 4746 lombardiae

591 4791 682 4843 cautor
691 4785 871 4844 Audocheuus
884 4791 948 4842 tuuc
960 4785 1087 4859 temporis
1097 4785 1252 4842 advenerat.
