4564 6038
298 661 397 724 burm.
417 659 481 738 lt]
746 657 944 720 HISTORIA
968 659 1261 724 blatcharius
1632 658 1709 720 1145

298 817 368 868 non
395 795 527 890 absque
552 793 781 866 admiratione
812 794 952 888 publica
970 795 1085 868 totius
1111 795 1263 890 loquitur
1285 795 1404 888 lingua
1437 791 1585 883 mundi,
1614 793 1711 888 quod

297 918 417 992 audito
442 930 476 991 et
499 917 639 1010 cognito
660 917 811 990 infausto
828 917 981 990 adventu
1007 917 1200 991 infidelium
1227 921 1462 1009 Tartarorum,
1489 917 1550 1010 qui
1572 917 1620 990 ad
1645 940 1710 990 ea·

300 1041 496 1116 terminium
514 1041 667 1114 Ecclesia
689 1049 724 1114 et
750 1041 886 1136 imperii
913 1050 947 1113 et
971 1042 1076 1114 totius
1101 1042 1235 1116 cladem
1257 1041 1512 1115 christianitatis
1536 1041 1708 1136 aspirant,

298 1167 436 1262 previsa
449 1165 697 1240 deliberatione
712 1163 928 1260 principum,
948 1165 1130 1240 adsedem
1149 1167 1371 1262 apostolicam
1392 1165 1540 1238 nuncios
1555 1165 1713 1238 misimus

297 1290 480 1386 speciales,
504 1289 758 1386 supplicatums
780 1312 918 1364 summo
939 1289 1092 1385 pontifici
1114 1301 1153 1364 ut
1178 1301 1227 1364 tot
1244 1291 1492 1387 impedimenta
1509 1313 1579 1385 que
1595 1292 1713 1364 verbis

298 1424 333 1488 et
344 1435 448 1510 opere
459 1414 560 1487 nobis
577 1415 740 1511 opposuit
752 1423 786 1488 et
803 1435 980 1512 opponere
995 1435 1066 1488 non
1078 1415 1222 1506 destitit,
1238 1417 1390 1510 inspecta
1407 1415 1609 1488 necessitate
1622 1414 1713 1488 occi·
1848 1499 1851 1502 ,

297 1536 444 1611 dentalis
468 1537 667 1632 provincie,
693 1547 888 1628 revocaret,
909 1547 944 1610 et
968 1559 1032 1610 nos
1058 1537 1105 1611 ad
1128 1539 1266 1633 publice
1289 1537 1371 1612 fidei
1393 1549 1428 1613 et
1451 1538 1712 1612 christianorum

297 1660 533 1735 defensionem
558 1661 680 1734 venire
705 1661 935 1757 permitteret,
963 1661 1067 1734 etiam
1093 1662 1301 1754 inoffensos,
1327 1673 1366 1734 ut
1388 1685 1518 1736 moram
1540 1671 1710 1752 nostram,

296 1806 402 1878 quam
418 1785 518 1880 ¹Juste
538 1783 712 1876 causaris,
736 1795 774 1856 tu
792 1785 851 1858 vel
873 1784 932 1857 alii
954 1785 1128 1881 principes
1152 1807 1298 1879 arguere
1321 1807 1391 1858 non
1409 1787 1572 1882 possetis,
1597 1786 1627 1858 si
1650 1807 1713 1880 pro

297 1907 470 1982 diuturnis
486 1909 619 2002 guerris
630 1919 677 1981 'ae
690 1909 928 1982 humiliatione
949 1908 1145 2000 rebellium,
1163 1908 1341 1982 exhaustis
1358 1909 1528 1982 thesauris
1542 1910 1715 1983 nostriset

299 2033 448 2124 viribus,
465 2041 515 2105 tot
532 2053 702 2106 annorum
716 2032 894 2104 laboribus
910 2032 1057 2126 fatigati,
1085 2041 1154 2105 tam
1173 2028 1265 2130 [nos]
1284 2041 1424 2127 propter
1439 2053 1481 2104 ea
1496 2033 1584 2104 tueri
1607 2055 1712 2126 quam

297 2157 341 2229 ab
357 2156 488 2228 inimici
503 2155 653 2230 hominis
668 2155 804 2229 insidiis
822 2177 1023 2251 precavere,
1042 2177 1084 2228 ac
1099 2155 1240 2229 instanti
1257 2155 1464 2262 dissensioni
1484 2155 1589 2229 finem
1602 2157 1711 2252 impo-

297 2303 379 2354 nere
398 2281 660 2375 compellamur,
680 2281 767 2354 atrio
783 2290 901 2353 nostro
921 2281 958 2352 in
975 2280 1231 2374 tranquillitatis
1250 2281 1429 2354 securitate
1452 2280 1636 2376 disposito,
1657 2303 1713 2355 re·

298 2406 424 2503 paratis
441 2405 567 2501 opibus
580 2427 622 2478 ac
637 2405 765 2478 virium
783 2405 905 2500 copiis,
925 2404 973 2477 ad
990 2404 1167 2477 interitum
1180 2405 1417 2478 communium
1432 2404 1583 2477 hostium
1598 2415 1714 2500 poten·

296 2531 364 2602 tins
384 2529 569 2604 accessuri.
588 2530 806 2625 Quapropter
829 2527 991 2600 omnibus
1007 2527 1257 2623 pretermissis,
1282 2528 1398 2601 felices
1415 2551 1555 2623 gressum
1581 2539 1715 2603 nostros

267 2681 268 2684 ¹
298 2655 489 2728 direximus
508 2675 630 2727 versus
650 2652 794 2742 Urbem,
822 2651 871 2725 ita
888 2651 986 2746 quod
1008 2653 1170 2724 Romanis
1192 2652 1349 2746 partibus
1367 2653 1578 2742 vicinamur,
1602 2653 1714 2726 inten-

298 2777 417 2851 dentes
441 2799 518 2850 esse
543 2775 695 2848 contenti
722 2775 901 2848 veteribus
922 2787 957 2847 et
982 2773 1197 2847 hereditariis
1221 2773 1357 2869 imperii
1375 2775 1532 2866 iuribus,
1558 2796 1628 2868 que
1651 2775 1712 2849 din

296 2879 434 2996 augusti
459 2900 719 2998 predecessores
742 2898 851 2971 nostri
867 2899 948 2990 jure
972 2897 1109 2990 generis
1134 2908 1169 2969 et
1189 2896 1330 2971 honoris
1355 2908 1424 2970 tam
1445 2899 1580 2993 imperii
1606 2922 1711 2994 quam

296 3045 481 3120 regnorum
512 3023 651 3120 propria
677 3022 924 3118 possederunt,
947 3021 1075 3116 quibus
1092 3021 1225 3094 tamdiu
1245 3022 1408 3115 neglectis
1429 3043 1492 3117 per
1511 3032 1546 3095 te
1570 3033 1606 3094 et
1627 3025 1712 3097 alios

297 3149 467 3245 principes
489 3148 600 3222 notari
615 3148 737 3221 merito
750 3157 960 3243 poteramus.
984 3145 1039 3218 Ad
1057 3167 1177 3240 pacem
1194 3167 1277 3218 vero
1291 3165 1397 3240 quam
1413 3167 1551 3242 semper
1571 3148 1710 3221 allecta·

296 3273 430 3363 vimus,
445 3272 629 3344 instantem
645 3292 786 3366 operam
804 3269 1029 3358 adhibemus,
1048 3290 1117 3363 qne
1135 3290 1198 3364 per
1213 3290 1277 3341 nos
1292 3268 1416 3341 fuisset
1436 3269 1518 3342 olim
1541 3279 1576 3342 et
1593 3269 1710 3364 sepius

230 3374 235 3385 ¹
296 3404 490 3491 procurata,
507 3395 575 3468 nisi
589 3396 752 3488 frequens
763 3403 881 3467 nostra
898 3392 1018 3489 petitio
1032 3413 1134 3464 aures
1149 3401 1184 3464 et
1197 3393 1352 3464 animum
1364 3393 1549 3487 pertinacis
1563 3393 1711 3464 hominis

296 3519 489 3612 induraret,
509 3529 544 3592 et
567 3519 650 3592 inde
667 3519 812 3591 nutriret
829 3515 1037 3591 discordiam
1052 3514 1147 3588 unde
1162 3514 1381 3588 concordiam
1399 3518 1613 3611 postularet.¹
1624 3519 1710 3613 Spe·

295 3664 411 3716 murus
431 3651 546 3716 autem
570 3664 632 3740 per
650 3653 842 3739 presentem
865 3663 1021 3735 moesum
1044 3649 1200 3714 nostrum
1225 3638 1359 3712 mundo
1380 3641 1558 3736 acquirere
1582 3642 1710 3716 bonum

296 3768 408 3862 pacis,
425 3775 460 3840 et
473 3776 565 3840 statu
584 3767 679 3840 ltalie
698 3765 840 3862 pacifice
853 3766 1055 3854 reformato,
1078 3785 1119 3836 ac
1132 3784 1239 3857 regno
1258 3773 1376 3836 nostro
1399 3763 1435 3835 in
1451 3765 1512 3836 Dei
1530 3766 1713 3838 securitate
1737 3822 1740 3828 .

296 3889 456 3981 dimisso,
481 3902 552 3962 mm
570 3889 687 3963 onusti
709 3888 842 3962 divitiis
865 3908 972 3983 quam
989 3887 1144 3981 gentium
1163 3884 1386 3958 multitudine
1412 3887 1614 3982 constipati,
1631 3909 1711 3960 cum

295 4022 475 4108 expectata
496 4012 739 4086 benedictione
763 4020 978 4085 sacmsancte
1000 4009 1120 4083 matris
1145 4009 1298 4082 Ecclesia
1320 4009 1519 4099 veniemus,
1547 4011 1594 4082 ita
1616 4010 1711 4104 quod

294 4136 439 4210 Domino
467 4137 685 4211 exercituum
709 4157 772 4209 nos
793 4138 957 4230 juvante,
991 4154 1061 4228 quo
1086 4131 1193 4223 duce,
1228 4153 1300 4225 quo
1323 4132 1471 4228 previo,
1497 4132 1711 4206 ministratur

295 4259 393 4332 nobis
412 4281 434 4333 a
450 4261 525 4332 celo
539 4259 707 4351 victoria,
723 4281 793 4354 qua
812 4257 858 4332 de
875 4256 1014 4330 cunctis
1021 4255 1170 4328 inimicis
1186 4255 1313 4328 nostris
1329 4255 1573 4328 consuevimus
1590 4257 1711 4328 trium-

294 4382 416 4476 phare,
445 4385 664 4456 Tartarorum
690 4381 947 4456 multitudinem
973 4379 1214 4454 devincemus.
1242 4381 1350 4451 Tuam
1376 4378 1482 4472 igitur
1505 4378 1711 4452 industriam

294 4504 516 4578 exhortamur
537 4514 709 4600 quatenus
732 4506 889 4596 interim,
914 4525 995 4578 cum
1018 4511 1153 4575 tuarum
1178 4511 1304 4576 conatu
1326 4501 1474 4594 virium,
1497 4500 1622 4576 dilecto
1642 4502 1712 4576 lilio

294 4636 409 4700 nostro
421 4627 593 4718 Conrado,
609 4627 646 4699 in
657 4629 891 4701 Romanorum
906 4647 1025 4722 regem
1041 4626 1164 4716 electo,
1182 4633 1338 4721 potenter
1352 4645 1527 4720 assurgas,
1543 4625 1589 4699 ad
1606 4626 1712 4722 repri-

294 4750 437 4826 mendos
459 4752 610 4849 impetus
632 4752 910 4826 adversariorum
940 4750 1178 4824 communium
1203 4757 1237 4826 et
1260 4749 1439 4845 ingressus
1467 4771 1477 4817 ε
1505 4759 1544 4821 nt
1567 4750 1618 4824 eis
1640 4772 1710 4824 non
