4374 6010
525 643 587 706 886
964 689 968 698 -
1030 639 1242 710 rainnero!
1267 644 1442 708 sacuam
1752 643 1946 730 [Ausim.

572 779 687 851 item:

572 901 795 994 Frederieus,
815 911 899 994 etc„
918 901 1119 978 Alexandro
1140 902 1212 977 filio
1230 902 1387 992 Raurici,
1404 911 1489 994 etc„
1516 901 1704 979 Riccardus
1731 903 1778 978 de
1798 905 1937 978 Mirum.

524 1024 729 1098 castellanus
760 1027 862 1100 castri
892 1027 1000 1102 nostri
1027 1028 1201 1117 Palinuri,
1231 1025 1342 1101 fidelis
1366 1034 1501 1114 noster,
1531 1025 1634 1124 pubis
1657 1026 1823 1122 exposuit
1842 1027 1942 1124 quod

523 1147 649 1221 domus
661 1147 744 1222 dicti
760 1149 863 1222 castri
885 1149 1062 1222 minantur
1081 1149 1236 1244 ruinam;
1257 1159 1292 1222 et
1305 1148 1336 1221 si
1355 1149 1559 1222 Thomasius
1579 1148 1625 1222 de
1641 1151 1838 1238 Brundusio
1859 1172 1942 1248 pre-

523 1263 682 1346 decessor
697 1282 779 1345 tuus
798 1271 922 1346 domos
938 1273 1033 1370 ipsas
1053 1273 1239 1370 incepisset
1259 1275 1372 1347 iacere
1390 1271 1437 1346 de
1451 1273 1602 1368 pecunia
1624 1261 1739 1348 nostre
1763 1275 1859 1348 curie
1882 1297 1940 1350 re·

521 1393 653 1488 parari,
675 1394 803 1492 inipso
820 1395 918 1470 initio
931 1397 978 1470 ab
990 1396 1104 1472 officio
1122 1397 1188 1471 init
1205 1406 1360 1490 amotum
1378 1405 1515 1492 pmpter
1530 1396 1627 1492 quod
1642 1419 1723 1472 cum
1742 1399 1781 1472 in
1797 1399 1939 1474 reedifi-

521 1520 655 1593 catione
677 1519 831 1616 ipsarum
852 1539 1054 1616 processum
1076 1541 1146 1594 nou
1171 1520 1288 1612 suerit,
1310 1519 1502 1617 dampnum
1528 1521 1722 1596 maximum
1745 1543 1793 1595 ex
1813 1544 1938 1596 earum

519 1643 622 1718 ruina
639 1643 706 1718 nisi
721 1653 943 1718 succurratur
958 1644 1005 1719 ad
1023 1665 1185 1740 presens,
1205 1652 1321 1718 nostre
1336 1645 1432 1720 curia
1452 1645 1577 1740 poterit
1597 1646 1793 1741 pervenire.
1819 1646 1937 1731 Quare

519 1767 675 1871 fidelitati
692 1775 751 1840 tue
772 1766 997 1863 precipiendo
1015 1765 1221 1841 mandamus
1240 1775 1414 1862 quatems
1436 1767 1467 1838 si
1488 1767 1552 1840 tibi
1578 1768 1768 1842 constiterit
1787 1767 1833 1843 de
1854 1790 1937 1866 pre·

518 1881 651 1984 missis,
666 1893 815 1988 prefatas
828 1885 950 1964 domus
965 1890 1056 1963 sicut
1071 1879 1337 1986 expediendas
1352 1889 1523 1985 reparari,
1542 1867 1725 1987 requirens
1743 1893 1841 1988 prius
1856 1893 1937 1985 J‘us·

517 2014 683 2088 titiarium
708 2013 860 2108 regionis
885 2021 925 2085 ut
949 2011 1079 2108 inquiri
1106 2011 1210 2085 iaciat
1238 2009 1424 2107 diligenter
1449 2011 1481 2084 si
1510 2034 1574 2110 per
1600 2013 1758 2087 homines
1783 2014 1850 2088 loci
1875 2015 1935 2089 vel

517 2139 695 2234 proximos
708 2147 858 2212 castrum
875 2136 991 2232 ipsum
1008 2135 1190 2210 consuevit
1208 2143 1244 2210 et
1260 2133 1387 2210 debeat
1402 2135 1569 2231 reparari.
1589 2113 1737 2223 Quodsi
1758 2136 1867 2232 aliqui
1885 2136 1936 2212 ad

516 2261 584 2336 hoc
609 2263 719 2337 teneri
742 2261 869 2336 inerint
892 2283 954 2356 per
975 2260 1234 2356 inquisitionem
1258 2259 1409 2352 inventi,
1432 2261 1681 2357 compellantur
1713 2259 1761 2333 ud
1789 2281 1935 2357 repara-

516 2386 643 2460 tionem
656 2407 789 2479 aarum,
805 2394 841 2460 et
853 2385 884 2458 si
898 2384 1041 2458 collecta
1055 2383 1092 2457 id
1109 2383 1239 2458 differri
1251 2383 1419 2479 requirat,
1434 2391 1473 2456 tu
1485 2384 1531 2457 de
1543 2383 1692 2478 pecunia
1704 2383 1800 2457 curie
1814 2393 1935 2458 nostre

513 2509 725 2584 necessarias
746 2530 916 2605 expensas
935 2509 973 2580 in
996 2507 1160 2582 domibus
1182 2507 1307 2596 facias,
1334 2529 1424 2602 quas
1445 2508 1668 2603 postmodum
1690 2515 1829 2604 recepta
1854 2507 1934 2580 eol·

383 2662 391 2678 ·
512 2633 601 2708 lecta
620 2633 778 2728 requiras
801 2631 847 2706 ab
875 2629 940 2728 hys
967 2631 1029 2726 qui
1051 2637 1212 2704 tenentur
1235 2649 1397 2727 reparare
1422 2627 1546 2704 domos·
1568 2631 1729 2724 eaedem,
1756 2652 1932 2726 expensae

512 2779 601 2854 quas
621 2756 816 2832 necessario
840 2755 962 2831 feceris
978 2755 1016 2828 in
1033 2753 1177 2829 eisdem.
1202 2753 1238 2826 Si
1255 2774 1342 2828 vero
1357 2774 1430 2826 non
1445 2753 1668 2827 invenientur
1690 2753 1799 2849 aliqui
1818 2755 1931 2828 teneri

363 2867 365 2870 ’
511 2881 558 2957 ad
577 2881 831 2978 reparationem
847 2876 961 2978 ipsius
981 2877 1103 2971 castri,
1122 2887 1162 2950 tu
1186 2875 1309 2951 domos
1332 2877 1425 2972 ipsas
1449 2875 1496 2952 de
1518 2877 1667 2975 pecunia
1692 2877 1789 2951 curIe
1814 2861 1930 2952 nostre

510 3027 648 3103 repares
668 3015 708 3079 ut
725 3013 778 3080 est
793 3003 947 3096 dictum,
967 3000 1063 3098 quod
1080 3001 1118 3074 in
1136 3001 1188 3075 eis
1209 3000 1410 3097 reparandis
1434 3023 1481 3076 ex
1502 3001 1848 3097 mora,'negligentia
1870 3003 1929 3076 vel

509 3131 613 3204 ruina
625 3129 823 3226 improvide
839 3149 910 3202 non
926 3126 1066 3202 eveniat
1082 3125 1343 3200 detrimentum.

558 3256 684 3328 Datum
698 3253 817 3350 Fugie,
834 3253 909 3327 VIII
925 3249 1064 3348 aprelis,
1080 3251 1158 3324 XIII
1173 3249 1386 3324 indictionis.

359 3854 447 3947 .···‚
561 3835 784 3922 Mandatum
815 3833 867 3918 nd
896 3832 1146 3944 justitiarium
1182 3831 1320 3916 Terrae
1358 3828 1519 3915 Laboris
1547 3837 1592 3912 ut
1621 3827 1806 3911 ducentos
1841 3850 1927 3907 ser-

507 3968 651 4054 vientes
686 3968 853 4053 inveniat
884 3968 935 4052 ad
961 3966 1115 4052 eoldum
1150 3967 1199 4050 de
1229 3971 1369 4076 quarta
1400 3963 1535 4045 unciae
1560 3985 1629 4070 per
1654 3983 1826 4043 mensem
1854 3981 1925 4068 pro

507 4101 682 4188 custodia
698 4109 912 4186 castrorum
928 4098 1212 4185 Pontistremuli
1229 4106 1268 4181 et
1284 4094 1481 4182 Lunisaui.

587 4300 717 4386 (depost.
731 4301 835 4383 impar.
850 4299 970 4362 arma.
981 4299 1027 4378 11,
1042 4300 1095 4364 iol.
1113 4307 1151 4362 91
1165 4305 1264 4374 rect03
1277 4300 1310 4359 in
1322 4296 1392 4360 edit
1407 4294 1545 4372 cireen,
1559 4309 1591 4373 p.
1607 4289 1692 4370 aaa.)

420 4457 423 4464 Δ
555 4489 603 4561 De
627 4455 799 4582 imperiali
818 4484 978 4561 mndata
1003 4489 1095 4580 [acto
1121 4507 1185 4580 per
1209 4485 1407 4578 mupiatrttm
1435 4482 1574 4554 Petrum
1601 4477 1641 4550 dc
1667 4475 1770 4547 Vinea
1791 4475 1922 4568 scipeit

503 4614 546 4686 P.
565 4611 607 4684 dc
624 4613 674 4684 Ca
756 4639 767 4684 ε

553 4636 772 4828 Ἑτοάοέζιῗε,
793 4744 878 4828 etc,
898 4735 939 4810 R.
967 4733 1013 4809 de
1038 4733 1254 4829 Montenigm
1268 4727 1453 4826 iustitiario
1470 4728 1573 4804 Terre
1589 4722 1731 4800 Laboris
1753 4729 1789 4796 et
1812 4721 1921 4794 cumi·
