4564 6038
317 653 413 713 luurur.
433 651 493 728 la]
764 651 961 712 HISTORIA
985 647 1280 710 lllPLOllllTlCtl.
1648 641 1723 702 1185

317 809 421 867 mam
456 781 528 865 sub
560 781 693 864 ordine
718 744 854 864 'Sancti
886 781 1061 864 Damiani
1093 779 1297 862 fundatum
1331 777 1370 856 in
1406 785 1542 858 suaet
1576 774 1725 883 imperii

316 913 544 1023 protectione
561 911 705 1019 recipit.

398 1122 492 1202 (unit.
508 1137 554 1198 ap.
569 1117 792 1198 Dcdcctlonpb'r
805 1119 856 1180 Kl.
872 1119 1047 1197 Nereslet'm,
1063 1137 1134 1180 nnn.
1153 1127 1246 1190 1759,
1262 1136 1292 1196 p.
1309 1125 1381 1196 468,
1402 1116 1557 1196 δογΙιιςειι,
1572 1125 1606 1176 n⁰
1620 1125 1669 1192 aa,
1686 1146 1725 1160 -

437 1234 467 1288 et
483 1244 531 1306 ap.
548 1224 770 1306 llcdcctt'ccfitr
784 1225 939 1307 septima,
954 1243 1027 1288 nnn.
1045 1235 1133 1298 1774,
1148 1243 1179 1301 p.
1198 1223 1239 1302 ι.)

365 1408 404 1478 ln
421 1407 558 1478 nomine
572 1415 690 1479 sancte
706 1415 741 1477 et
762 1404 946 1478 individue
963 1405 1155 1494 Trinitatis,
1177 1401 1354 1476 Conradus
1373 1403 1602 1474 Romanorum
1619 1401 1654 1471 in
1672 1421 1726 1472 ra-

316 1550 395 1624 gem
416 1529 545 1602 electus
559 1551 695 1624 semper
710 1538 878 1622 augustus
892 1537 926 1600 et
937 1529 1036 1600 beros
1050 1528 1148 1619 regni
1164 1529 1363 1600 Jerusalem.
1384 1525 1538 1597 Firmiter
1552 1523 1725 1598 credimus

318 1652 354 1724 in
371 1653 498 1725 virtute
515 1652 576 1724 Dei
600 1653 719 1724 titulos
742 1653 848 1725 nostri
867 1652 1016 1724 nominis
1032 1653 1188 1747 ampliari
1213 1661 1296 1722 tunc
1317 1649 1431 1744 potius
1453 1661 1488 1721 et
1505 1648 1626 1721 extolli
1645 1670 1725 1719 cum

317 1778 392 1869 ejus
411 1777 537 1848 intuitu
557 1797 740 1871 perquem
760 1797 962 1869 regnamus,
985 1776 1223 1848 authoritatem
1242 1774 1405 1845 libertatis
1424 1774 1517 1865 regie
1538 1773 1625 1844 cir‘ca
1647 1793 1726 1867 per-

317 1919 419 1972 sonas
436 1900 509 1972 Deo
527 1899 659 1972 dicatas
674 1909 708 1970 et
723 1901 877 1971 novellas
892 1921 1010 1971 earum
1029 1899 1256 1994 plantationes
1270 1897 1452 1968 liberaliter
1465 1896 1676 1968 effundimus
1692 1904 1726 1968 et

318 2042 435 2094 earum
468 2022 629 2116 precibus
655 2023 889 2095 lavorabilitar
916 2022 1133 2094 inclinamur.
1171 2020 1256 2093 lnde
1286 2029 1336 2093 ast
1365 2019 1460 2113 quud
1489 2042 1552 2114 par
1586 2039 1725 2114 presens

317 2145 482 2244 scriptum
498 2155 617 2216 notum
642 2167 719 2218 esse
736 2146 896 2240 cupimus
921 2156 990 2216 tam
1008 2145 1223 2239 presentibus
1241 2165 1346 2238 quam
1364 2144 1487 2214 futuris
1505 2143 1600 2236 quod
1620 2163 1726 2214 acce-

317 2266 404 2339 dens
418 2267 463 2340 ad
478 2269 683 2363 presentiam
699 2279 848 2340 nostram
867 2269 1028 2362 magister
1045 2268 1206 2340 Albertus
1221 2268 1266 2340 de
1291 2268 1389 2338 Ulma
1405 2266 1538 2338 ordinis
1556 2266 1725 2337 Minorum

318 2390 473 2481 lratrum,
489 2393 544 2462 vir
562 2392 769 2464 venerabilis
786 2401 820 2464 et
833 2393 1014 2483 discretus,
1035 2393 1241 2486 supplicavit
1258 2399 1371 2463 nostre
1388 2389 1584 2462 celsitudini
1605 2390 1727 2461 humi-

317 2513 440 2587 litaret
455 2514 581 2588 devote
599 2523 636 2586 ut
654 2516 734 2608 quia
751 2515 797 2588 ad
814 2516 952 2588 feminei
971 2537 1078 2588 sexus
1096 2515 1293 2610 religionem
1309 2513 1471 2586 edilicare
1486 2515 1577 2608 cepit
1590 2533 1726 2586 monas-

318 2637 440 2726 terium
468 2638 562 2732 apud
587 2638 738 2727 Ulmum,
769 2639 805 2708 in
834 2659 904 2730 quo
928 2637 993 2709 sub
1018 2635 1141 2710 ordine
1163 2637 1271 2710 sancti
1298 2636 1454 2708 Damiani
1476 2635 1643 2730 quasdam
1664 2637 1725 2708 Dei

318 2759 463 2847 famulas
473 2764 543 2853 jam
557 2761 709 2844 inclusit,
725 2770 795 2832 tam
811 2761 1017 2834 monasterio
1036 2781 1142 2856 quam
1155 2761 1309 2856 personis
1327 2761 1363 2831 in
1379 2759 1502 2832 eodem
1519 2760 1726 2853 degentibus

318 2882 530 2956 liberalitatis
553 2895 669 2958 nostre
688 2886 801 2958 sinum
819 2885 945 2980 aperiri
964 2885 1229 2958 misericorditer
1255 2883 1492 2978 dignaremur.
1515 2885 1585 2956 Nos
1610 2885 1726 2977 itaque

318 3007 442 3100 pietate
454 3009 549 3101 regia
565 3031 637 3103 qua
654 3009 701 3082 ad
721 3010 885 3082 bonorem
904 3020 939 3082 et
955 3008 1076 3082 laudes
1094 3007 1230 3080 Domini
1247 3008 1486 3080 universarum
1505 3008 1726 3080 ecclesiarum

318 3132 508 3224 profectum
529 3135 788 3225 complectimur
804 3143 839 3206 et
852 3154 1023 3223 amamus,
1045 3133 1128 3204 moti
1148 3131 1353 3226 specialiter,
1370 3129 1416 3201 ad
1433 3151 1550 3223 preces
1568 3130 1726 3222 ejusdem

319 3253 431 3324 fratris
444 3276 547 3348 quem
565 3257 690 3328 devota
710 3279 773 3329 sua
788 3257 909 3328 merita
925 3267 1060 3350 gratum
1079 3255 1230 3328 reddunt
1248 3264 1363 3326 nostro
1380 3254 1521 3324 culmini
1547 3264 1580 3326 et
1600 3275 1727 3350 accep-

319 3385 406 3466 tum,
419 3379 574 3450 volentes
585 3378 697 3452 eidem
711 3380 875 3473 specialia
888 3381 1013 3452 laveris
1026 3387 1061 3452 et
1075 3381 1184 3470 gratie
1197 3387 1313 3449 nostre
1327 3376 1504 3467 exhibere,
1519 3389 1726 3451 conventum

321 3509 356 3572 et
369 3503 613 3574 monasterium
633 3504 700 3574 snb
719 3503 842 3576 ordine
857 3504 966 3576 sancti
991 3503 1149 3577 Damiani
1167 3501 1262 3597 apud
1279 3502 1410 3574 Ulmam
1426 3523 1506 3573 cum
1522 3503 1677 3596 personis
1693 3513 1728 3577 ct

323 3625 483 3696 omnibus
500 3625 601 3698 bonis
622 3627 694 3698 suis
716 3649 785 3721 que
806 3627 841 3698 in
867 3627 1018 3722 presenti
1034 3629 1126 3720 juste
1146 3635 1262 3698 tenent
1283 3634 1318 3699 et
1341 3625 1521 3720 possident
1541 3637 1576 3700 et
1598 3650 1668 3722 que
1690 3629 1727 3700 in

324 3755 424 3819 antea
432 3748 526 3838 justo
540 3749 637 3820 titulo
650 3761 810 3843 poterunt
821 3751 989 3838 obtinere,
1004 3749 1070 3822 sub
1082 3760 1198 3824 nostra
1216 3760 1250 3823 et
1263 3749 1395 3844 imperii
1410 3751 1619 3844 protectione
1632 3773 1726 3825 rece·

323 3868 438 3961 pimus
457 3872 616 3964 speciali;
633 3882 667 3944 et
683 3883 722 3944 ut
735 3875 870 3946 novella
885 3875 1049 3966 plantatio
1067 3874 1143 3968 ipsa
1159 3873 1206 3946 ad
1225 3875 1370 3965 gloriam
1384 3883 1418 3946 et
1429 3873 1587 3947 decorem
1604 3873 1728 3948 domus

321 3991 459 4062 Domini
478 3993 711 4068 munificentie
728 4007 841 4068 nostre
857 4007 971 4068 sumat
989 3996 1156 4070 beneficia
1171 3998 1355 4093 ampliora,
1371 3998 1545 4068 sancimus
1559 4001 1729 4092 presentis

322 4114 493 4208 privilegii
505 4117 709 4192 authoritate
735 4131 772 4190 ut
795 4119 909 4192 eidem
926 4121 1133 4194 monasterio
1157 4130 1192 4193 et
1211 4120 1396 4192 conventui
1420 4119 1465 4191 sit
1490 4121 1623 4194 licitum
1642 4145 1727 4216 que·

321 4257 471 4331 cumque
484 4241 605 4335 predia
617 4264 678 4314 seu
695 4244 785 4315 bona
798 4245 952 4339 recipere
962 4265 1004 4316 ac
1018 4254 1146 4335 tenere,
1160 4243 1350 4316 dummodo
1361 4263 1402 4316 ea
1413 4243 1488 4316 sive
1501 4265 1562 4337 per
1574 4246 1733 4329 eleemo-,

323 4359 432 4431 sinam
447 4383 507 4434 seu
519 4365 726 4458 emptionem
740 4377 800 4438 eut
812 4367 888 4438 aliis
895 4367 998 4459 justis
1013 4367 1125 4440 modis
1138 4367 1205 4439 sibi
1222 4367 1347 4440 luerint
1360 4365 1542 4462 acquisita,
1556 4377 1590 4440 at
1600 4389 1642 4440 eo
1656 4369 1730 4464 ipso

323 4483 420 4575 quod
437 4506 512 4558 essa
528 4489 682 4582 ceperint
699 4493 899 4562 monasterii
918 4491 1077 4586 prelibati
1095 4501 1209 4564 nostre
1227 4501 1262 4563 et
1283 4491 1418 4585 imperii
1440 4492 1576 4564 tuitioni
1598 4494 1729 4588 specia-

325 4606 400 4678 liter
424 4610 493 4681 sint
521 4613 688 4704 subjecta.
716 4615 905 4687 statuimus
932 4615 1036 4709 igitur
1061 4623 1101 4686 ut
1128 4615 1222 4686 nulla
1249 4633 1396 4708 persona
1422 4615 1650 4688 ecclesiastica
1677 4620 1732 4690 vel

324 4733 500 4806 mundana
521 4737 715 4830 predictum
731 4749 939 4810 conventum
960 4749 995 4812 et
1011 4739 1256 4811 monasterium
1273 4738 1309 4808 in
1328 4738 1428 4810 bonis
1442 4739 1515 4810 suis
1532 4742 1588 4813 vel
1605 4741 1732 4835 prediis
