4358 5996
510 577 589 640 roae
1007 581 1219 641 rnrnnnrcr
1250 581 1421 642 sncunnr
1727 579 1809 660 [aas.
1830 581 1918 642 nmo.

630 711 793 790 Imperator
805 711 970 776 matema
978 713 1098 776 modat
1109 713 1176 776 duci
1186 717 1325 788 Sacrate,
1336 721 1402 788 etc..
1417 731 1571 792 suppresso
1581 731 1698 794 quoque
1707 715 1848 794 episteme
1859 717 1921 776 lni-

627 820 679 878 tlo.
695 818 782 878 Nunc
795 819 862 880 coll.
873 835 942 879 curn
951 820 1016 880 cod.
1031 819 1108 880 Bibl.
1122 819 1222 882 Cesar.
1234 823 1342 895 Parte,
1359 831 1393 882 ιιο
1405 829 1475 900 455,
1481 817 1573 898 sondr
1585 819 1921 884 amor-ammirar-

627 918 698 1000 loy,·
713 932 748 983 ιιο
760 921 930 1003 domjands
942 925 1158 1002 Nota-bama
1171 935 1205 986 n·
1219 934 1309 1004 856⁴,
1318 943 1385 988 aaa.
1392 923 1484 1004 foedo
1498 922 1560 1002 lot.)

557 1083 742 1177 Imperator
768 1084 839 1178 regi
864 1085 1031 1176 salntem,
1062 1095 1128 1158 etc.
1161 1085 1362 1156 lnlaillibilis
1387 1085 1539 1157 veritatis
1570 1093 1674 1157 testes
1700 1093 1735 1156 et
1759 1105 1922 1180 supreme

504 1205 642 1296 justicie
657 1207 812 1298 judicem
839 1217 1037 1280 attestamur
1062 1206 1157 1302 qnod
1183 1229 1263 1280 cum
1284 1207 1382 1302 apud
1399 1228 1462 1280 vos
1484 1218 1518 1280 et
1540 1209 1624 1280 alios
1648 1229 1749 1301 neges
1768 1217 1803 1280 et
1822 1207 1921 1303 prin·

509 1329 603 1422 cipes
625 1329 722 1401 illum
747 1331 1026 1424 transgressionis
1048 1331 1225 1424 arguimus
1250 1330 1351 1422 cujus
1373 1330 1524 1404 verenda
1546 1340 1661 1423 tegere
1688 1330 1801 1402 filialis
1821 1352 1922 1404 reve·

508 1451 617 1523 rentie
641 1451 758 1525 debito
782 1466 1012 1546 coarctamur,
1037 1453 1170 1526 rubore*
1184 1454 1292 1525 multo
1318 1453 1559 1548 prolnndimur
1583 1475 1647 1526 nec
1667 1451 1714 1526 ad
1735 1451 1802 1524 boc
1823 1454 1922 1526 aliter

509 1573 680 1668 dispendii
706 1575 813 1646 nostri
834 1597 897 1648 nos
918 1594 1001 1648 cura
1023 1575 1182 1649 sollicitat
1205 1575 1260 1647 vel
1287 1596 1404 1646 rumor
1423 1575 1580 1666 astringit
1605 1575 1671 1646 nisi
1696 1575 1793 1668 quod
1818 1577 1921 1647 totius

509 1697 696 1792 reipublice
720 1697 924 1787 christiane,
953 1697 1016 1772 sed
1033 1699 1187 1770 omnium
1214 1698 1367 1770 maxime
1391 1697 1597 1768 secularium
1626 1697 1835 1790 dignitatum
1861 1721 1921 1772 ve·

509 1842 625 1892 remur
646 1842 692 1893 ex
712 1831 829 1893 nostra
852 1821 1083 1892 taciturnitate
1106 1823 1276 1913 jacturam
1301 1829 1335 1892 et
1359 1819 1554 1912 proximam
1579 1841 1626 1892 ex
1648 1819 1922 1893 dissimulatione

508 1941 659 2012 ruinam.
676 1941 762 2013 Nam
780 1951 817 2012 ut
836 1943 987 2037 exempli
1006 1943 1190 2037 perniciem
1205 1951 1392 2032 taceamus,
1411 1963 1481 2035 que
1498 1963 1581 2037 sepe
1605 1941 1732 2013 labitur
1750 1965 1773 2015 a
1797 1944 1923 2016 mundi

508 2063 712 2159 primatibus
737 2073 772 2137 et
791 2065 876 2136 viris
897 2065 1038 2160 publica
1061 2063 1230 2158 dignitate
1254 2065 1449 2160 conspicuis
1470 2065 1517 2137 ad
1540 2065 1709 2160 privatos,
1730 2086 1812 2138 ecce
1826 2065 1922 2160 qnod

508 2187 771 2260 christianorum
783 2185 889 2260 debat
905 2197 938 2260 et
951 2197 1064 2283 potest
1078 2187 1184 2262 corda
1196 2209 1439 2284 compungere,
1452 2187 1556 2260 debet
1568 2197 1602 2260 et
1615 2197 1726 2283 potest
1742 2187 1789 2260 ad
1808 2191 1922 2286 lacry-

507 2331 582 2382 mas
595 2311 712 2384 0culos
729 2331 946 2384 commovere
962 2311 1057 2405 quod
1068 2311 1131 2384 iste
1149 2313 1256 2383 nostri
1272 2312 1434 2406 temporis
1452 2313 1628 2406 pontiiax,
1646 2313 1799 2385 Ecclesia
1814 2336 1922 2406 gene-

508 2433 589 2506 ralis
604 2433 797 2530 archipater
813 2443 847 2506 et
866 2434 1031 2506 catholice
1044 2433 1126 2506 lidei
1144 2433 1351 2529 predicator,
1368 2433 1676 2507 Mediolanensium
1692 2435 1922 2508 hereticorum

508 2557 678 2630 maliciam
704 2559 820 2630 lovere
844 2579 914 2631 non
941 2557 1087 2653 desinit,
1110 2557 1217 2629 immo
1242 2558 1296 2630 sic·
1318 2557 1355 2628 in
1384 2577 1504 2630 eornm
1533 2545 1650 2632 lavore
1675 2558 1840 2631 continue
1862 2580 1923 2654 per

507 2680 655 2774 amplius
673 2688 776 2774 atque
801 2681 982 2774 perfectius
1001 2681 1193 2754 obstinatur
1209 2689 1249 2751 nt
1270 2701 1335 2753 nec
1351 2680 1465 2776 ipsum
1484 2681 1530 2753 ab
1553 2682 1620 2754 hoc
1642 2691 1678 2754 et
1691 2683 1786 2754 zelus
1802 2681 1923 2756 divine

507 2804 659 2876 caritatis
671 2813 831 2876 amoveat
845 2825 911 2876 nec
922 2804 1054 2900 privata
1073 2804 1239 2898 correptio
1256 2813 1390 2898 separet
1406 2825 1471 2878 nec
1488 2804 1629 2878 inlamia
1643 2804 1799 2878 scandali
1814 2827 1922 2899 gene·

507 2927 588 2999 ralis
603 2925 771 3019 abducat3
791 2928 840 3000 sio
853 2937 905 3000 est
924 2928 960 2998 in
981 2927 1220 3000 obstinationis
1235 2927 1339 3020 hujus
1356 2927 1527 3001 soliditate
1542 2927 1697 3000 firmatus
1716 2938 1757 3000 nt
1779 2930 1923 3024 resipis-

508 3050 657 3122 centiam
672 3051 951 3154 transgressionis
967 3049 1013 3122 ad
1029 3051 1152 3122 vitium
1173 3059 1207 3123 et
1219 3051 1511 3145 perseverantiam
1529 3059 1664 3146 reputet
1678 3049 1724 3123 ad
1744 3051 1918 3124 virtutem.

508 3171 662 3257 Qualiter
680 3175 774 3244 enim
792 3172 839 3247 ad
854 3173 997 3246 multam
1013 3173 1210 3248 instantiam
1228 3173 1500 3247 lombardorum
1516 3182 1634 3248 canna
1650 3195 1714 3248 nos
1727 3173 1921 3248 inconsulto

508 3296 621 3368 calore
639 3297 852 3390 processerit,
874 3298 959 3370 satis
976 3298 1195 3393 respublica
1213 3298 1304 3370 tama
1321 3297 1513 3392 perdocuit,
1530 3297 1678 3391 qualiter
1691 3297 1795 3368 etiam
1807 3297 1921 3392 prius·

510 3439 614 3512 quam
624 3429 742 3492 contra
756 3441 832 3510 nos,
846 3421 1021 3513 religionis
1034 3421 1150 3494 debito
1161 3419 1423 3516 etpontiiicatus
1436 3421 1605 3514 gravitate
1616 3419 1794 3516 depositis,
1811 3421 1920 3494 hosti·

509 3541 586 3614 liter
601 3562 696 3615 arma
712 3544 852 3639 capiens
871 3565 909 3616 se
931 3543 1056 3618 ducem
1074 3555 1109 3617 et
1125 3545 1314 3641 principem
1331 3553 1527 3617 nostrornm
1543 3543 1723 3616 rebellium
1740 3543 1918 3632 stabiliret,

509 3687 572 3739 nos
587 3667 783 3742 universale
799 3669 984 3742 concilium
1004 3678 1040 3742 et
1058 3669 1252 3764 specialiter
1273 3668 1479 3740 nunciorum
1500 3675 1692 3741 vestrorum
1713 3669 1920 3762 presentiam

509 3789 732 3884 petissemus,
760 3792 978 3864 serenitatem
1003 3793 1134 3883 regiam
1162 3792 1335 3866 credimus
1359 3812 1430 3864 non
1455 3791 1573 3866 latere.
1596 3791 1742 3864 Domum
1765 3791 1920 3863 uotiuum

510 3921 657 3986 vestram
682 3935 751 3986 non
769 3915 869 3988 latuit
892 3915 1040 4009 qualiter
1057 3915 1103 3988 ad
1123 3912 1353 4010 quorumdam
1377 3935 1424 3988 ex
1443 3913 1605 3986 tratribus
1622 3915 1698 4006 ejus
1717 3914 1920 3986 instanciam

510 4037 572 4132 qni
590 4058 651 4134 pro
668 4039 885 4132 reparatione
900 4039 985 4110 tanti
999 4037 1206 4112 discriminis
1219 4041 1315 4134 pacis
1332 4037 1474 4112 consilia
1495 4037 1703 4130 cogitabant,
1720 4046 1832 4130 preter
1845 4058 1919 4108 om·

511 4181 591 4234 nem
611 4161 860 4254 requirentium
880 4183 979 4256 spem
1000 4171 1116 4236 nostra
1133 4160 1387 4256 magnificentia
1400 4158 1646 4234 condescendit
1663 4169 1702 4231 nt
1717 4159 1918 4232 Lombardis

512 4303 652 4380 prorsus
665 4284 830 4373 exclusis,
843 4285 1115 4378 permitteremus
1130 4284 1291 4358 eumdem
1304 4283 1349 4356 ab
1361 4283 1505 4356 insuetis
1520 4282 1794 4356 intestationibus
1805 4303 1918 4355 sacer·

513 4405 631 4479 dotum
650 4428 709 4500 per
726 4407 923 4502 temporalis
947 4415 1065 4502 treuge
1087 4406 1281 4480 subsidium
1300 4407 1479 4501 respirare,
1508 4415 1627 4500 utpote
1644 4405 1705 4500 qni
1727 4426 1791 4500 pro
1815 4405 1916 4477 seda·

512 4529 605 4602 tione
620 4530 773 4604 scandali
785 4531 954 4624 generalis
967 4540 1002 4604 et
1013 4539 1103 4603 terre
1114 4539 1231 4604 sancte
1242 4529 1397 4602 subsidio
1410 4529 1629 4624 procurando
1643 4529 1782 4624 reperiri
1797 4525 1916 4600 modos

513 4661 547 4724 et
562 4652 639 4725 rias
660 4653 875 4748 patiebamur
895 4654 941 4726 ad
966 4676 1097 4750 pacem.
1120 4653 1188 4727 Sed
1212 4655 1363 4726 Romane
1380 4652 1473 4725 sedis
1496 4654 1648 4741 antistes,
1668 4661 1708 4722 ut
1728 4659 1806 4747 pote
1822 4650 1916 4746 pacis
