4524 6012
285 675 383 736 lamet.
399 671 462 750 le]
731 667 928 730 HISTORIA
953 664 1251 729 nlnnotta'tlctt.
1638 663 1694 724 tal

329 809 415 881 ltem
427 803 564 899 scripsit
580 801 709 875 litteras
724 803 931 899 rasponum
946 826 957 870 :

330 927 552 1020 Fredericus,
567 936 652 1020 etc,
667 927 708 1000 ll.
723 925 769 1001 da
782 926 998 1022 blonteoigru
1010 925 1194 1021 justitiario
1213 925 1316 997 Terre
1330 923 1484 1015 Laboris,
1502 931 1568 995 ete.
1590 923 1698 996 Solita

285 1053 494 1150 benignitate
508 1052 705 1148 recepimus
717 1051 833 1124 literas
849 1048 1022 1124 fidelitatis
1040 1059 1100 1123 tue
1116 1059 1150 1123 et
1169 1047 1401 1122 favorabiliter
1413 1046 1697 1120 commendamus

284 1179 438 1252 studium
462 1187 497 1252 ct
520 1176 735 1272 diligentiam
754 1186 850 1250 tuam
871 1174 1063 1248 adhibitam
1077 1177 1180 1270 juxta
1203 1171 1405 1247 mandatum
1420 1183 1574 1246 nostrum
1593 1195 1698 1268 super

284 1302 421 1397 negotio
438 1296 697 1399 l)[eotegnardi]
716 1298 767 1396 (a)
783 1299 828 1374 de
845 1299 965 1390 Germ,
986 1300 1066 1372 lioet
1090 1299 1207 1372 adhuc
1227 1299 1410 1371 iroetretur
1422 1298 1583 1388 allectus,
1607 1297 1699 1370 siout

284 1447 343 1522 per
366 1424 507 1500 easdem
536 1423 639 1497 nobis
663 1424 797 1496 lictores
824 1424 1008 1514 intimasti;
1035 1421 1190 1498 lidelitati
1212 1433 1272 1496 tue
1296 1421 1500 1496 mandantes
1525 1429 1698 1515 quatenos

285 1557 383 1622 caute
398 1557 434 1622 et
448 1555 584 1622 aemule
596 1568 759 1643 procures
775 1557 814 1620 nt
831 1555 982 1620 castrum
999 1546 1089 1620 Cerri
1110 1547 1260 1642 accipias
1278 1545 1323 1618 ad
1344 1567 1433 1641 opus
1447 1545 1543 1618 curie
1561 1553 1695 1636 nostre,

285 1673 330 1744 ita
343 1681 459 1746 tanim
475 1681 514 1744 nt
531 1669 704 1744 mediante
718 1671 835 1745 studio
848 1681 909 1745 tuo
931 1671 992 1746 liat
1006 1672 1082 1745 sine
1099 1671 1262 1744 seandalo
1274 1671 1441 1763 regionis,
1458 1679 1496 1742 ut
1514 1669 1699 1764 superbae

286 1804 380 1868 mam
398 1793 838 1892 possimnsprovidentiam
854 1796 1112 1869 commendare.
1130 1795 1207 1890 lpse
1229 1804 1343 1867 antem
1365 1793 1521 1866 nondum
1538 1794 1635 1866 venit
1651 1793 1697 1868 ad

289 1918 418 1992 curiam
431 1928 601 2010 nostram,
617 1919 708 1994 sicut
721 1916 922 2013 significasti
941 1919 1043 1992 nobis
1059 1919 1172 2014 ipsum
1188 1939 1264 1991 eme
1274 1925 1473 1990 ventorum.

332 2044 457 2116 Datum
473 2043 631 2136 Fuligni,
648 2044 693 2116 Vl
712 2043 893 2135 februarii,
911 2043 990 2116 Xlll
1007 2040 1218 2115 indictionis.

491 2325 1492 2340 mmm-toenn—

337 2605 499 2689 litterae
536 2604 775 2713 responsales
812 2604 862 2686 ad
898 2604 1091 2687 Andream
1127 2605 1176 2687 de
1218 2602 1344 2686 Cicala
1380 2604 1484 2712 qood
1520 2605 1698 2712 procedat

227 2724 230 2732 ’
288 2747 417 2820 cenna
434 2747 630 2846 suspectos
647 2735 687 2818 in
702 2735 950 2846 justitiariatu
970 2735 1119 2845 Aprutii
1138 2735 1236 2819 sicut
1252 2760 1473 2846 processum
1492 2745 1549 2818 est
1566 2747 1697 2820 contra

289 2869 379 2954 alios
397 2871 446 2953 de
462 2869 645 2953 comitatu
662 2869 800 2954 Molisii
825 2879 863 2953 et
880 2869 1087 2976 Fundano,
1107 2870 1155 2954 de
1172 2869 1306 2952 castris
1322 2869 1539 2976 diruendis,
1559 2869 1608 2954 de
1625 2871 1695 2954 in-

288 3002 468 3086 venienda
482 3001 659 3111 pecunia,
679 3002 728 3084 de
745 3001 920 3087 custodie
936 3003 1051 3086 castri
1070 3001 1197 3086 Sancti
1215 3001 1411 3086 lobannis.

366 3201 493 3285 (degat.
509 3203 612 3284 imper.
625 3199 743 3264 stede.
756 3202 797 3280 11,
816 3201 872 3264 tol.'
883 3211 920 3264 ot
936 3219 1038 3278 verset
1052 3205 1084 3264 tn
1097 3203 1168 3266 edit.
1181 3202 1315 3277 Gmonn„
1325 3221 1353 3282 p.
1372 3203 1456 3283 tlt.)

331 3375 415 3446 item
432 3376 566 3469 scripsit
580 3375 720 3447 Iacobus
739 3374 780 3446 de
798 3377 924 3448 Baetra
939 3375 979 3447 de
995 3375 1153 3447 mandato
1169 3379 1259 3468 sacto
1269 3397 1331 3471 per
1343 3375 1489 3468 jadicem
1506 3377 1696 3452 Tboddcum

289 3497 325 3570 de
336 3499 482 3570 Sectam

330 3612 560 3726 Fredericns,
578 3629 661 3709 etc,
679 3619 724 3693 Α.
752 3619 798 3695 de
814 3621 927 3696 Cioala
948 3624 1146 3718 capitaneo,
1167 3631 1234 3696 etc.
1259 3622 1460 3696 Deuotionis
1482 3633 1541 3697 tue
1561 3625 1696 3700 lieteras

286 3743 494 3838 benignitate
506 3744 699 3841 recepimus
714 3755 893 3836 consueta,
910 3755 1063 3820 tenorem
1078 3747 1231 3841 ipsarum
1249 3745 1482 3819 intelleximus
1498 3747 1694 3844 diligenter,

287 3867 440 3940 studium
457 3875 492 3940 et
505 3867 772 3972 sollicitudinem
789 3879 885 3942 tuam
899 3891 1003 3964 quam
1025 3869 1061 3940 in
1079 3865 1295 3964 exequendis
1316 3869 1463 3941 servitiis
1483 3849 1607 3945 nostris
1632 3873 1695 3946 tibi

287 3989 476 4063 commissis
494 3999 530 4062 et
548 3991 585 4062 in
598 3990 760 4065 omnibns
782 4013 852 4086 que
868 3991 1090 4064 commodum
1105 4000 1258 4064 nostrum
1273 3991 1462 4087 respiciunt
1479 4005 1513 4065 et
1530 3993 1695 4070 honorem

285 4114 464 4186 manifeste
483 4113 643 4188 novimus
653 4124 688 4188 te
702 4115 845 4206 babere,
863 4115 1097 4189 favorabiliter
1114 4113 1409 4188 commendamus.
1424 4115 1534 4212 Super
1549 4119 1696 4214 inquisi-

283 4233 377 4308 tione
392 4245 509 4309 autem
529 4237 686 4311 iacienda
704 4259 765 4334 per
778 4237 1037 4332 justitiariatum
1057 4237 1193 4334 Aprutii
1212 4238 1256 4311 de
1272 4240 1462 4334 suspectis,
1483 4243 1643 4315 volumus
1661 4259 1696 4317 et

282 4356 491 4430 mandamns
507 4356 661 4431 fidelitati
683 4367 742 4433 tue
761 4369 800 4432 ut
815 4379 857 4432 eo
875 4359 980 4434 modo
997 4381 1069 4456 quo
1088 4361 1178 4433 lacta
1194 4361 1259 4432 luit
1275 4381 1338 4456 per
1357 4359 1555 4434 comitatum
1571 4365 1694 4438 Molisii

283 4487 317 4549 et
326 4479 549 4568 Fundanum,
561 4502 622 4576 per
632 4481 823 4576 predictum
836 4483 1094 4576 justitiariatnm
1108 4483 1364 4578 inquisitionem
1379 4484 1485 4558 iacias
1496 4485 1693 4582 diligentem

283 4609 317 4672 et
340 4611 461 4676 eontra
477 4603 556 4676 illos
572 4625 661 4699 quos
681 4605 911 4700 improbitatis
926 4607 1027 4702 culpa
1045 4617 1080 4679 et
1097 4617 1179 4680 nota
1197 4607 1403 4702 suspicionis
1419 4619 1574 4700 accusat,
1591 4611 1693 4684 simili

322 4768 367 4851 (a)
390 4771 930 4856 lnmnrgtneneribltnrlleutaepcrdi,
946 4777 1043 4838 minus
1055 4783 1143 4838 recte.

1743 2619 1879 2718 „aaa
