4564 6038
609 709 688 770 1212
1130 703 1316 767 CONRADl
1341 707 1497 780 Qusurt
1835 708 1915 791 [dn.
1933 711 2016 772 latr.

607 845 684 916 liter
697 851 842 939 spectat,
858 864 962 937 super
982 841 1094 931 lurtis,
1106 842 1223 912 usuris
1239 842 1367 935 pariter
1378 853 1412 914 et
1424 841 1567 936 rapinis,
1587 863 1649 935 pru
1663 842 1828 935 qualitate
1842 851 1878 914 et
1889 844 2019 936 quanti·

607 979 675 1040 tate
687 966 890 1040 delictorum
908 986 1049 1038 suorum
1063 965 1291 1056 crucesignati
1306 965 1488 1038 consilinm
1506 975 1659 1038 nostrum
1676 965 1846 1059 accipiant
1867 975 1903 1037 et
1929 987 2019 1038 man·

609 1090 748 1177 datum,
769 1091 825 1162 vel
841 1097 996 1162 vestrum
1009 1097 1176 1161 eteorum
1190 1089 1320 1182 quibus
1336 1089 1371 1160 in
1392 1088 1459 1160 hac
1476 1099 1575 1182 parte
1590 1089 1685 1160 vices
1702 1099 1833 1160 vestras
1851 1088 2021 1161 duxeritis

609 1212 882 1287 committendas.
894 1215 1039 1284 Demum
1053 1213 1155 1284 etiam
1170 1215 1330 1285 volumus
1344 1213 1439 1306 quud
1453 1211 1668 1306 parrochiani
1683 1233 1804 1284 omnes
1817 1213 1853 1282 in
1866 1215 1939 1284 suis
1950 1235 2022 1307 par·

609 1337 738 1411 ruchiis
754 1358 857 1408 cruce
867 1335 1025 1409 subditos
1041 1336 1113 1407 suis
1129 1335 1268 1427 signent
1283 1335 1371 1430 (sic).
1392 1336 1488 1408 Circa
1502 1335 1599 1428 quud
1616 1335 1808 1429 principum
1825 1331 2020 1433 [sententia]

609 1471 663 1535 est
684 1461 878 1549 decretum,
902 1459 995 1554 quud
1020 1480 1133 1554 usque
1155 1459 1202 1532 ad
1223 1459 1441 1530 Nativitatem
1461 1457 1584 1530 Christi
1605 1458 1762 1552 proxime
1788 1479 1882 1528 nunc
1904 1467 2022 1530 ventu-

609 1607 702 1674 ram,
717 1605 836 1657 omnes
853 1583 1081 1676 crucesignati
1098 1582 1251 1675 bajulent
1271 1601 1410 1653 crucem
1426 1601 1526 1653 suam
1546 1590 1614 1652 mm
1635 1580 1669 1650 in
1691 1581 1847 1652 restibus
1865 1602 1971 1673 quam
1987 1579 2020 1650 in

611 1707 728 1796 corde,
747 1718 782 1779 et
797 1727 844 1780 ea
860 1715 944 1777 tnnc
955 1705 1000 1778 de
1014 1703 1169 1776 vestibus
1184 1705 1245 1796 qui
1263 1703 1435 1775 voluerint
1447 1724 1586 1774 crucem
1603 1703 1796 1797 deponant,
1812 1725 1891 1774 eam
1909 1715 2020 1774 tamen

610 1827 753 1902 lirmiter
768 1829 804 1900 iu
824 1827 929 1902 corde
950 1835 1121 1917 tenentes,
1140 1836 1180 1898 nt
1202 1825 1357 1899 si'dictos
1375 1825 1534 1898 inimicos
1548 1826 1583 1897 in
1602 1846 1667 1897 nos
1688 1825 1805 1898 invehi
1826 1826 2018 1918 contigerit,

611 1955 733 2028 iterato
748 1951 832 2046 ipsis
845 1951 1009 2024 continuo
1023 1951 1214 2024 resistatur.
1232 1951 1362 2024 Damus
1375 1950 1479 2023 etiam
1490 1960 1524 2022 et
1539 1949 1626 2022 dant
1640 1950 1919 2044 archiepiscopus
1934 1951 2021 2043 blag-

610 2075 838 2169 deburgeusis
854 2087 889 2147 et
909 2074 1120 2168 suffraganei
1143 2074 1218 2166 ejus
1241 2075 1379 2167 prelatis
1395 2073 1487 2162 suis,
1507 2074 1596 2144 sicut
1612 2094 1676 2145 nos
1700 2075 1816 2162 vobis,
1838 2075 2019 2168 plenariam

611 2207 815 2296 potestatem
835 2195 1039 2271 absolvendi
1057 2217 1177 2268 omnes
1201 2197 1519 2270 excommunicatus
1544 2197 1737 2270 moundum
1757 2200 1902 2270 lormam
1913 2199 2019 2290 juris,

611 2321 762 2394 etiamsi
784 2328 899 2394 essent
916 2319 963 2394 ad
982 2320 1171 2392 Romanam
1192 2320 1322 2392 curiam
1344 2318 1554 2392 destinandi.
1574 2321 1768 2414 Recipimus
1785 2321 1890 2392 etiam
1906 2341 2022 2393 omnes

613 2445 866 2536 crucesignatos
886 2443 921 2515 in
938 2444 1094 2537 personis
1112 2453 1147 2514 et
1163 2443 1267 2514 rebus
1287 2453 1321 2514 et
1336 2443 1498 2516 omnibus
1512 2443 1649 2534 juribus
1671 2443 1823 2537 ipsorum
1841 2445 1877 2514 in
1895 2455 2022 2539 protec-

613 2569 739 2639 tionem
756 2567 951 2661 Apostolice
964 2565 1064 2638 Sedis
1082 2579 1117 2638 ct
1134 2577 1304 2656 nostram,
1322 2575 1511 2638 statuentes
1528 2577 1565 2637 ut
1582 2571 1782 2660 quicunque
1805 2569 1899 2662 ipsos
1913 2569 2023 2640 olien-

613 2689 703 2762 derit
730 2690 764 2760 in
793 2689 974 2782 predictis,
998 2689 1200 2760 auctoritate
1224 2689 1325 2762 Sedis
1339 2690 1533 2782 Apostolics
1553 2699 1588 2761 et
1619 2701 1733 2762 nostra
1756 2712 1819 2785 per
1845 2713 2021 2764 censuram

613 2813 876 2888 ecclesiasticam
893 2812 1120 2906 compescatis
1138 2812 1301 2882 eundem.
1324 2812 1466 2906 Insuper
1478 2823 1512 2884 et
1523 2819 1642 2884 omnes
1655 2813 1761 2885 terent
1775 2815 1841 2886 sibi
1856 2817 2023 2886 auxilium

615 2937 847 3031 crucesignati
880 2935 970 3007 sicut
997 2945 1114 3008 contra
1138 2936 1312 3026 Tartarus,
1342 2935 1523 3008 violentias
1544 2947 1579 3008 et
1604 2937 1748 3030 injurias
1770 2939 1971 3032 repellendo
1990 2941 2023 3010 in

616 3059 852 3135 remissionem
872 3059 1026 3130 omnium
1045 3067 1277 3151 peccaturum.
1302 3061 1481 3131 Decretum
1501 3047 1604 3133 etiam
1619 3070 1671 3132 est
1692 3058 1788 3153 quod
1812 3060 1944 3133 domini
1962 3061 2025 3156 spi·

615 3185 756 3257 rituales
773 3193 808 3255 et
824 3183 998 3254 seculares
1010 3181 1147 3274 judices
1163 3181 1309 3275 quilibet
1325 3203 1408 3254 suus
1428 3183 1585 3254 homines
1606 3184 1811 3278 compellant
1832 3184 1879 3257 ad
1908 3184 2024 3257 delen-

615 3309 746 3381 sionem
775 3317 863 3378 terre
890 3313 924 3378 et
951 3303 1031 3376 fidei
1063 3303 1264 3396 christiane,
1289 3305 1355 3375 nisi
1382 3305 1630 3400 impedimento
1655 3307 1806 3399 legitimo
1832 3317 2021 3380 teneantur.

616 3430 716 3503 Unde
738 3450 818 3501 cum
846 3449 967 3500 omnes
987 3428 1074 3498 tales
1094 3437 1250 3521 oporteat
1271 3427 1434 3516 obedire,
1459 3427 1635 3500 decretum
1661 3439 1713 3501 est
1736 3440 1773 3500 nt
1789 3430 1836 3502 ad
1865 3433 2024 3523 maiorem

616 3553 833 3625 securitatem
852 3550 964 3623 crucis
977 3550 1156 3644 signaculo
1173 3551 1388 3622 muniantur.
1404 3549 1460 3623 Ad
1477 3551 1670 3624 becumues
1685 3554 1813 3647 captivi
1831 3563 1866 3626 et
1880 3553 2025 3647 fidejus·

615 3696 711 3749 soree
734 3695 856 3747 eurum
873 3683 908 3746 et
927 3673 1197 3768 quibuscunque
1213 3674 1339 3746 debitis
1362 3675 1526 3768 obligati,
1548 3675 1706 3748 inducias
1724 3676 1902 3749 habebunt
1918 3699 2026 3772 nsque

617 3797 665 3872 ad
684 3801 807 3870 testum
824 3797 915 3870 beati
932 3796 1049 3869 Jacobi
1066 3819 1159 3868 nunc
1172 3806 1378 3886 venturum,
1399 3807 1434 3870 et
1451 3799 1487 3868 in
1506 3799 1602 3871 nullo
1617 3799 1735 3872 debito
1749 3801 1863 3873 medio
1879 3811 2026 3896 tempore

618 3921 940 3996 ciscestrensem
960 3921 1162 4015 quicunque
1176 3920 1367 3994 debitorem
1388 3943 1492 3994 suum
1510 3923 1640 3996 interea
1654 3925 1710 3996 vel
1727 3933 1806 4019 pust
1826 3923 1871 3996 de
1889 3923 1960 3998 fide
1973 3947 2026 3998 ar·

616 4065 723 4138 gnere
737 4045 984 4140 presumpserit
1000 4045 1150 4133 violata,
1170 4043 1277 4117 debet
1288 4044 1333 4116 ab
1352 4043 1524 4138 episcopis
1540 4046 1900 4118 excommunicatione
1914 4051 2025 4143 puniri

617 4178 652 4240 et
670 4191 691 4240 a
707 4167 848 4240 dominu
864 4167 1033 4253 seculari,
1053 4167 1114 4260 qui
1125 4167 1401 4259 jurisdictionem
1417 4167 1576 4241 habuerit
1589 4189 1694 4263 snper
1707 4169 1803 4240 illum
1820 4173 2023 4262 secularem,

618 4291 787 4363 bonorum
800 4289 954 4361 omnium
970 4289 1205 4383 publicatione
1220 4291 1388 4363 mulctari.
1404 4291 1584 4387 Proscripti
1600 4293 1705 4364 etiam
1719 4303 1753 4365 et
1763 4295 2026 4388 quibuscunque

618 4413 807 4486 inimicitiis
822 4413 997 4508 occupati,
1021 4413 1051 4486 si
1071 4413 1195 4508 signati
1220 4413 1350 4485 luerint
1374 4413 1488 4486 medio
1506 4423 1678 4509 tempure,
1699 4435 1818 4509 pacem
1839 4417 2023 4490 habebunt.

617 4537 785 4608 Volumus
800 4535 905 4629 igilur
918 4534 1014 4629 quud
1030 4535 1210 4631 signentur
1222 4537 1387 4628 juvenes,
1406 4557 1518 4628 senes,
1538 4559 1721 4632 pauperes,
1739 4538 1877 4628 divites,
1899 4541 2027 4616 debiles

618 4669 654 4732 et
671 4657 815 4748 infirmi,
836 4660 901 4730 viri
929 4669 964 4732 et
986 4661 1166 4751 mulieres,
1187 4661 1301 4733 clerici
1326 4671 1360 4734 et
1385 4661 1479 4750 laiui;
1500 4663 1548 4732 ita
1565 4673 1676 4734 mmen
1702 4664 1795 4755 quud
1818 4665 1879 4756 qui
1902 4665 1949 4738 ad
1968 4667 2027 4738 iter

620 4783 799 4856 necessarii
818 4804 884 4854 nun
903 4782 1081 4876 videntur,
1100 4785 1265 4858 debonis
1284 4785 1359 4858 suis
1383 4787 1485 4858 lurtes
1504 4794 1539 4858 et
1559 4807 1725 4880 pauperes
1741 4801 1967 4880 promoveant
1983 4789 2026 4862 ud
