4524 6012
304 681 399 742 444444.
419 678 482 755 la]
751 680 949 741 utsuottta
976 677 1268 740 blanonnntctt.
1656 669 1717 732 ott

175 812 177 816 ’
307 813 494 886 neoessaria
516 835 628 908 usqne
651 813 699 888 ad
719 813 851 886 curiam
874 829 1024 888 nostram
1041 815 1118 888 sive
1137 835 1199 909 per
1218 831 1314 884 mare
1337 809 1476 884 veniant
1494 807 1550 878 vei
1568 825 1631 902 per
1647 815 1717 878 ter·

306 957 398 1026 ram,
428 935 570 1008 studeas
596 936 776 1010 exhibere.
809 938 1014 1012 Mandamus
1041 939 1145 1011 etiam
1173 936 1235 1008 tibi
1262 942 1434 1028 quatenns
1463 931 1577 1002 locum
1607 929 1718 1000 minse

308 1059 427 1131 snbtns
443 1059 607 1152 palatium
622 1071 778 1132 nostrum
795 1061 886 1134 sicut
898 1063 1065 1156 expedire
1081 1061 1211 1134 videris
1226 1057 1377 1154 reparari
1398 1054 1520 1138 iacias,
1537 1063 1573 1125 et
1587 1053 1717 1126 coium-

309 1183 441 1256 barium
460 1183 496 1254 in
513 1203 555 1256 aa
569 1182 661 1274 fieri,
680 1194 716 1258 et
733 1187 910 1260 columbas
925 1185 1054 1258 ibidem
1070 1186 1117 1258 ad
1128 1206 1218 1280 opus
1235 1183 1331 1256 cnric
1347 1189 1466 1254 nostre
1481 1176 1616 1250 nutriri.

356 1307 480 1378 Datum
498 1306 782 1402 nundinaticia,
803 1309 880 1382 xlv
894 1309 1061 1402 januarii,
1081 1309 1159 1380 Xlil
1175 1305 1384 1379 indictionis.

1440 1597 1511 1610 ⁸-

360 1849 581 1935 Mandatum
606 1855 656 1937 ad
678 1853 955 1962 Alexandrum,
984 1853 1106 1936 filium
1129 1853 1296 1958 Hennci,
1323 1863 1366 1936 ut
1392 1851 1553 1935 Henrico
1570 1849 1718 1934 Bnumc
1742 1885 1922 1942 apuniana,

311 1980 356 2062 de
376 1981 542 2067 Wienna
568 1986 768 2069 mercatori
801 2013 871 2096 pro
898 1987 1036 2069 marcis
1072 1985 1219 2096 argenti
1245 1984 1350 2066 mille
1378 2011 1475 2094 quas
1506 1984 1545 2064 in
1567 2007 1719 2064 camera

312 2117 517 2225 mutuavit,
547 2116 729 2202 frumenti
755 2119 897 2202 salmas
924 2129 1088 2229 quatuor
1123 2117 1245 2200 millia
1273 2117 1571 2228 quadringentas
1604 2138 1718 2197 sexa-

310 2245 413 2354 ginta
430 2249 527 2331 duas
553 2261 590 2332 et
607 2252 773 2334 mediam
791 2253 840 2336 de
858 2278 977 2362 regno
994 2251 1112 2335 libere
1129 2251 1380 2334 extrahendas
1397 2247 1565 2332 exbiberi
1587 2245 1712 2328 faciat.

1763 1939 1904 1995 4444444444.

387 2446 515 2530 (ngat.
528 2452 629 2532 imper.
642 2449 761 2512 444444.
779 2453 818 2521 44,
833 2452 886 2514 tol.
903 2461 941 2514 ot
956 2469 1056 2528 raram
1071 2455 1104 2513 tn
1117 2451 1188 2513 edit.
1204 2451 1342 2524 Curcum,
1357 2469 1385 2530 p.
1405 2449 1489 2531 ant.)

355 2625 403 2694 Dc
418 2626 589 2719 imperiali
604 2627 760 2700 mandato
773 2631 863 2720 sacto
871 2651 934 2722 per
943 2629 1143 2722 magistrum
1157 2629 1327 2699 Attanum
1342 2626 1471 2720 scripsit
1485 2627 1687 2696 Laurentius
1702 2628 1721 2692 .·’

353 2748 575 2838 Fredericns‚
600 2760 683 2832 etc..
702 2750 901 2824 Alexandm
918 2751 989 2824 iilic
1003 2753 1162 2841 Raurici,
1183 2761 1249 2824 stc.
1266 2750 1410 2823 Noveris
1433 2748 1528 2843 quod
1550 2748 1717 2820 Hearicus

309 2869 436 2944 Baumo
451 2871 495 2944 de
506 2873 655 2947 Wienna
668 2884 834 2948 mercator
848 2874 960 2948 tidelis
974 2885 1088 2948 noster
1100 2875 1269 2947 mutuavit
1285 2883 1319 2947 et
1329 2873 1519 2968 assignavit
1532 2873 1567 2944 in
1581 2893 1716 2944 camera

310 3003 439 3082 nostra,
464 2998 611 3091 septimo
637 2996 696 3070 die
719 2998 914 3071 decembris
938 3001 1098 3094 proximo
1119 2999 1270 3094 preteriti
1296 2999 1400 3091 hujus
1421 2997 1497 3068 Xlil
1518 2995 1716 3069 indictionis

309 3117 401 3210 apud
417 3118 592 3210 Parmam,
617 3121 825 3216 quingentas
844 3143 976 3194 marcas
997 3123 1130 3215 argenti
1155 3123 1192 3194 in
1210 3121 1362 3208 denariis
1384 3120 1511 3215 grossis
1531 3119 1712 3210 Cremone,

310 3259 375 3312 ana
399 3241 530 3316 solidos
556 3256 633 3318 octo
659 3256 694 3318 et
716 3245 876 3319 denarios
900 3246 1020 3319 decem
1044 3267 1300 3341 permaneam,
1324 3245 1477 3316 valentes
1500 3244 1535 3316 in
1559 3265 1645 3316 auro
1670 3245 1717 3318 ad

308 3365 474 3438 rationem
493 3367 539 3440 de
554 3369 681 3440 tarenis
699 3369 927 3464 quadraginta
941 3370 1080 3442 dnobus
1093 3391 1154 3464 par
1170 3391 1319 3442 maroam
1340 3368 1386 3440 ad
1404 3369 1564 3459 generale
1580 3366 1716 3461 pondus

308 3488 428 3560 uncias
442 3489 540 3580 DCC,
567 3493 727 3587 iactaque
750 3494 976 3566 conventione
1002 3515 1080 3565 cnm
1104 3515 1146 3566 ec
1167 3493 1264 3586 quod
1285 3505 1355 3564 tarn
1380 3491 1424 3563 de
1449 3491 1598 3586 pecunia
1620 3491 1712 3585 ipsa,

308 3632 412 3704 qnam
432 3613 479 3685 de
496 3615 572 3688 aliis
588 3616 788 3710 quingentis
803 3618 930 3689 marcia
946 3617 1079 3710 argenti
1099 3617 1144 3689 ad
1162 3616 1300 3712 pondus
1315 3615 1475 3702 Wienne,
1490 3637 1561 3708 quc
1573 3624 1655 3686 aunt
1668 3614 1714 3688 ad

308 3755 457 3808 marcam
476 3737 616 3810 Colonia
636 3760 751 3812 marce
766 3741 957 3834 quingente
979 3739 1159 3832 sexaginta
1173 3738 1244 3812 due
1266 3748 1301 3811 at
1325 3737 1459 3828 media,
1484 3739 1715 3834 computanda

311 3855 345 3928 in
366 3879 452 3932 auro
477 3859 524 3934 ad
551 3863 718 3934 rationem
744 3864 887 3936 aliarum
918 3862 1151 3958 predictarum
1166 3861 1236 3958 (t),
1260 3884 1349 3957 quas
1372 3862 1513 3957 quidem
1540 3862 1623 3936 dare
1647 3863 1714 3936 sibi

311 3991 424 4054 nostra
448 3984 544 4056 curia
569 3987 748 4059 tenebatur
772 4010 836 4082 pro
865 3990 1029 4084 expensis
1053 4011 1142 4083 quas
1166 3988 1211 4060 de
1236 3987 1399 4060 mandato
1426 3997 1543 4060 nostro
1566 3973 1713 4078 iecerat,

310 4105 409 4178 uobis
429 4105 564 4180 dudum
581 4109 809 4184 existentibus
833 4113 869 4184 in
887 4113 1052 4203 Wienne,
1074 4133 1136 4206 pro
1153 4111 1289 4184 nunciis
1311 4111 1402 4204 regis
1424 4111 1548 4184 Ruscie
1571 4109 1637 4206 (2),
1653 4133 1715 4205 pro

309 4226 435 4319 quibus
457 4229 622 4305 videlicet
639 4232 918 4328 obligaveramus
938 4235 971 4308 ei
992 4235 1109 4308 vitiam
1136 4255 1242 4307 nnam
1263 4234 1453 4306 industria
1472 4234 1656 4307 tenendam
1680 4245 1715 4308 et

343 4481 380 4552 (4)
397 4481 505 4540 Scilicet
516 4484 544 4540 in
555 4501 660 4544 mmma
674 4489 762 4548 ttaan
774 4492 859 4550 tareni
870 4492 928 4550 sive
942 4495 1011 4550 ttsv
1023 4491 1118 4549 unciae
1130 4492 1189 4549 auri
1202 4497 1231 4548 st
1242 4490 1361 4548 dimidia.

344 4578 378 4648 44)
395 4579 581 4638 verisimiliter
599 4583 688 4656 agitur
706 4585 741 4644 de
758 4587 873 4662 Georgic
889 4589 1022 4661 amando,
1041 4589 1085 4646 cni
1104 4590 1186 4646 etiam
1205 4587 1351 4659 Gregorius
1369 4587 1409 4643 444
1427 4602 1499 4660 papa
1519 4587 1589 4658 regia
1608 4586 1716 4644 titulum

309 4671 434 4731 adscribit
446 4675 475 4730 in
487 4675 583 4734 litteris
595 4679 665 4738 datis
679 4685 712 4738 ta
724 4683 782 4756 J'ulii
797 4687 861 4741 4244
878 4685 926 4758 (Gi.
939 4686 1096 4760 4444444444,
1112 4685 1146 4742 ad
1159 4701 1222 4742 ann.
1235 4684 1252 4757 ἓ
1265 4683 1374 4758 xtra),
1389 4683 1452 4740 iicet
1465 4682 1649 4741 tantummodo
1662 4683 1715 4740 dux

310 4783 422 4844 magnus
432 4771 602 4834 Wladimcrii
613 4779 742 4852 appellari
758 4781 852 4840 soleat.

387 4871 424 4932 V.
446 4886 534 4933 Purra.
1517 4889 1556 4941 00
