4468 6010
269 717 366 778 intur.
382 715 445 794 180]
712 713 907 776 HISTORIA
932 709 1229 774 ntnuottttntcn.
1612 711 1673 776 ete

312 851 397 921 ilem
411 847 638 942 responsales:

310 971 531 1060 fredericus,
555 981 640 1060 etot,
659 971 699 1042 n.
723 969 911 1044 venerabili
932 968 1171 1044 Panormitano
1193 967 1451 1062 archiepiscopo
1476 968 1602 1042 dilecto
1620 971 1672 1042 ln-

267 1095 391 1170 miliari
407 1103 443 1168 et
455 1093 550 1168 fideli
566 1116 646 1183 sun,
665 1102 732 1166 etc.
753 1095 954 1168 Devotmnts
967 1093 1189 1178 tue'lieteras,
1207 1100 1275 1164 ete.
1293 1091 1438 1186 Cognito
1452 1091 1557 1184 igitur
1575 1093 1672 1166 obitu

265 1217 429 1292 Iohannis
446 1215 631 1290 delimato
650 1217 696 1290 ad
714 1217 844 1291 litteras
862 1219 971 1313 ipsas,
995 1235 1077 1290 ecoe
1094 1213 1191 1309 qnod
1208 1215 1285 1288 loeo
1311 1215 1387 1306 ejus
1410 1215 1577 1288 laenbnm
1601 1215 1673 1288 Ca-

265 1341 373 1436 pioem
397 1339 567 1414 duximus
590 1340 826 1414 statuendum.
850 1339 1054 1415 Mandanes
1077 1347 1249 1432 quatenns
1266 1337 1427 1410 eumdem
1448 1339 1480 1410 l.
1497 1361 1578 1412 enm
1599 1337 1672 1413 lilio

264 1474 378 1537 nostro
401 1465 501 1556 enjus
524 1472 577 1538 eat
595 1463 753 1536 custodie
770 1463 956 1558 deputatas
973 1462 1019 1536 ad
1045 1471 1080 1534 te
1103 1462 1324 1557 personaliter
1346 1461 1608 1549 vadimiacus,
1635 1471 1673 1536 et

264 1607 343 1659 enm
363 1607 441 1660 esse
465 1587 501 1658 in
522 1587 665 1660 servitio
686 1587 783 1661 ouria
805 1586 985 1659 karissime
1008 1585 1173 1658 oousortis
1191 1594 1306 1658 nostro
1325 1583 1506 1680 disponas,
1527 1585 1672 1659 studens

262 1718 294 1780 et
311 1729 500 1803 procurans
515 1709 552 1781 in
567 1709 729 1782 omnibns
746 1705 1068 1804 qneoommoditati
1084 1707 1240 1800 ejusdem
1260 1716 1420 1802 potarunt
1434 1708 1621 1803 expedire;
1638 1718 1673 1782 et

262 1853 341 1906 ecee
354 1832 451 1927 qnod
469 1834 641 1906 universis
654 1833 860 1906 officialibus
875 1832 1001 1906 uostris
1018 1841 1172 1926 patentes
1187 1832 1321 1904 listerus
1338 1830 1552 1904 destinamus
1569 1841 1609 1903 nt
1625 1831 1672 1905 ad

261 1955 517 2050 requisitionem
534 1956 645 2052 ipsius
662 1957 695 2029 J.
716 1955 901 2052 pennulam
922 1963 957 2028 at
981 1955 1172 2026 neeessmia
1196 1974 1258 2049 pro
1284 1953 1377 2026 diota
1401 1954 1499 2028 ouria
1523 1953 1673 2026 debeam

265 2077 441 2152 exhibere.
467 2079 626 2152 Preteren
647 2079 775 2152 Iacobo
799 2077 954 2173 predicto
972 2076 1177 2149 mandamns
1198 2085 1235 2148 nt
1258 2076 1377 2150 veniat
1397 2076 1480 2148 ilino
1494 2086 1530 2150 et
1545 2077 1579 2148 in
1599 2098 1673 2150 ser·

265 2202 348 2275 vitio
370 2202 447 2297 ipso
465 2201 511 2275 de
535 2211 595 2275 tna
616 2201 841 2298 dispositione
860 2209 1022 2274 moretur.
1043 2201 1121 2286 Quo
1139 2200 1299 2272 veniente
1319 2219 1457 2272 oensors
1483 2209 1597 2274 nostra
1623 2202 1672 2275 ire

266 2323 387 2420 poterit
404 2320 450 2396 ad
468 2325 582 2396 locum
598 2324 889 2420 predestinatum,
909 2325 998 2398 sient
1012 2325 1109 2420 prins
1123 2325 1234 2396 luerat
1248 2324 1482 2398 eonstitutnm.

312 2451 436 2521 Datum
456 2444 506 2544 [ut
521 2447 654 2548 supro}

311 2573 396 2646 item
415 2573 620 2645 officialibus
631 2572 804 2646 universis
821 2572 920 2666 regni
936 2571 1050 2646 Sicilie
1064 2581 1105 2643 nt
1118 2570 1165 2643 ad
1180 2570 1437 2664 requisitionem
1452 2571 1535 2644 dieti
1554 2573 1671 2646 Jaoobi

266 2695 380 2767 statuti
396 2693 444 2766 ad
454 2695 594 2768 servitia
607 2695 701 2768 curie
717 2695 928 2792 supradicte,
946 2694 1128 2791 pecuniam
1142 2705 1177 2766 et
1190 2695 1381 2766 necessaria
1397 2694 1443 2766 ad
1458 2717 1549 2789 opus
1563 2697 1671 2790 ipsius

267 2817 356 2890 enne
374 2815 421 2890 de
442 2817 508 2912 hys
529 2839 598 2912 qne
621 2828 703 2890 snnt
716 2841 778 2914 per
798 2841 922 2893 manns
947 2840 1070 2894 eorum
1087 2817 1163 2892 sine
1184 2819 1302 2914 aliqua
1325 2818 1526 2892 difficultate
1551 2829 1672 2892 onrant

265 2941 448 3032 exhibere,
466 2941 670 3036 recipientes
689 2941 890 3036 apodixem.

312 3063 397 3135 Item
414 3063 482 3158 ipsi
500 3064 627 3137 Jaeobo
641 3063 737 3160 quod
753 3064 871 3138 vadat.

313 3589 475 3674 Litterae
493 3589 729 3700 responsales
747 3599 786 3672 et
802 3590 982 3671 mandata
1008 3589 1112 3672 varia
1129 3589 1177 3672 de
1195 3589 1427 3700 quibusdam
1454 3593 1569 3678 rebus
1598 3622 1669 3682 ec·

263 3721 398 3804 alesine
419 3722 579 3804 Sanctae
600 3720 793 3804 Trinitatis
810 3721 858 3804 de
876 3719 1064 3804 Panormo
1091 3723 1140 3804 ad
1159 3747 1296 3804 manus
1314 3725 1442 3808 curiae
1465 3731 1669 3840 revocatis,

263 3853 309 3935 de
325 3853 535 3962 privilegiis
561 3851 758 3960 hospitalis
787 3851 915 3933 Sancti
931 3851 1114 3934 iohannis
1136 3853 1375 3937 infirmorum
1399 3857 1430 3937 si
1454 3859 1669 3946 authentica

264 3983 338 4067 sint
368 3985 637 4093 inspiciendis,
669 3985 718 4066 de
745 3983 898 4067 residuo
926 3985 1030 4094 gayti
1055 3986 1250 4094 quondam
1281 3987 1444 4071 Mathaei
1475 3991 1525 4071 ad
1552 3993 1667 4076 iidem

264 4116 557 4225 quaternionum
588 4114 708 4224 ipsius
737 4115 839 4225 gayti
865 4115 1140 4226 recolligendo,
1164 4119 1213 4200 de
1239 4119 1397 4202 consilio
1427 4124 1559 4205 secreti
1586 4124 1668 4207 Pa-

264 4249 388 4330 normi
420 4273 534 4356 snper
563 4247 795 4357 quibusdam
831 4248 1006 4356 capitulis
1036 4250 1286 4360 requirendo,
1315 4253 1363 4336 de
1390 4253 1538 4338 ratione
1564 4258 1668 4366 gayti

265 4380 386 4465 eidem
409 4389 552 4462 secrete
569 4379 776 4462 reddenda.

345 4591 473 4673 (lirant.
487 4591 591 4672 imper.
606 4589 724 4652 lredn.
740 4593 784 4667 11,
798 4592 850 4654 lol.
866 4601 904 4652 ss
920 4599 1017 4667 reete;
1032 4593 1148 4655 laedit.
1164 4595 1300 4670 ceream,
1315 4613 1345 4671 p.
1366 4604 1435 4674 soe,
1451 4596 1534 4676 tto.)

312 4773 359 4842 tte
370 4773 525 4844 mendae
540 4777 630 4864 seem
646 4795 705 4867 por
724 4775 920 4866 magistrum
934 4774 1069 4845 Petrum
1094 4774 1142 4846 de·
1161 4777 1261 4848 Vinea
1278 4779 1407 4872 scripsit
1428 4776 1470 4853 G.
1491 4778 1533 4852 de
1552 4782 1668 4854 Toeco:
