4374 6010
528 685 590 750 912
1028 695 1242 760 renouaret
1263 693 1441 758 sucoso!
1750 693 1829 778 [Αιιιι.
1848 692 1926 758 lato.

576 817 796 913 Fredericnr,
818 835 902 913 eto,
916 827 1101 919 justitiario
1116 829 1348 926 Principatns,
1366 839 1433 902 etc.
1451 827 1619 902 Fidelitati
1638 837 1697 901 tue
1714 827 1930 924 precipiendo

527 941 734 1018 mandamns
747 957 920 1039 qnatenus
934 955 1081 1049 receptis
1091 955 1158 1051 hys
1169 954 1295 1028 lictoris
1307 952 1467 1026 invenias
1481 975 1543 1049 per
1550 952 1825 1046 jurisdictionem
1839 962 1929 1024 tuam

525 1074 647 1139 mutuo
661 1067 785 1158 viginti
801 1071 957 1167 quinque
971 1076 1060 1150 inter
1076 1079 1256 1172 panceriar
1277 1085 1311 1150 et
1324 1076 1465 1163 loricas,
1490 1084 1526 1148 et
1540 1075 1632 1171 ipsas
1646 1075 1760 1148 statim
1777 1075 1930 1147 Nicolino

524 1187 668 1283 Spinule
682 1192 780 1285 regni
796 1195 911 1267 Sicilie
927 1199 1106 1274 ammirato
1126 1199 1220 1274 fideli
1239 1209 1355 1272 nostro
1372 1220 1435 1294 pro
1451 1199 1577 1274 nostris
1593 1197 1742 1272 servitiis
1757 1217 1929 1292 exequen-

525 1308 580 1382 dis
596 1313 693 1406 apud
708 1315 867 1389 Barolum
882 1320 988 1394 facias
1003 1323 1184 1418 assignari.

574 1433 696 1506 Datum
711 1435 833 1531 Pogla,
852 1441 948 1512 XXII
965 1445 1108 1537 aprelis,
1125 1445 1204 1516 Xlll
1220 1443 1427 1516 indictionis.

573 1556 702 1630 Eodem
719 1558 776 1632 die
793 1559 838 1634 de
855 1565 1025 1658 superiori
1046 1566 1211 1640 mandato
1224 1566 1359 1662 scripsit
1374 1563 1468 1637 idem
1487 1563 1640 1636 notarius
1653 1562 1699 1637 ad
1708 1561 1928 1656 justitiarium

522 1677 624 1752 Terre
653 1681 791 1754 Laboris
817 1685 945 1758 similes
968 1687 1103 1760 lictores
1125 1687 1219 1784 qnod
1248 1688 1402 1762 inveniat
1424 1696 1547 1760 mutuo
1571 1709 1633 1782 per
1656 1685 1929 1781 jurisdictionem

522 1823 621 1874 snam
644 1804 896 1899 qninquaginta
919 1811 1008 1883 inter
1026 1813 1206 1908 pancerias
1226 1822 1261 1886 et
1278 1813 1401 1886 loricas
1423 1819 1457 1885 et
1481 1813 1573 1906 ipsas
1597 1813 1751 1906 assignet
1774 1809 1928 1884 Nicolino

520 1925 663 2020 Spinule
676 1929 867 2004 ammirato.

728 2201 1057 2212 n——--—---.-—-—..
1064 2206 1086 2213 ..
1095 2207 1100 2212 -
1107 2207 1168 2215 ....,.
1174 2207 1521 2215 -αι---η-η-κ--ο-κυμι
1529 2207 1554 2214 -
1564 2207 1577 2213 -
1585 2207 1724 2214 ...οι-...ι-

375 2431 464 2517 .”’,
570 2424 749 2508 Mandata
780 2426 831 2507 ad
859 2427 1109 2512 castellanum
1139 2439 1177 2512 et
1207 2428 1455 2540 compalatios
1485 2429 1661 2538 Neapolis
1689 2431 1738 2512 de
1768 2429 1925 2540 lapideis

516 2555 749 2666 imaginibus
767 2581 890 2667 usqua
904 2559 1102 2642 Luceriam
1122 2561 1317 2644 mittendis
1337 2571 1374 2644 et
1391 2564 1601 2670 portandis,
1967 2581 1969 2584 ’

597 2751 723 2833 (licam.
735 2755 839 2836 imper.
851 2753 970 2818 Fredw.
984 2756 1025 2832 11,
1039 2753 1090 2819 rot.
1108 2767 1162 2820 101
1179 2764 1277 2833 recto;
1289 2761 1322 2820 ln
1335 2759 1406 2822 edit.
1423 2758 1559 2838 Carcam,
1574 2776 1605 2838 p.
1621 2761 1706 2840 too.)

563 2927 611 2998 lle
627 2927 796 3021 imperiali
813 2929 969 3001 mandato
990 2931 1077 3020 {octo
1094 2951 1157 3024 per
1174 2931 1375 3024 magistrum
1392 2931 1431 3002 a.
1457 2931 1498 3003 de
1514 2931 1657 3004 Comere
1676 2931 1811 3026 scepsis
1834 2927 1925 3004 Luc·

514 3051 642 3122 rectos
659 3075 672 3121 .·

562 3173 781 3262 Fredoricns‚
810 3183 895 3267 eto,
927 3175 1105 3270 Dinpnldo
1135 3176 1296 3270 Dragono
1325 3175 1510 3252 castellano
1533 3177 1715 3274 Neapolis,
1744 3187 1811 3251 etc.
1839 3177 1923 3250 Cum

422 3281 424 3286 ’
514 3293 663 3370 velimus
684 3297 865 3393 ymagines
884 3298 1040 3394 lapideas
1058 3300 1094 3370 in
1113 3299 1220 3391 galeis
1239 3299 1371 3374 delatas
1392 3323 1464 3396 que
1480 3310 1562 3373 sunt
1579 3301 1616 3372 in
1639 3309 1750 3374 castro
1767 3299 1924 3398 Neapolis

514 3417 608 3515 apud
621 3421 796 3492 Luceriam
810 3421 949 3494 instanti
965 3421 1105 3512 habere,
1118 3445 1159 3496 ac
1172 3424 1375 3498 mandemus
1387 3426 1599 3521 compalatiis
1610 3426 1768 3522 Neapolis
1780 3435 1818 3498 nt
1833 3425 1923 3520 ipsas

514 3548 586 3616 ate
606 3543 797 3636 requirant,
817 3544 984 3639 recipiant
999 3553 1034 3617 et
1054 3547 1169 3618 statim
1187 3547 1363 3620 Luceriam
1379 3549 1538 3640 mictant,
1557 3548 1699 3622 firmiter
1720 3549 1923 3622 mandamus

513 3671 685 3759 quatenus
714 3664 825 3738 dictas
854 3665 1025 3762 imagines
1049 3667 1272 3742 incontinenti
1296 3669 1383 3742 risis
1406 3670 1532 3744 lictoris
1553 3671 1685 3746 eisdem
1714 3671 1923 3768 compalatiis

514 3787 620 3860 lanias
635 3788 817 3879 assignari.

561 3910 687 3982 Datum
698 3909 823 4002 Fogie,
843 3909 940 3983 XXll
953 3911 1095 4007 aprelis,
1113 3913 1190 3985 Xlll
1206 3911 1415 3988 indictionis.

561 4033 645 4107 ltem
660 4035 797 4130 scripsit
814 4035 1026 4130 compalatiis
1046 4044 1085 4106 ut
1100 4037 1295 4130 requirant,
1320 4037 1503 4133 recipiant,
1524 4047 1559 4110 et
1573 4035 1752 4111 inveniant
1767 4037 1923 4112 homines

512 4157 574 4253 qui
591 4179 651 4232 eas
667 4157 851 4230 salubriter
868 4180 971 4254 snper
987 4139 1113 4232 collum
1131 4181 1231 4232 sunm
1250 4181 1362 4254 usqua
1376 4161 1555 4236 Luceriam
1573 4169 1725 4257 portent,
1741 4171 1776 4233 et
1788 4181 1848 4236 eas
1860 4183 1923 4259 per

512 4280 607 4378 ipsos
618 4301 724 4377 qnam
738 4279 806 4354 cito
823 4281 904 4354 illuc
918 4281 1072 4355 miotant.

559 4517 691 4596 Eodem
713 4524 771 4599 die
793 4491 922 4600 ibidem
946 4525 1171 4604 demandato
1195 4531 1350 4626 magistri
1370 4533 1459 4606 Petri
1476 4531 1522 4606 do
1539 4532 1649 4604 Vinea
1667 4529 1802 4625 scripsit
1817 4529 1855 4600 Ρ.
1876 4525 1921 4602 de

512 4644 628 4742 Capua
653 4647 700 4722 ad
723 4650 966 4724 Boamnndom
994 4653 1190 4728 Piscionnm
1211 4655 1435 4748 justitiarium
1458 4653 1594 4752 Apmtii
1619 4652 1715 4750 quod
1742 4652 1922 4760 permictat

510 4770 554 4842 Η.
571 4771 739 4846 illustrem
759 4795 879 4869 regem
894 4775 1052 4848 Turrium
1077 4787 1112 4851 et
1134 4778 1291 4873 Gallnre,
1309 4781 1398 4854 sacri
1419 4779 1553 4875 imperii
1574 4779 1611 4851 in
1634 4775 1729 4851 ltalia
1746 4775 1917 4872 legatum,
