4524 6012
283 697 380 756 tanae.
400 692 462 776 lb]
721 693 917 754 HISTORIA
942 691 1234 753 DiPLOMleGb
1632 687 1694 750 689

284 850 358 900 mus
369 836 535 900 consueta
548 836 583 900 et
595 825 641 900 ad
654 848 696 898 oa
713 827 829 898 omnia
840 847 911 920 que
924 827 1044 898 eadem
1058 834 1117 898 tue
1130 826 1248 898 iicters
1258 824 1479 899 continebant
1494 824 1693 898 benivolum

285 951 492 1047 prestitimus
516 950 744 1038 intellectum,
772 949 943 1039 studium,
969 959 1035 1022 etc.
1056 948 1158 1034 Quod
1185 958 1300 1022 autem
1324 949 1489 1044 scripsisti
1510 950 1611 1022 uobis
1631 971 1694 1045 per

286 1095 340 1148 eas
356 1073 452 1168 qnod
472 1074 508 1144 iu
530 1083 644 1146 castro
667 1082 784 1146 nostro
799 1073 1049 1146 Montisiuscuti
1067 1073 1214 1146 cisterna
1231 1083 1283 1146 est
1299 1073 1486 1167 plurimum
1505 1083 1690 1168 oportuna,

285 1199 443 1270 rodomus
461 1207 496 1270 ot
516 1196 722 1270 mandamus
738 1205 777 1268 ut
793 1197 829 1268 iu
848 1198 925 1292 ipso
938 1207 1051 1270 castro
1069 1197 1250 1270 cisternam
1269 1197 1359 1268 sicut
1379 1196 1546 1292 expedire
1564 1197 1693 1270 videris

286 1317 352 1391 ieri
371 1319 478 1391 iacias
499 1319 544 1392 de
568 1321 715 1414 pecunia
731 1320 828 1392 euris
851 1330 967 1392 nostre
983 1341 1054 1413 que
1075 1328 1127 1392 est
1144 1339 1208 1414 per
1229 1340 1354 1390 manus
1371 1329 1461 1390 tuas.
1488 1317 1692 1411 significasti

285 1443 423 1538 insuper
439 1443 541 1515 nobis
558 1443 653 1535 qnod
669 1443 785 1538 plnres
802 1443 960 1516 homines
978 1443 1075 1515 exire
1088 1443 1211 1516 volunt
1229 1442 1274 1514 de
1292 1443 1488 1514 Benevento
1503 1452 1537 1514 et
1555 1443 1693 1542 habita·

286 1567 392 1638 dones
405 1587 526 1638 eorum
544 1567 727 1640 transferre
740 1565 787 1639 ad
804 1575 914 1640 terras
926 1576 1079 1654 nostras,
1095 1575 1130 1638 et
1143 1565 1257 1660 petisti
1273 1585 1378 1660 super
1390 1565 1457 1638 boc
1474 1563 1562 1637 scire
1578 1576 1694 1640 nostre

287 1689 534 1784 beneplacitum
557 1690 761 1776 voluntatis;
784 1690 830 1762 ad
851 1689 948 1783 qnod
967 1689 1030 1761 tibi
1051 1689 1163 1762 taliter
1180 1687 1430 1783 respondemus
1448 1715 1457 1759 ε
1473 1689 1556 1784 quia
1572 1689 1695 1762 civitas

287 1811 527 1886 Beneventano
545 1821 596 1886 est
610 1812 699 1908 lapis
713 1813 909 1884 offensionis
924 1821 958 1884 et
976 1821 1073 1907 petra
1089 1811 1243 1884 scandali
1265 1813 1363 1906 requi
1390 1811 1513 1903 nostri,
1533 1813 1695 1886 uolumus

286 1935 376 2030 quod
390 1936 502 2032 ipsius
521 1936 730 2010 habitatores
746 1947 874 2010 exeant
891 1938 927 2008 iu
948 1938 1014 2010 boc
1029 1959 1050 2010 a
1068 1936 1219 2031 predicta
1234 1935 1387 2019 civitate,
1406 1957 1485 2008 cnm
1497 1937 1612 2030 potins
1628 1937 1694 2009 sibi

285 2069 316 2133 st
328 2081 452 2133 eorum
473 2059 712 2155 indempnitati
731 2061 917 2134 videantur
933 2061 1110 2134 consulere
1126 2081 1232 2154 quam
1257 2068 1373 2132 nostre
1394 2060 1590 2133 satisfacere
1613 2082 1694 2134 ma-

282 2184 416 2276 jestati3·
428 2191 568 2278 proptor
591 2183 686 2278 quod
705 2186 867 2258 volumus
889 2186 984 2280 qnod
1005 2207 1125 2258 omues
1149 2185 1242 2256 iutns
1263 2183 1395 2256 tamdiu
1415 2185 1576 2278 squalore
1595 2185 1694 2258 tamis

285 2316 438 2380 arescam
451 2329 634 2401 quousque
649 2317 817 2402 coquntur
831 2331 894 2404 per
915 2310 1015 2382 tamis
1034 2308 1251 2403 asperitatem
1270 2317 1305 2380 et
1326 2307 1471 2380 aliarum
1486 2327 1600 2380 rernm
1615 2308 1695 2382 ino·

285 2431 374 2525 piam
397 2451 519 2502 omues
542 2431 751 2504 unanimiter
774 2432 896 2506 nostris
916 2432 1097 2504 addiscere
1119 2431 1261 2504 obedire
1278 2431 1431 2526 imperiis
1450 2439 1483 2503 et
1500 2432 1691 2523 mandatis3

285 2551 326 2625 ad
339 2553 437 2646 quod
450 2553 648 2626 iaciendum
666 2575 727 2648 per
743 2555 921 2628 arctiorem
935 2556 1127 2628 custodiam
1147 2565 1181 2627 te
1193 2556 1357 2626 volumus
1374 2575 1453 2626 cum
1470 2555 1564 2626 omni
1576 2555 1693 2630 studio

285 2675 433 2748 debitam
457 2687 559 2771 prout
578 2679 719 2772 negotio
744 2679 890 2774 expedit
907 2679 1123 2770 diligentiam
1150 2678 1329 2769 adhibere,
1353 2687 1392 2748 ut
1415 2686 1485 2750 tam
1501 2699 1606 2774 snper
1629 2680 1695 2752 boc

259 2793 261 2798 ’
284 2819 384 2892 quam
401 2821 508 2894 snper
518 2801 679 2872 omnibns
692 2802 848 2874 serviciis
859 2802 984 2873 uostris
997 2801 1137 2873 effectus
1150 2821 1293 2893 opernm
1306 2821 1423 2872 coram
1438 2800 1540 2872 nobis
1556 2813 1587 2871 te
1601 2823 1695 2872 com·

285 2922 512 2994 mandabitem
539 2933 759 3017 representet.
789 2924 842 2996 Ad
865 2925 930 2996 boc
947 2925 1111 3018 scriptum
1133 2924 1311 2994 continens
1338 2923 1479 2994 nomina
1497 2924 1694 2996 officialium

281 3044 529 3134 jurisdictionis
540 3045 702 3140 tuequod
712 3048 835 3118 misisti
845 3069 906 3142 per
917 3048 1076 3119 nuntium
1089 3056 1187 3118 tuum
1197 3047 1298 3138 juxta
1310 3045 1510 3118 mandatnm
1524 3055 1692 3138 nostrum,

286 3167 374 3242 idem
389 3181 471 3242 tuus
484 3169 626 3242 nuntius
644 3171 811 3244 innostra
829 3191 965 3244 camera
983 3170 1183 3264 assignavit.

331 3295 457 3366 Datum
477 3293 513 3364 in
531 3294 677 3368 Ciuitate
695 3295 858 3384 Castalis,
880 3293 988 3370 XXili
999 3295 1169 3386 januarii,
1190 3295 1266 3367 Xiil
1285 3292 1496 3366 indictionis.

334 3793 556 3880 Mandabrm
582 3798 631 3880 ad
655 3797 906 3908 justitiarium
933 3799 1052 3882 Vallis
1072 3800 1196 3884 Gratis
1221 3809 1259 3882 et
1281 3800 1418 3882 Terrae
1439 3799 1626 3885 Iordanes
1650 3803 1698 3886 de

285 3924 489 4010 baronibus
515 3938 552 4012 et
582 3929 805 4012 feudatariis
832 3932 953 4014 citatis
979 3932 1028 4013 ad
1051 3955 1181 4036 arma,
1210 3932 1258 4013 de
1276 3933 1471 4040 quaternis
1500 3943 1695 4038 actorum,
1746 3938 1768 4046 ᾖ
1787 3947 1830 3977 ·““
1876 3963 1883 3977 ·

285 4056 484 4142 feudorum
507 4071 545 4143 et
566 4061 767 4166 collectae,
797 4063 845 4144 de
872 4063 1114 4172 inquisitione
1140 4063 1312 4145 iacienda
1341 4090 1454 4172 super
1480 4067 1694 4172 carceratis,

284 4189 330 4270 de
356 4191 433 4273 illia
461 4193 528 4302 qui
561 4219 669 4274 arma
697 4193 889 4303 prohibita
920 4205 1187 4304 portaverunt,
1218 4197 1266 4276 de
1295 4197 1455 4304 pecunia
1491 4224 1591 4307 quae
1626 4197 1698 4282 snit
1834 4181 1837 4188 ¹

285 4319 461 4432 imposita
482 4325 705 4435 baronibus,
726 4330 775 4411 de
791 4328 1070 4434 venationibus,
1090 4329 1138 4412 de
1155 4328 1376 4411 nominibus
1394 4329 1627 4413 officialium.

363 4498 490 4581 (napea
502 4503 606 4584 imper.
618 4501 738 4566 Fredcr.
753 4504 794 4581 11,
808 4504 862 4568 iot.
879 4513 915 4566 51
928 4521 1028 4578 verso;
1040 4508 1072 4566 in
1086 4506 1156 4566 edit.
1173 4505 1310 4580 Carnam,
1326 4521 1357 4584 p.
1372 4505 1456 4586 aas.)

333 4645 379 4715 Da
393 4648 560 4742 imperiali
573 4649 733 4724 mundato
754 4654 843 4743 [aab
857 4674 921 4744 per
938 4653 1138 4744 mopistrnm
1159 4651 1201 4722 tt.
1221 4651 1260 4723 de
1280 4653 1428 4744 Trojecto
1446 4655 1577 4748 scripsit
1595 4653 1639 4726 G.
1658 4657 1699 4728 de

290 4765 438 4844 amab
454 4773 681 4870 responsales:
