4358 5996
204 717 390 800 lnorcr.13.]
661 715 859 782 HISTORIA
883 719 1178 784 nlrlomllmclt.
1546 713 1624 776 1027

207 855 349 950 publice
361 851 575 949 praedicavit
588 875 740 947 crucem,
756 857 883 929 multos
905 879 1008 956 cruce
1023 857 1173 952 signavit
1190 854 1228 927 in
1248 851 1470 926 salvationem
1488 849 1626 922 anima-

207 999 305 1068 rum;
320 986 356 1049 et
369 975 406 1048 in
420 977 479 1049 die
491 976 669 1051 dominico
683 978 784 1052 nonis
800 981 938 1074 angusti
950 979 1004 1078 (l)
1018 981 1200 1076 episcopus
1212 975 1472 1071 Ratisponensis
1486 973 1626 1069 publice

207 1100 425 1196 praedicavit
434 1121 559 1196 papam
574 1101 694 1174 iniisse
706 1101 930 1176 concordiam
943 1126 1024 1176 cum
1036 1102 1192 1176 heretico
1199 1099 1394 1190 Frederico,
1405 1119 1476 1170 nou
1490 1096 1536 1170 ad
1549 1117 1626 1169 ves·

208 1232 298 1296 uam
322 1223 553 1315 volontatem,
574 1223 637 1298 sed
654 1225 701 1298 ad
719 1247 856 1300 omnem
873 1228 1054 1300 utilitatem
1077 1225 1213 1322 imperii
1235 1233 1270 1297 et
1289 1223 1466 1296 honorem.
1494 1223 1545 1292 lta
1564 1217 1626 1292 fidi

211 1344 385 1418 Ecclesiae
403 1346 590 1419 volnerati.
1327 1417 1330 1424 .

258 1469 347 1542 Dein
368 1469 413 1544 Vl
429 1468 510 1543 idus
530 1469 670 1564 augusti
689 1468 742 1568 (2)
767 1484 873 1546 ncotu
894 1474 1010 1548 media
1033 1473 1144 1546 nuntii
1163 1471 1275 1566 reguli
1294 1491 1375 1542 oum
1401 1467 1533 1540 nuntiis
1555 1467 1627 1562 api·

210 1593 307 1688 scopi
323 1593 564 1686 frisingensis,
584 1593 818 1668 Landshutam
836 1618 963 1670 venere
976 1597 1118 1669 absente
1131 1595 1222 1668 duce
1234 1595 1295 1688 qui
1312 1604 1396 1665 tunc
1413 1593 1449 1664 in
1464 1592 1627 1665 Bobemia

210 1725 287 1788 erat
303 1737 368 1812 pro
386 1716 531 1810 negotiis
550 1717 725 1791 Ecclesiae
742 1719 935 1809 Romanae,
954 1731 1093 1814 treugas
1111 1720 1258 1792 solvere.
1277 1717 1399 1811 Reguli
1416 1717 1529 1788 nuntii
1545 1715 1627 1789 duci

210 1849 246 1912 et
263 1839 339 1912 suis
352 1839 472 1912 minati
488 1840 750 1934 procacissime;
768 1863 887 1916 omnes
904 1843 1096 1938 imperiales
1114 1841 1160 1915 ad
1180 1842 1342 1916 Boiorum
1359 1850 1482 1912 terram
1500 1840 1628 1914 devas-

211 1961 356 2036 tandam
380 1962 571 2034 intrabunt.
594 1963 755 2038 Nitenaw
782 1986 926 2039 vacasse
944 1967 1009 2056 ait5
1035 1965 1238 2060 episcopum
1257 1964 1541 2059 Ratisponensem
1563 1985 1628 2037 ex-

214 2085 505 2158 communicatum
531 2087 743 2160 concessisse
768 2087 977 2162 buticulario
1005 2087 1051 2162 de
1072 2087 1275 2161 Nurnberoh
1300 2087 1431 2182 potenti
1459 2088 1628 2183 imperiali

212 2209 369 2303 quicum
382 2207 573 2304 filioatque
587 2209 746 2283 ducentis
762 2213 903 2284 armatis
918 2210 964 2284 ad
977 2212 1227 2308 possessionem
1237 2211 1346 2285 venit.
1366 2209 1470 2297 Quod
1485 2211 1545 2283 ubi
1562 2233 1628 2306 ego

214 2313 389 2422 intellexi,
409 2351 505 2406 meos
520 2333 741 2429 presbyteros
758 2343 793 2407 et
808 2336 950 2409 clericos
965 2357 1043 2408 cum
1064 2337 1225 2410 trecentis
1240 2336 1381 2409 armatis
1397 2335 1475 2407 misi
1489 2337 1627 2408 obviam

216 2464 255 2528 nt
268 2463 341 2528 lam
355 2455 602 2528 buticularium
617 2478 722 2551 quam
740 2478 860 2530 omncs
879 2458 1004 2532 militas
1021 2468 1055 2532 et
1071 2461 1221 2554 lautores
1238 2457 1403 2532 Friderici
1419 2479 1629 2530 excommu-

216 2579 388 2667 nicarent;
400 2599 506 2673 quam
515 2580 719 2652 sententiam
727 2589 762 2653 et
775 2581 889 2676 potius
901 2581 1087 2655 formidine
1097 2591 1306 2654 armatorum
1317 2589 1513 2654 nostrorum
1526 2581 1630 2654 decli-

217 2723 319 2794 nans,
330 2700 475 2774 domum
488 2701 603 2775 rediit.
615 2703 804 2777 Ecclesiam
816 2705 961 2778 ilenrico
974 2706 1209 2800 protonotario
1220 2704 1327 2777 inoliti
1337 2703 1436 2777 ducis
1449 2705 1630 2778 Bawariae

218 2825 447 2898 devotissimo
461 2827 637 2900 Romanae
654 2827 829 2900 Ecclesiae
848 2829 994 2901 contulit
1017 2829 1054 2900 in
1078 2827 1313 2924 spiritualibus
1328 2837 1363 2902 at
1383 2828 1631 2922 temporalibus

218 2949 493 3042 gubernandam.
514 2951 623 3046 Rogat
638 2973 765 3048 papam
782 2962 822 3025 ut
835 2952 1017 3048 adprobet.
1124 2987 1127 2994 ¹

425 3313 1422 3326 ——n—-n——uo—--ffl-——u-—ss--m-Wffl-a

118 3701 121 3711 ,
271 3581 505 3692 Fridericus,
528 3585 790 3670 Romanorum
815 3587 1036 3696 imperator,
1065 3585 1230 3671 Ostiensi
1260 3585 1435 3696 episcopo
1459 3611 1632 3696 conque-
1690 3610 1737 3697 „¹
1790 3611 1806 3642 0

219 3713 316 3796 ritur
334 3715 441 3824 quod
457 3717 560 3826 Papa
579 3725 667 3800 ante
689 3727 890 3801 tractatam
912 3727 950 3802 et
966 3717 1158 3800 firmatam
1180 3743 1313 3826 paoem
1337 3719 1541 3802 concilium
1558 3719 1630 3828 ipsi

219 3845 439 3956 imperatori
456 3848 567 3933 valde
586 3859 803 3960 suspectum
821 3851 895 3934 sub
913 3851 1035 3960 specie
1052 3851 1156 3960 pacis
1174 3853 1445 3936 convocaverit.

301 4057 399 4138 (Edit.
413 4077 462 4138 ap.
476 4061 611 4138 Bonum,
626 4061 761 4140 Miscell,
777 4071 800 4126 t.
815 4067 842 4139 1,
857 4082 888 4143 p.
904 4073 975 4139 488,
990 4081 1059 4126 cum
1073 4065 1131 4126 hoc
1144 4065 1232 4125 titulo
1248 4083 1257 4124 a
1272 4062 1322 4125 Ad
1332 4061 1493 4125 cardinales
1505 4065 1632 4126 Romana

339 4162 488 4243 Ecclcric5
504 4185 585 4229 nuno
604 4170 672 4230 coll.
698 4187 767 4231 oum
790 4169 915 4234 codicib.
936 4168 1014 4232 Bibl.
1037 4169 1134 4232 Cesar.
1154 4171 1262 4248 Poris,
1277 4168 1370 4250 sooda
1383 4169 1633 4233 SciotGermar'n·

339 4269 465 4352 barlay,
474 4282 508 4334 u·
518 4282 594 4348 45⁵3
608 4291 675 4336 arto.
681 4273 775 4356 suada
787 4273 871 4349 latin,
885 4286 919 4337 ιιο
930 4283 1020 4348 8564,
1032 4281 1062 4336 ct
1075 4291 1144 4337 oum
1157 4277 1257 4336 codice
1267 4276 1486 4356 Pbllllppsensl,
1496 4286 1529 4336 ιιο
1540 4285 1630 4355 8898,

341 4377 394 4438 ubl
406 4379 479 4440 baec
492 4378 632 4444 robrlca:
652 4401 669 4440 a
687 4381 866 4460 Quibusdam
883 4379 1080 4444 cardinalibrc
1093 4379 1236 4445 adulatur
1253 4381 1426 4444 manando
1443 4381 1477 4444 dc
1497 4400 1631 4444 conoma-

343 4484 420 4546 tiooe
433 4483 548 4547 macilis·
559 4493 628 4550 uota
640 4487 873 4568 reformationem
880 4489 988 4570 posia.)
1176 4471 1179 4480 ¹

259 4719 296 4792 (t)
314 4719 422 4779 Scilicet
434 4726 451 4780 8
465 4725 717 4801 augustissumo
731 4729 747 4782 8
762 4727 881 4800 augrmti.

260 4817 296 4890 (²)
315 4817 423 4877 scilicet
438 4822 455 4876 8
470 4821 586 4894 augusti.
