4384 6004
206 635 306 695 Irrmm.
325 632 390 710 le]
658 634 859 698 HISTORIA
884 635 1179 698 embolismos.
1543 638 1620 700 1067

206 769 286 844 simi
310 769 542 840 Romaoomm
563 767 778 861 imperatoris
803 792 940 866 semper
960 771 1112 864 augusti,
1134 769 1318 844 Ierusalem
1336 778 1370 844 et
1389 769 1505 844 Sicilie
1528 773 1621 866 regis

207 911 299 964 anno
320 889 400 962 XXI
407 941 418 978 ,
438 889 537 978 regni
555 889 739 964 Ierusalem
760 915 851 967 anno
875 895 952 966 XVI
973 904 1007 968 et
1028 894 1127 988 regni
1143 895 1258 966 Sicilie
1275 915 1366 966 anno
1387 895 1490 966 XLIII
1505 893 1554 990 (u)
1571 897 1622 968 le·

207 1013 329 1101 liciter,
347 1012 472 1084 Amen.
490 1013 556 1084 Per
577 1017 745 1108 presentis
768 1017 885 1112 scripti
911 1019 1074 1112 paginam
1102 1027 1222 1090 notum
1251 1018 1510 1090 essevolumus
1537 1019 1620 1094 uni-

206 1137 317 1209 versis
333 1135 428 1229 qnod
451 1157 517 1208 nos
534 1136 654 1210 Petrus
673 1138 720 1212 dc
737 1141 825 1214 hlele
839 1151 873 1214 et
893 1142 1065 1214 Iohannes
1086 1139 1131 1214 de
1149 1140 1294 1212 Domino
1315 1141 1451 1213 Plutino
1468 1163 1527 1235 per
1544 1143 1620 1216 tra-

206 1270 293 1332 trem
313 1261 453 1332 Petrum
476 1258 521 1331 de
546 1259 711 1334 Cuscntia
726 1263 935 1336 monachum
959 1265 1104 1336 ecclesie
1129 1263 1244 1336 Sancti
1261 1263 1424 1357 Stephani
1443 1263 1489 1336 de
1511 1265 1619 1338 bosco

205 1405 270 1476 pro
287 1393 384 1476 parte
402 1382 537 1454 abbatis
554 1391 588 1456 et
606 1395 797 1457 conventus
813 1387 924 1482 ipsius
938 1388 1092 1477 ecclesie,
1112 1387 1239 1458 litteras
1256 1387 1387 1478 egregii
1404 1387 1469 1458 viri
1485 1387 1618 1460 domiui

204 1505 343 1599 Rogerii
375 1504 419 1577 de
443 1504 589 1592 Amicis,
621 1507 808 1602 imperialis
838 1511 1009 1604 capitanei
1034 1519 1067 1582 et
1093 1509 1246 1602 magistri
1273 1509 1446 1601 justitiarii
1473 1533 1494 1582 a
1521 1521 1619 1606 porta

204 1629 320 1701 Roseti
337 1649 448 1721 usque
464 1628 613 1700 Pharum
630 1639 665 1702 et
681 1651 744 1725 per
762 1642 869 1704 totam
886 1632 1056 1722 Siciliam,
1074 1632 1268 1727 recepimus
1284 1631 1374 1704 hano
1388 1633 1511 1704 seriem
1531 1653 1618 1706 con-

205 1751 377 1822 tinentes:

253 1874 424 1964 hogerius
447 1872 491 1946 de
506 1872 648 1964 Amicis,
676 1874 863 1970 imperialis
888 1877 1088 1972 capitaneus
1113 1884 1148 1948 et
1169 1877 1332 1970 magister
1357 1877 1568 1968 justiciarius
1595 1900 1617 1950 a

204 2006 303 2091 porta
320 1996 436 2069 Roseti
452 2018 564 2090 nsque
582 1997 732 2070 Pharum
749 2008 785 2071 et
802 2021 865 2094 per
889 2009 994 2072 totam
1007 1999 1176 2090 Siciliam,
1197 1999 1426 2094 prudentibus
1446 2001 1531 2074 viris
1553 2000 1617 2074 do·

204 2120 300 2192 mino
320 2120 421 2194 Petm
443 2119 488 2193 de
504 2121 591 2192 ltlele
616 2130 651 2194 et
668 2107 819 2194 domino
832 2123 978 2196 Iohanni
1000 2123 1153 2210 Plutino,
1169 2133 1203 2194 et
1222 2133 1346 2196 cetera.
1367 2124 1492 2194 Notum
1517 2123 1616 2196 vobis

205 2243 350 2316 iacimus
374 2244 472 2337 quod
496 2244 744 2317 sacratissimas
771 2245 967 2340 imperiales
989 2245 1208 2341 responsivas
1231 2245 1346 2318 literas
1365 2246 1558 2339 recepimus
1581 2247 1616 2320 in

204 2365 270 2438 hac
286 2367 421 2439 iorma:

251 2489 465 2581 Fridericns,
494 2491 555 2564 Ilei
580 2491 688 2581 gratia
709 2491 939 2563 Romanorum
964 2491 1160 2585 imperator,
1187 2501 1222 2562 et
1246 2499 1378 2577 cetera,
1403 2491 1547 2582 lingerio
1572 2491 1616 2564 de

203 2612 334 2686 Amicis
356 2615 554 2708 capitaneo,
580 2623 615 2686 et
637 2623 761 2688 cetera.
780 2614 875 2686 Scire
897 2613 1059 2687 volumus
1081 2612 1280 2685 fidelitatem
1306 2622 1400 2684 tuam
1429 2611 1526 2705 quod
1553 2635 1616 2686 nos

203 2736 384 2808 ecclesiam
406 2737 523 2808 Sancti
541 2734 679 2829 Georgii
695 2735 740 2808 de
759 2736 930 2808 Bubalino
952 2758 1031 2808 cum
1054 2736 1266 2824 hominibus,
1284 2736 1557 2830 possessionibus
1580 2747 1616 2810 et

203 2858 364 2952 omnibus
386 2859 573 2931 ratiociniis
590 2867 625 2930 et
643 2858 857 2952 pertinentiis
881 2859 953 2930 suis
971 2881 1076 2952 qnam
1095 2879 1157 2952 pro
1175 2858 1361 2930 tenimento
1379 2859 1504 2930 Mutari
1519 2859 1614 2952 quod

203 2978 249 3051 de
264 2981 427 3053 mandato
443 2991 557 3056 nostro
575 2991 713 3077 captum
739 2983 850 3054 iuerat
865 2981 912 3055 ad
934 3003 1022 3077 opus
1039 2982 1132 3052 curie
1148 2991 1263 3054 nostre
1280 2982 1343 3076 (h),
1363 2991 1499 3075 recepto
1515 3004 1614 3054 man-

202 3102 284 3176 dato
299 3115 416 3178 nostm
431 3105 476 3178 de
496 3105 679 3178 excambio
697 3105 764 3176 sibi
783 3105 901 3178 dando
922 3106 972 3178 eis
994 3105 1069 3177 dari
1094 3103 1280 3200 provideas
1300 3114 1334 3176 el
1353 3106 1531 3198 assignare
1553 3126 1613 3178 va·

202 3226 273 3299 less
285 3249 348 3321 pro
364 3237 461 3322 parte
481 3239 614 3318 nostra,
633 3229 735 3320 juxta
752 3229 850 3322 quod
868 3237 927 3300 tue
949 3229 1047 3301 litere
1060 3239 1147 3322 quas
1163 3228 1264 3300 nohis
1279 3249 1382 3321 super
1400 3227 1469 3301 hoc
1492 3228 1613 3302 misisti

203 3361 239 3421 ct
263 3351 529 3423 instrumentum
550 3352 653 3424 etiam
675 3351 771 3446 quod
795 3352 846 3424 eis
868 3351 998 3425 exinde
1023 3353 1152 3424 ieceras
1176 3351 1416 3442 continebant,
1441 3351 1559 3423 abbati
1580 3361 1615 3425 et

203 3475 390 3546 conventui
416 3475 532 3546 Sancti
558 3475 721 3569 Stephani
745 3475 790 3547 de
814 3475 922 3546 Busco
943 3484 977 3546 et
1002 3496 1122 3547 eornm
1150 3475 1407 3548 successoribus
1432 3496 1493 3569 pro
1517 3483 1615 3570 parte

202 3596 315 3692 ipsius
341 3597 537 3670 monasterii
565 3597 602 3668 in
628 3597 852 3670 ratificatione
872 3597 1028 3694 predicte
1054 3599 1330 3670 commutationis
1358 3597 1614 3670 concedendam

203 3719 373 3793 duximus
395 3729 429 3793 ct
444 3730 610 3816 perpetuu
630 3719 918 3812 confirmandam,
939 3730 1042 3815 prout
1062 3721 1098 3791 in
1116 3721 1242 3816 scripto
1259 3719 1357 3813 quod
1378 3719 1508 3792 exinde
1532 3720 1615 3814 ipsis

203 3842 277 3915 lieri
304 3845 451 3916 lecimus
476 3844 689 3936 contiuetur3
717 3831 822 3915 salvis
851 3844 1013 3916 omnibus
1038 3844 1192 3934 exeniis,
1218 3843 1432 3934 redditibus,
1461 3844 1615 3916 serviciis

203 3965 319 4058 operis
338 3974 371 4037 et
388 3965 668 4059 quibuscumque
687 3965 825 4056 juribus
847 3985 915 4058 que
937 3974 1006 4037 tam
1027 3967 1072 4038 ab
1095 3965 1280 4039 abbatibus
1300 3965 1455 4056 ejusdem
1474 3966 1615 4040 ecclesie

202 4107 310 4179 quam
335 4087 381 4159 ab
406 4087 605 4158 hominibus
633 4087 842 4183 supradictis
870 4089 966 4160 curia
993 4098 1109 4160 nostra
1135 4101 1287 4183 tempore
1313 4088 1462 4160 felicium
1492 4109 1615 4181 regum

203 4209 486 4305 predecessorum
506 4221 699 4284 nostrorum
720 4211 850 4284 habere
872 4212 1070 4302 consuevit,
1089 4222 1206 4307 preter¹
1215 4215 1274 4306 jus
1296 4220 1497 4306 patronatus
1519 4211 1614 4305 quod

202 4333 239 4403 in
258 4333 382 4407 eadem
407 4335 634 4408 noscebamus
657 4335 784 4408 habere
807 4347 842 4408 et
863 4334 994 4408 eisdem
1020 4335 1187 4409 duximus
1212 4333 1475 4410 remietendum.
1501 4335 1615 4420 Quare

244 4508 287 4589 (a)
310 4510 480 4589 legendnm
494 4511 618 4574 XLIIII.

245 4613 286 4694 (b)
308 4615 404 4678 Locus
416 4617 550 4698 mutilus,
565 4619 638 4680 dum
652 4619 738 4696 plura
751 4619 783 4678 tn
796 4619 937 4695 impresso
955 4617 1156 4679 desiderentur
1168 4633 1247 4696 ¹(puae
1259 4617 1299 4678 ad
1317 4633 1439 4678 sensum
1453 4615 1611 4676 elucldan-

202 4718 275 4780 dum
288 4722 433 4782 valerent.
