4358 5996
210 687 392 772 1888818]
673 687 869 751 HISTORIA
890 687 1178 750 nlrnousulcs.
1550 689 1627 752 1035

212 825 436 898 interdictum
452 823 608 914 solvens;
634 823 788 896 fecerunt
807 823 1003 897 solemniter
1028 823 1207 897 celebrari.
1229 823 1304 897 Une
1324 843 1405 920 pars
1426 821 1629 895 mandatum

212 949 381 1040 abolevit,
398 948 465 1020 elia
478 969 559 1043 pars
573 946 746 1020 Ecclesiae
758 949 930 1021 llornanae
947 949 1093 1020 multum
1107 945 1319 1020 detrahendo
1334 946 1510 1042 imperiale
1525 947 1628 1020 anxi-

213 1073 301 1146 linm
316 1073 514 1146 invocabat.
527 1069 678 1144 Tandem
695 1073 860 1164 gliscente
878 1071 1026 1166 partium
1042 1070 1242 1166 pertinacia,
1262 1070 1402 1142 biennio
1411 1071 1482 1162 jam
1497 1071 1625 1166 elapso,

214 1205 293 1291 post
311 1196 451 1291 saepius
468 1197 554 1267 latas
573 1195 759 1267 sententies
781 1195 1151 1268 excommunicationis
1169 1203 1204 1267 et
1230 1193 1466 1288 suspensionis
1491 1195 1630 1267 luerunt

214 1315 394 1392 beneficiis
410 1317 611 1391 auctoritate
631 1318 818 1413 apostolica
840 1329 1009 1414 perpetuo
1030 1318 1205 1406 destituti,
1226 1318 1426 1412 clericisque
1448 1317 1630 1412 papalibus

215 1441 318 1532 datar
338 1443 505 1538 praelium
525 1442 563 1514 in
586 1441 730 1515 Baverie
750 1463 798 1514 ex
819 1451 904 1514 tuno
921 1463 1104 1516 commune
1121 1451 1244 1515 ortum.
1264 1442 1345 1514 Dux
1367 1442 1533 1515 Bavariae
1549 1463 1629 1514 cum

214 1587 281 1638 sne
307 1575 406 1663 parte
429 1567 577 1662 papalis,
604 1568 788 1663 episcopus
811 1589 890 1640 raro
922 1567 1147 1662 Frisingensis
1170 1576 1265 1662 parte
1297 1567 1404 1640 altera
1427 1567 1625 1663 imperialis.

215 1689 408 1786 Episcopus
425 1699 541 1762 entem
555 1691 678 1764 volens
693 1693 806 1764 famae
821 1713 947 1766 nomen
960 1713 1125 1786 magnum
1143 1690 1238 1787 apud
1252 1689 1493 1786 imperatorem
1508 1713 1630 1764 enmu-

217 1815 309 1906 lerc‚
326 1814 436 1887 noluit
451 1815 609 1909 componi
627 1835 708 1888 oum
722 1815 832 1906 duca,
849 1816 917 1888 nisi
930 1837 994 1889 sua
1007 1837 1087 1912 pars
1105 1825 1144 1888 nt
1158 1815 1345 1910 imperialis
1360 1815 1584 1911 triumpharet
1597 1825 1632 1890 et

216 1938 295 2011 dux
316 1938 476 2035 papalem
494 1938 637 2033 posthac
657 1960 728 2012 non
744 1941 889 2014 foveret.
909 1941 1023 2028 Quare
1038 1940 1199 2036 provenit
1215 1939 1437 2014 contrarium.
1458 1940 1631 2036 Ruitpars
1675 1933 1678 1944 '

217 2059 364 2156 papalis,
380 2061 576 2156 praevaluit
591 2060 789 2157 imperialis,
802 2072 837 2136 et
854 2084 977 2158 verum
989 2063 1073 2157 quia
1086 2085 1205 2136 omncs
1221 2064 1335 2136 clerici
1351 2063 1500 2158 partium
1513 2063 1631 2138 Eccle·
1721 2157 1728 2170 ι

216 2184 290 2257 siae
310 2183 357 2256 ab
377 2182 584 2258 adversariis
605 2185 809 2280 spolientur.
839 2187 983 2282 lnsnper
1004 2187 1164 2282 episcopo
1192 2186 1318 2281 adjecit
1347 2189 1423 2262 dux
1449 2187 1485 2259 in
1508 2186 1631 2261 eadem

217 2306 465 2403 compositione
479 2329 543 2402 pro
560 2307 697 2382 damnis
714 2309 817 2385 illatis
833 2311 870 2382 in
888 2319 1032 2406 argento
1047 2321 1084 2383 et
1095 2312 1369 2406 possessionibus
1385 2310 1429 2384 ad
1447 2311 1632 2386 valentiam

216 2439 367 2526 quatuor
392 2431 538 2503 millium
558 2454 753 2506 marcarum
786 2435 935 2528 argenti,
960 2456 1039 2506 cnm
1062 2435 1245 2530 episcopus
1273 2435 1416 2509 domino
1444 2457 1521 2510 meo
1550 2435 1632 2510 duci

216 2553 384 2629 Bevanae
400 2552 515 2628 decies
530 2555 632 2651 plura
646 2553 773 2630 damna
790 2555 941 2630 intulerit
956 2565 991 2629 et
1008 2558 1148 2655 majora.
1168 2557 1260 2630 Haec
1277 2557 1357 2630 lecit
1373 2559 1431 2630 illa
1450 2557 1633 2631 fortissima

217 2677 425 2774 conspiratio
443 2699 465 2749 a
482 2677 555 2750 suis
567 2679 835 2774 consangnineis
848 2689 883 2752 et
899 2679 1064 2752 ministris
1080 2689 1255 2775 concepta.
1277 2681 1454 2776 Supplicat
1458 2733 1629 2752 .....

218 2809 257 2872 nt
281 2809 422 2873 revocet
445 2799 539 2873 illam
565 2801 845 2898 compositionem
875 2803 1026 2899 potentia
1053 2803 1198 2875 seculari
1230 2804 1355 2875 iactam
1386 2823 1448 2897 per
1474 2811 1634 2898 parentes

217 2922 548 2997 excommunicatos.
569 2977 578 2994 .
610 2979 619 2996 .
651 2977 660 2996 .
692 2978 701 2995 .
726 2926 867 2998 Famem
886 2926 991 2999 luisse
1005 2925 1053 2998 ait
1069 2923 1286 2999 Sinibaldnm
1306 2923 1515 2998 cardinalem
1533 2924 1633 3018 lega-

217 3057 294 3120 tnm
306 3046 346 3118 in
361 3045 545 3139 Ungariam
558 3045 709 3136 venisse,
724 3047 941 3123 Germaniam
955 3048 1179 3140 intraturum
1197 3047 1303 3142 hujus
1315 3045 1469 3122 adventu
1485 3049 1634 3120 lautores

216 3169 385 3244 l'riderici
404 3170 557 3245 maxime
568 3171 724 3245 turbatos
740 3172 787 3246 ait
790 3226 965 3246 .....

267 3291 423 3393 [Datum]
435 3296 537 3368 nonis
549 3295 765 3393 septembris.

430 3573 742 3583 —m-ffln
746 3575 783 3583 ..—
788 3575 1388 3586 n—ffl———m--q
1397 3577 1424 3586 .-

275 3795 448 3908 Gregorii
466 3798 558 3882 noni
586 3825 708 3910 papae
730 3801 916 3885 mandata
933 3803 1040 3886 varie
1065 3804 1113 3888 de
1133 3802 1248 3892 rebus
1262 3805 1495 3890 Germanicis
1513 3815 1551 3892 et
1567 3831 1638 3918 pro
1676 3842 1828 3902 respuens

220 3927 379 4014 elberto
396 3929 579 4015 Bohemo.

304 4125 429 4206 (Inedlt.
444 4145 484 4190 ex
495 4127 621 4191 mdletb.
636 4129 715 4193 Bibl.
730 4131 1090 4210 Lepus,n·1res,tcl.
1109 4143 1164 4197 11⁷
1180 4151 1277 4214 verso,
1289 4140 1320 4196 et
1331 4135 1408 4201 Blbl.
1419 4153 1482 4216 reg.
1493 4135 1635 4217 Berolln.‚

344 4235 533 4313 n⁰188,lol.
551 4245 607 4298 188
622 4243 716 4317 recto,
733 4246 791 4300 124
805 4253 902 4318 verso,
917 4247 973 4301 187
988 4238 1098 4320 verso.)

916 4429 944 4501 l.

483 4583 695 4658 Commendat
707 4610 803 4682 popa
819 4583 988 4662 albertum
1008 4589 1047 4661 dc
1063 4589 1284 4665 sollicitudine
1300 4613 1375 4668 sua.

279 4745 498 4846 [Gregorius
514 4759 599 4844 etc,
617 4752 780 4847 magistro
795 4752 956 4848 Alberto,
973 4753 1056 4856 etc]
1076 4757 1233 4855 lnspecto
1244 4759 1433 4839 litterarum
1447 4770 1563 4840 tenore
1579 4786 1641 4860 per
1674 4777 1678 4787 '
