4384 6004
256 635 359 692 buter.
376 629 438 707 le]
706 623 902 684 lllSTOthi
928 617 1220 682 blrtottut'tcu

315 1167 424 1275 Otto,
449 1167 529 1249 dux
546 1165 746 1272 bavariae,
767 1177 804 1248 et
826 1166 1004 1249 Albertus
1021 1165 1213 1248 Bohemus
1239 1163 1378 1246 iterum
1405 1184 1544 1270 papam
1572 1157 1671 1240 bor-

262 1310 393 1382 tantur
421 1301 525 1410 quod
561 1299 729 1410 legatum
762 1325 831 1408 per
859 1299 1095 1408 Hungariam
1130 1297 1278 1380 mittere
1308 1295 1415 1402 velit,
1444 1317 1566 1403 quum
1599 1289 1673 1370 nisi

264 1434 459 1546 negotium
476 1433 668 1516 Ecclesiae
686 1432 897 1542 expeditius
919 1432 1001 1514 fieri
1029 1431 1243 1540 contingat,
1267 1428 1390 1537 major
1412 1452 1502 1554 pars
1524 1424 1675 1534 episco-

264 1593 402 1675 porum
439 1577 475 1648 et
504 1565 719 1674 principum
755 1563 942 1648 laicorum
971 1563 1145 1673 proximo
1174 1572 1359 1646 autumno
1389 1559 1429 1640 in
1461 1557 1674 1670 subsidium

265 1698 442 1782 Fridcrici
460 1697 730 1782 bombardiam
749 1697 958 1781 intrabunt

347 1913 443 1990 (Edit.
457 1930 496 1974 ex
509 1912 614 1974 Aust.
629 1918 770 1992 accept,
788 1929 839 1988 ap.
859 1859 989 1982 OErrm,
1006 1911 1162 1990 scriptor..
1175 1927 1206 1986 p.
1228 1918 1297 1982 tet,
1319 1917 1350 1970 ot
1369 1925 1418 1988 ap.
1439 1911 1578 1986 Herm,
1597 1904 1673 1969 not

384 2018 433 2082 der
446 2020 537 2082 bites.
557 2021 623 2080 Ver.
638 2037 694 2080 oco
703 2019 872 2100 Stuttqurt,
887 2035 918 2095 p.
935 2019 997 2096 tt.)

320 2205 483 2298 Gregorio
498 2227 609 2300 papae
623 2207 701 2277 Otto
713 2204 772 2276 Dei
791 2205 899 2298 gratia
917 2204 1090 2276 Palatinus
1102 2226 1230 2276 comcs.
1249 2205 1284 2275 Si
1299 2225 1391 2276 anno
1408 2204 1565 2298 proximo
1580 2223 1679 2298 prae-

268 2331 357 2404 senti
372 2329 422 2425 (c)
436 2328 481 2402 ad
499 2329 653 2401 crebram
670 2327 869 2425 petitionem
889 2351 1004 2416 suam,
1017 2327 1145 2400 litteras
1159 2337 1193 2400 et
1207 2329 1344 2400 nuntios
1360 2327 1606 2419 consanguinei
1624 2325 1678 2398 sui

269 2453 323 2526 W.
342 2455 435 2544 regis
453 2453 631 2542 poemiae,
651 2455 785 2546 legatus
804 2452 906 2526 datus
926 2453 962 2524 in
976 2451 1156 2525 Alcmania
1170 2451 1308 2540 luisset,
1327 2451 1507 2546 negotium
1526 2461 1681 2524 suomet

269 2578 441 2651 Ecclesiae
454 2579 524 2670 J'am
541 2576 611 2650 fine
622 2579 739 2671 quieto
752 2576 932 2670 gauderet.
947 2576 1038 2648 Nihil
1053 2575 1217 2670 prodesse
1230 2577 1372 2649 consilia
1387 2577 1477 2650 bona
1487 2575 1584 2668 dare,
1599 2595 1680 2647 cnm
1810 2630 1811 2638 κ

269 2723 359 2796 quae
373 2703 419 2774 ab
432 2703 517 2798 ipsis
530 2700 722 2774 suadentur
739 2703 813 2796 ipse
829 2723 900 2774 non
917 2701 1101 2788 exaudiat3
1120 2703 1149 2773 si
1165 2703 1291 2794 majora
1307 2701 1473 2795 petiisset,
1486 2711 1682 2796 sperassent

270 2825 516 2916 seexauditos3
533 2827 568 2897 in
585 2826 923 2922 tantamsnperbiam
937 2826 1116 2921 episcopos
1126 2825 1329 2899 Alamanias
1341 2847 1416 2898 osse
1430 2823 1681 2924 prolapsos[ut]

272 2951 336 3023 nisi
355 2952 453 3025 brevi
477 2951 615 3046 negotio
636 2949 716 3022 finis
742 2949 843 3022 detur
867 2951 923 3022 vel
944 2971 965 3022 a
987 2951 1091 3022 latere
1114 2950 1282 3044 dirigatur
1306 2951 1441 3044 legatus
1462 2950 1630 3045 providus
1649 2959 1684 3022 ct

270 3076 471 3149 auctoritate
488 3097 558 3168 qua
573 3076 755 3170 episcopos
769 3075 829 3168 qui
849 3095 917 3146 non
938 3085 1097 3170 parerent
1113 3075 1277 3148 continuo
1294 3075 1486 3168 damnaret,
1502 3075 1588 3150 alios
1601 3075 1685 3148 obe-

273 3200 407 3272 dientes
423 3201 624 3286 substituat,
644 3201 804 3294 proximo
825 3209 993 3272 autumno
1009 3201 1119 3292 major
1141 3221 1221 3295 pars
1241 3199 1481 3294 episcoporum
1498 3203 1562 3290 [et]
1579 3199 1686 3272 laico·

273 3347 349 3396 rum
368 3311 562 3419 principum
581 3321 822 3396 Lombardiam
846 3313 1024 3396 intrabunt
1048 3325 1084 3394 in
1107 3323 1276 3396 auxilium
1302 3323 1485 3396 Frederici.
1510 3323 1580 3396 Nos
1606 3346 1685 3396 cum

274 3468 355 3541 rego
368 3447 601 3540 Boomiaequi
619 3459 749 3519 rectum
754 3500 1010 3520 .......
1029 3447 1132 3543 pauci
1159 3469 1298 3539 snmus,
1317 3469 1482 3540 cogemur
1504 3448 1688 3543 desperare

274 3573 414 3642 omnino
431 3580 466 3644 et
481 3571 595 3643 iacere
609 3592 701 3664 quae
714 3570 934 3664 postmodum
950 3593 1018 3643 non
1038 3581 1199 3664 poterunt
1219 3572 1386 3645 revocari.
1402 3572 1577 3667 Supplicat
1594 3573 1688 3665 lega·

276 3703 348 3764 tum
366 3715 429 3789 per
446 3693 630 3786 Ungariam
648 3694 855 3766 transmittat
876 3696 905 3765 si
923 3696 1098 3790 negotium
1119 3695 1236 3791 cupiat
1254 3696 1441 3768 terminari.
1465 3697 1566 3782 Quod
1589 3697 1618 3769 si
1641 3695 1688 3768 ad

275 3813 511 3906 concordiam,
531 3825 567 3886 ut
587 3817 678 3888 lama
696 3825 764 3904 est,
789 3815 931 3911 pronior
950 3817 1010 3907 sit,
1029 3840 1071 3891 eo
1092 3817 1188 3914 quod
1210 3819 1360 3914 legatum
1383 3820 1467 3894 dare
1489 3820 1686 3914 denegarit,

277 3939 360 4012 velit
387 3939 424 4011 id
449 3937 610 4011 intimare
635 3939 835 4014 Burcbardo
851 3943 965 4014 sciens
982 3942 1129 4039 principi
1149 3965 1213 4016 suo
1229 3943 1400 4038 quaedam
1421 3945 1613 4036 injunxisse
1631 3944 1691 4016 di-

278 4059 387 4135 cenda
406 4061 489 4136 viva
507 4084 606 4134 voce.
634 4061 790 4170 Consulit
815 4087 955 4160 quoque
980 4067 1141 4139 Albertus
1157 4069 1259 4160 juxta
1278 4089 1397 4162 preces
1418 4067 1518 4140 ducis
1541 4079 1576 4140 et
1597 4069 1691 4162 regis

279 4185 387 4258 mittat
404 4187 554 4278 legatum
574 4185 648 4258 sine
667 4209 783 4280 mora3
800 4188 896 4282 quod
921 4190 950 4260 ei
974 4191 1102 4284 lecerit,
1122 4191 1239 4263 omnia
1257 4191 1397 4286 negotia
1413 4191 1460 4266 ad
1477 4192 1689 4266 voluntatem

278 4328 388 4402 papae
403 4309 691 4382 terminabuntur.

328 4430 452 4503 Datum
467 4431 512 4503 tv
531 4431 611 4505 idus
628 4433 747 4528 aprilis
760 4433 930 4508 MCCXLI.

329 4551 473 4644 Adsunt
493 4555 622 4629 ibidem
638 4556 767 4630 Alberti
791 4556 837 4631 ad
855 4559 1057 4655 episcopum
1080 4561 1333 4636 Ferrariensem
1349 4563 1481 4639 litterae
1501 4588 1581 4640 oum
1602 4569 1694 4642 notis

324 4739 367 4821 (a)
387 4743 452 4817 Stc;
467 4746 626 4824 legendum
639 4763 709 4809 vcro
716 4745 913 4828 pamm.
