4564 6038
574 662 653 726 raus
1099 660 1283 724 courum
1306 659 1461 735 ouuarr
1793 661 1876 740 [aa.
1895 661 1983 724 mo

571 807 641 871 tam
655 795 841 870 mobilibus
850 817 956 891 quum
972 795 1222 888 immobilibus,
1241 798 1361 893 sylvis,
1379 795 1500 892 pratis,
1519 795 1626 890 agris,
1644 795 1795 890 pascuis,
1811 796 1983 892 piscariis,
2063 859 2068 874 ,

571 922 672 1016 aquis
686 941 925 1015 aquarumque
939 919 1146 992 decursibus
1165 941 1316 1014 quorum
1339 919 1492 1016 quedam
1510 917 1660 1014 propriis
1679 918 1861 994 uocabulis
1877 917 1986 992 duxi·

570 1066 650 1118 mus
665 1043 895 1139 exprimenda
914 1069 923 1114 ε
939 1042 1099 1140 predium
1117 1043 1154 1115 in
1179 1043 1381 1134 Olzreiitbe,
1408 1039 1537 1114 curiam
1554 1041 1590 1112 in
1609 1041 1837 1130 Tunzenbus,
1854 1042 1985 1116 curiam
2031 1097 2035 1106 .

571 1168 609 1240 in
623 1165 901 1256 Aminzinwiler,
927 1165 964 1237 in
988 1165 1246 1256 Cburembacb,
1265 1167 1303 1238 in
1323 1162 1559 1262 Hoplerbacb,
1577 1164 1617 1234 in
1638 1165 1800 1254 llrirnon,
1826 1165 1864 1235 in
1879 1163 1985 1238 Gain-

571 1289 739 1374 buerron,
756 1288 917 1384 predium
931 1310 1011 1362 oum
1026 1289 1129 1363 vium
1145 1290 1181 1360 in
1198 1289 1378 1384 blezingen
1398 1297 1434 1363 et
1450 1286 1524 1360 suis
1542 1286 1749 1378 attinentiis,
1767 1286 1932 1382 predium
1950 1287 1986 1362 in

571 1413 791 1501 Schammon,
813 1412 945 1484 curiam
958 1413 995 1483 in
1012 1411 1176 1502 Althaim,
1192 1411 1353 1507 predium
1367 1411 1404 1484 in
1420 1408 1665 1506 lngerkingon,
1682 1409 1843 1505 predium
1857 1409 1895 1481 in
1911 1410 1986 1484 Zol-

571 1536 739 1622 lervetin,
758 1535 794 1606 in
809 1533 1081 1628 bloobenwang,
1097 1543 1227 1608 curtem
1244 1533 1282 1606 in
1295 1533 1399 1608 domo
1412 1531 1586 1606 Bertboldi
1600 1533 1746 1606 ministri
1758 1529 1804 1606 de
1817 1531 1986 1608 Bibcracb

573 1659 699 1750 atejus
718 1657 944 1752 pertinentiis,
966 1677 1047 1729 cum
1063 1657 1238 1731 universis
1251 1657 1329 1730 aliis
1345 1657 1445 1730 bonis
1462 1655 1535 1728 suis
1549 1677 1620 1749 que
1635 1677 1729 1728 nunc
1743 1655 1808 1728 rite
1820 1665 1940 1730 tenent
1955 1665 1988 1732 st

571 1781 750 1876 possident
768 1788 828 1852 aut
854 1781 889 1851 in
914 1781 1069 1852 lntnrum
1087 1781 1191 1872 justis
1213 1779 1331 1854 modis
1349 1789 1514 1876 poterunt
1535 1777 1698 1873 adipisci,
1723 1777 1790 1850 snb
1815 1787 1934 1852 nostre
1955 1787 1990 1852 et

572 1904 707 1999 imperii
722 1903 944 1999 protectionis
961 1901 1110 1997 presidio
1129 1897 1315 2000 recipimus
1337 1902 1491 2009 speciali.
1512 1903 1652 1975 Etcum
1678 1901 1847 1976 incolatus
1868 1924 1989 1976 eorum

573 2027 619 2101 de
637 2027 730 2100 bono
750 2025 787 2097 in
803 2026 925 2099 melios
942 2025 1098 2122 proficiat
1111 2025 1242 2120 jugiter
1259 2027 1327 2100 sub
1345 2037 1462 2101 nostra
1480 2025 1591 2118 gratia
1608 2035 1644 2098 et
1661 2025 1799 2112 lavore,
1820 2025 1989 2122 indulge-

572 2171 652 2222 mus
678 2147 843 2239 predictis
869 2149 1033 2222 lratribns
1055 2158 1095 2222 nt
1121 2171 1264 2245 prorsus
1281 2151 1415 2246 absque
1435 2149 1532 2223 omni
1558 2148 1701 2224 thelonii
1721 2149 1905 2222 exactione
1928 2171 1989 2248 per

573 2273 739 2346 universa
762 2273 834 2345 lora
858 2269 909 2368 (o)
933 2272 1070 2368 imperii
1088 2274 1338 2366 negotiationes
1362 2295 1444 2346 suas
1465 2274 1605 2347 valeant
1623 2261 1787 2346 execare
1804 2281 1840 2345 at
1864 2281 1906 2344 ut
1929 2293 1991 2370 pm

573 2395 776 2468 necessitate
787 2395 928 2467 claustri
942 2396 998 2468 sui
1016 2395 1053 2468 in
1069 2397 1201 2470 lorestis
1212 2407 1246 2470 et
1262 2398 1371 2493 sylvis
1385 2397 1508 2470 nostris
1521 2396 1726 2470 succidendi
1741 2397 1990 2490 lignaliberam

572 2518 724 2592 babeant
743 2526 959 2614 potestatem.
980 2518 1174 2611 Adjicimns
1193 2531 1349 2616 preterea
1374 2521 1464 2594 banc
1485 2521 1631 2612 gratiam
1654 2520 1801 2596 cenobio
1823 2519 1991 2615 prelibato

574 2651 614 2714 ut
633 2641 887 2743 ministeriales,
911 2653 1119 2718 mercatores
1137 2665 1200 2718 sen
1217 2644 1335 2718 rustici
1349 2644 1424 2717 sive
1443 2645 1684 2738 cujuscunque
1700 2665 1808 2716 sexus
1827 2653 1889 2718 aut
1909 2665 1993 2716 oon-

574 2765 714 2838 ditionis
728 2765 887 2838 homines
901 2787 938 2838 se
950 2767 1006 2838 vel
1021 2765 1066 2839 de
1081 2767 1154 2840 suis
1169 2767 1296 2842 mobile
1313 2768 1368 2842 vel
1385 2767 1561 2841 immobile
1576 2768 1732 2840 conferre
1745 2768 1884 2842 valeant
1901 2767 1993 2841 dicte

573 2888 718 2962 ecclesie
738 2887 784 2960 de
802 2898 917 2961 nostra
935 2889 1073 2962 licentia
1093 2901 1128 2964 et
1143 2911 1301 2966 assensu.
1319 2891 1482 2966 volentes
1498 2902 1534 2965 et
1556 2899 1744 2966 statuentes
1769 2890 1993 2963 nibilominus

573 3022 614 3084 nt
629 3010 723 3085 idam
741 3012 944 3102 claustrum,
965 3013 1056 3085 sicut
1077 3021 1111 3087 et
1134 3014 1202 3086 alia
1226 2989 1370 3086 cenobia
1393 3013 1592 3090 immediate
1609 3013 1816 3110 pertinentia
1842 3014 1993 3088 llomane

575 3135 670 3228 sedi,
689 3135 905 3232 privilegiata
919 3135 1077 3210 libertate
1092 3137 1244 3231 gandeat
1262 3138 1297 3208 in
1316 3157 1358 3210 eo
1380 3137 1476 3232 quod
1486 3139 1567 3231 jure
1581 3137 1794 3212 advocatitio
1812 3159 1879 3210 noc
1894 3137 1992 3210 nobis

576 3279 642 3332 neo
658 3259 754 3332 alteri
772 3258 935 3352 cuiquam
954 3259 998 3331 sit
1012 3261 1205 3335 obnoxium
1228 3270 1288 3334 aut
1310 3261 1442 3336 ratione
1461 3262 1592 3334 servitii
1613 3270 1783 3335 teneatur.
1803 3260 1992 3334 Statuimus

576 3381 683 3476 igitur
704 3391 739 3454 et
761 3383 909 3476 presenti
935 3383 1111 3456 sancimus
1135 3383 1291 3476 decreto,
1318 3386 1520 3460 auctoritate
1540 3385 1675 3460 domini
1697 3396 1732 3458 et
1755 3385 1862 3481 patris
1887 3384 1994 3458 nostri

576 3504 812 3576 Romanorum
837 3505 1052 3600 imperatoris
1077 3515 1112 3578 et
1134 3517 1251 3582 nostm
1276 3507 1418 3584 firmiter
1443 3507 1638 3582 inhibentes
1664 3518 1704 3581 ut
1731 3509 1826 3582 nulla
1847 3529 1994 3604 persona

578 3626 720 3700 humilis
737 3628 793 3701 vel
813 3628 900 3721 altu,
925 3629 1156 3704 ecclesiastica
1178 3632 1236 3705 vel
1258 3631 1452 3725 mundana,
1472 3633 1564 3706 banc
1584 3641 1699 3706 nostre
1718 3632 1941 3729 protectionis
1963 3642 1996 3706 et

578 3750 687 3844 gratie
703 3750 864 3846 paginam
884 3762 1059 3846 presumat
1073 3754 1259 3850 infringere
1272 3757 1329 3830 vel
1343 3757 1376 3829 ei
1392 3779 1482 3830 ausu
1497 3757 1679 3830 temerario
1696 3756 1877 3830 contraire.
1895 3754 1996 3841 Quod

579 3872 642 3968 qui
658 3873 906 3970 presumpserit
921 3874 1194 3968 indignationem
1211 3879 1274 3952 liei
1292 3878 1368 3954 vivi
1387 3891 1611 3975 ossuumque
1627 3889 1663 3954 et
1679 3881 1814 3975 imperii
1829 3879 1995 3952 offensam

579 4016 618 4068 se
635 3997 721 4070 sciat
738 3997 889 4092 graviter
906 3999 1102 4074 incurrisse.
1123 4000 1179 4075 Ad
1198 4001 1304 4095 hujus
1322 4003 1440 4097 itaque
1461 4004 1511 4078 rei
1535 4004 1642 4078 robur
1659 4012 1695 4076 ct
1712 4002 1869 4074 stabilem
1885 3999 1996 4074 firmi·

580 4127 704 4211 tatem‚
723 4142 864 4218 presens
876 4123 1096 4218 privilegium
1113 4126 1282 4198 conscribi
1300 4135 1335 4200 ct
1354 4128 1466 4224 sigillo
1486 4138 1603 4202 nostre
1623 4124 1841 4200 celsitudinis
1852 4125 1996 4199 lecimus

581 4237 752 4316 roborari.

588 4441 591 4448 ,
631 4367 748 4440 Testes
761 4365 867 4460 hujus
883 4368 932 4441 rai
949 4378 1031 4442 sunt
1053 4391 1168 4444 comes
1184 4371 1390 4448 Wilbelmus
1406 4373 1451 4448 de
1468 4372 1707 4467 Tbuwingen,
1724 4393 1840 4446 comes
1853 4371 1998 4444 Wollra·
2111 4417 2115 4424 -

584 4487 651 4561 dus
670 4465 714 4563 de
732 4489 925 4586 Veringeu,
946 4491 1070 4566 Crafftu
1091 4493 1136 4568 dc
1153 4496 1347 4591 Crntbeim,
1369 4517 1487 4572 comes
1504 4497 1582 4569 Otto
1600 4495 1645 4569 de
1670 4495 1877 4587 Kircbberg,
1897 4495 1999 4569 Eber-

626 4751 669 4832 (o)
690 4752 726 4813 In
739 4753 969 4836 lmpressofore,
983 4758 1069 4820 male.
