4358 5996
224 681 328 740 truci.
347 675 408 761 la]
678 677 875 742 HISTORIA
902 678 1196 741 DlPLOblA'lle
1583 681 1645 744 aab

224 814 379 888 Siciliam
395 822 435 888 ut
450 814 646 888 necessaria
663 813 791 888 debeat
807 815 974 890 exhibere
987 815 1116 890 Iacobo
1134 813 1181 888 de
1194 815 1352 902 lentiuo,
1372 835 1435 910 pro
1452 813 1646 890 munitione

225 937 333 1010 castri
351 937 519 1012 Camiliati
536 938 613 1031 ejus
626 939 804 1014 custodiae
817 939 1004 1014 commissi.
1019 940 1127 1028 loia,
1139 939 1200 1014 fol.
1220 939 1293 1011 ⁴05
1309 946 1414 1012 recto.
1433 937 1509 1012 Viri.
1524 961 1643 1034 capro,

223 1083 263 1158 p.
285 1061 372 1137 938.

79 1599 83 1606 ⁴
280 1489 474 1601 Principes
495 1491 644 1600 imperii
663 1502 741 1575 tam
764 1489 1005 1576 ecclesiastici
1027 1516 1147 1602 quam
1172 1489 1260 1574 laici
1286 1517 1481 1575 sommum
1506 1494 1642 1602 ponti-
1701 1507 1817 1612 ²,er

223 1623 339 1706 ficem
357 1623 576 1734 suppliciter
593 1636 751 1709 monent
773 1626 879 1735 quod
898 1650 1074 1709 succum
1097 1625 1324 1734 imperatore
1345 1625 1503 1710 dissidio
1524 1628 1643 1711 finem
1742 1693 1748 1708 .

223 1755 424 1866 imponere
447 1756 559 1864 velit,
587 1759 682 1842 dum
702 1757 870 1868 plurima
892 1757 997 1840 mala
1022 1757 1247 1842 Germaniae
1270 1768 1308 1842 et
1329 1757 1411 1842 orbi
1434 1759 1642 1846 christiano

223 1887 367 1972 abinde
384 1889 629 1999 immineant,
648 1900 859 2000 petuntque
880 1900 925 1973 ut
944 1889 1053 1974 fratri
1073 1890 1249 1974 Conrado
1267 1889 1412 1974 ordinis
1430 1891 1644 1978 Thenteni-

223 2047 363 2106 corum
382 2022 594 2133 magistro,
618 2048 734 2132 quem
753 2023 804 2104 ad
823 2021 907 2132 ejus
926 2023 1042 2132 pedes
1059 2022 1236 2130 mittunt,
1257 2023 1372 2106 tidem
1391 2024 1585 2110 adhibeat.

307 2235 403 2317 (lidlt.
418 2253 467 2316 ap.
483 2239 595 2310 hura,
610 2237 739 2298 Monens
762 2235 858 2298 Germ
875 2223 992 2316 litua,
1007 2243 1032 2300 t.
1048 2237 1102 2312 IV,
1123 2254 1155 2315 p.
1170 2245 1317 2312 tat-ato,
1335 2255 1375 2300 ex
1394 2237 1513 2322 ὄαρον.
1532 2239 1579 2304 IX
1591 2257 1641 2303 rr·

345 2349 432 2424 pac,
446 2349 469 2406 t.
485 2344 525 2420 V,
540 2360 611 2406 ann.
627 2344 667 2423 x,
682 2343 734 2405 tol.
752 2353 823 2423 ²55,
838 2342 922 2422 ato.)

274 2531 497 2606 Sanctissimo
514 2531 550 2604 in
572 2530 706 2604 Christo
732 2530 884 2626 patriae
905 2529 1046 2604 domiuo
1066 2530 1260 2605 reverendo
1275 2530 1316 2604 G.
1337 2543 1553 2632 sacrosancte
1574 2535 1641 2610 Ro·

221 2673 328 2726 mane
352 2655 497 2728 ecclesie
520 2675 659 2728 summo
677 2663 712 2727 et
731 2655 920 2728 universali
937 2654 1120 2751 episcopo,
1137 2654 1175 2729 C.
1195 2655 1257 2727 Dei
1275 2656 1386 2748 gratia
1402 2667 1520 2731 sancte
1536 2657 1641 2734 Colo-

221 2776 355 2852 niensis
370 2779 514 2852 ecclesie
532 2777 673 2850 humilis
695 2778 869 2866 minister,
887 2778 927 2850 L.
948 2777 1227 2868 Wormutionsis,
1246 2781 1286 2850 L.
1306 2780 1585 2854 Mouasterieusis
1606 2793 1642 2856 et

220 2901 265 2974 ll.
292 2901 343 2998 (a)
371 2899 648 2996 osnaburgensis
673 2900 827 2997 episcopi
852 2899 983 2975 devota
1011 2902 1142 2997 pedum
1170 2902 1287 2976 oscula
1313 2902 1506 2976 beatorum.
1535 2903 1641 2998 Cujus

221 3025 396 3097 nutrimur
407 3024 454 3098 ab
469 3024 638 3098 uberibus
654 3032 773 3096 sancte
790 3023 910 3096 matris
922 3023 1068 3098 ecclesie
1085 3024 1174 3117 ejus,
1193 3034 1290 3120 pater
1303 3025 1528 3118 sanctissime,
1548 3049 1642 3122 pon-

220 3145 350 3220 tificem
373 3155 409 3220 et
433 3155 608 3244 pastorem
631 3146 759 3220 nostris
785 3145 925 3220 adimus
943 3148 1103 3242 alloquiis
1130 3147 1362 3240 confidenter,
1386 3149 1423 3221 in
1447 3149 1641 3224 sinceritate

220 3292 310 3368 pure
329 3269 527 3344 deuotionis
550 3269 651 3344 vobis
673 3270 887 3366 aperientes,
918 3271 1100 3344 occasione
1122 3269 1296 3345 discordie
1319 3271 1495 3366 quainter
1518 3293 1583 3348 vos
1605 3283 1642 3348 et

222 3393 406 3468 dominum
422 3393 663 3491 imperatorem
681 3393 824 3468 suborta
841 3403 910 3480 est,
929 3394 1154 3490 persuasione
1171 3394 1315 3466 humaui
1333 3395 1469 3488 generis
1486 3395 1638 3490 inimici,

221 3516 363 3590 diversa
384 3517 547 3592 heresum
564 3517 721 3612 germina
749 3518 833 3590 hino
858 3516 943 3591 inde
965 3539 1029 3614 per
1045 3515 1168 3591 muudi
1197 3515 1372 3590 domicilia
1397 3517 1638 3608 subcrescere,

220 3639 409 3715 seditiones
421 3639 600 3736 plurimas,
617 3662 772 3736 guerras,
787 3643 891 3731 bella,
907 3641 1109 3734 homicidia,
1127 3650 1162 3714 et
1175 3649 1215 3714 ut
1227 3641 1327 3736 plura
1338 3641 1462 3738 paucis
1476 3643 1640 3737 perstrin-

220 3787 364 3859 gamus,
380 3773 431 3840 tot
444 3765 537 3840 mula
553 3766 706 3840 enormia
718 3776 753 3838 et
769 3765 926 3840 inaudita
939 3765 1036 3861 quod
1050 3765 1117 3837 nisi
1135 3774 1277 3862 paterna
1292 3775 1407 3838 vostra
1423 3766 1534 3861 pietas
1551 3768 1639 3842 cari·

219 3890 299 3964 tatis
319 3889 395 3964 zelo
411 3888 482 3962 hiis
504 3887 646 3962 duxerit
669 3888 941 3981 occurrendum,
961 3889 1122 3961 timemus
1138 3886 1222 3961 fidei
1244 3886 1412 3960 catholico
1437 3898 1507 3961 tam
1533 3911 1641 3984 grave

219 4014 413 4110 periculum
430 4012 612 4088 imminere
634 4034 656 4086 a
673 4034 745 4108 quo
762 4013 826 4085 vix
846 4011 987 4105 adjiciet
1004 4020 1044 4084 ut
1062 4021 1234 4106 resurgat.
1255 4009 1386 4084 Eadem
1403 4032 1544 4106 quoque
1562 4011 1641 4086 dis-

219 4137 360 4225 cordia,
385 4147 425 4212 ut
447 4138 494 4212 dc
508 4138 678 4212 omuibus
695 4138 772 4211 aliis
789 4139 888 4212 malis
915 4136 1200 4210 concurrentibus
1219 4146 1417 4228 taceamus,
1437 4146 1490 4210 est
1512 4145 1548 4209 et
1574 4137 1641 4210 orit

219 4263 355 4336 occasio
370 4283 480 4358 quare
490 4263 616 4336 Sancte
628 4262 733 4335 Terre
750 4271 786 4335 et
798 4259 962 4334 Crocifixi
975 4261 1151 4356 negotium
1167 4280 1237 4333 uon
1247 4268 1399 4354 geratur.
1411 4260 1450 4332 lu
1464 4281 1506 4333 ea
1521 4260 1639 4354 itaque

220 4383 384 4482 fideque
405 4385 511 4460 fidem
532 4385 735 4459 catholicam
756 4385 996 4481 amplectimur
1020 4394 1056 4458 et
1076 4386 1265 4458 Romanam
1291 4383 1472 4456 ecclesiam
1493 4405 1638 4457 venera-

221 4531 311 4602 mur,
331 4511 360 4582 si
384 4509 546 4584 dominus
562 4511 748 4606 imperator
771 4531 841 4582 uon
859 4509 968 4605 possit
985 4507 1031 4583 ad
1048 4506 1269 4582 concordiam
1283 4507 1457 4597 revocari,
1475 4507 1555 4580 licet
1570 4507 1638 4580 sub

220 4654 335 4708 rorum
347 4633 502 4731 periculo
514 4643 548 4705 ct
559 4653 795 4738 personarum,
814 4639 946 4730 partem
962 4641 1076 4705 tamen
1094 4639 1214 4704 sancte
1225 4629 1343 4705 matris
1357 4629 1519 4722 ecclesie,
1537 4637 1639 4726 prout

260 4799 302 4876 (a)
323 4799 443 4863 decot
457 4796 620 4880 cante,
635 4797 809 4882 laomtsrc,
822 4795 964 4882 bodolsar
975 4804 1006 4862 ct
1017 4794 1217 4882 rapacem.
