4468 6010
544 617 604 680 '158
1044 616 1256 682 antonici
1277 617 1447 680 SECUND‘I
1764 619 1845 705 [Arm.
1864 621 1949 686 lato.

454 807 462 820 ,
543 762 583 825 nt
601 752 780 826 karissima
798 772 947 842 censore
968 756 1109 844 nostra,
1126 763 1221 844 cte,
1241 753 1277 825 in
1301 761 1413 830 castro
1430 752 1619 840 &luseris
1636 751 1689 840 ad
1708 753 1805 828 diere
1817 755 1950 828 morari

543 875 685 965 debeat,
715 873 872 948 fidelitati
899 883 959 964 tue
983 875 1207 970 precipiendo
1233 875 1441 948 mandemus
1462 883 1634 969 quatenus
1658 876 1806 971 receptis
1825 876 1951 948 iicteris

541 1007 691 1071 castrum
707 998 896 1071 silvatoris
910 995 1007 1092 quod
1030 999 1198 1072 hactenus
1213 1000 1259 1072 de
1282 997 1447 1072 mandato
1469 1007 1582 1072 nostre
1601 999 1818 1074 celsitudinis.
1836 1010 1949 1073 custo·

542 1121 643 1211 disti,
667 1121 815 1194 iohanni
839 1121 885 1194 ds
906 1121 1033 1195 Amata
1060 1121 1154 1195 fideii
1180 1131 1299 1196 nostro
1323 1121 1480 1214 assignes
1502 1121 1647 1230 utillud
1671 1121 1762 1194 dont
1784 1121 1949 1216 expedire

540 1245 784 1318 videritdaciat
796 1245 949 1319 ordinari
966 1255 1001 1318 ct
1014 1246 1234 1341 disponi.=Tu
1251 1265 1336 1318 vero
1351 1245 1397 1317 de
1416 1245 1482 1340 hys
1497 1263 1568 1338 que
1586 1245 1622 1315 in
1638 1259 1749 1318 castro
1768 1247 1843 1340 ipso
1858 1246 1949 1317 assi-

528 1369 714 1463 ·gnaverisp
729 1368 802 1441 fleri
819 1370 924 1442 iacies
938 1369 1004 1442 tria
1016 1369 1365 1465 scriptaauthentica‚
1379 1389 1488 1440 unum
1506 1369 1717 1442 servandum
1731 1391 1753 1442 a
1766 1367 1857 1442 tead
1868 1390 1949 1440 can·

539 1493 643 1564 telem
656 1491 726 1583 toi,
745 1491 841 1575 eliud
861 1491 1071 1566 serrandum
1088 1493 1133 1565 ab
1153 1494 1228 1586 ipso
1243 1491 1400 1566 iohanne
1421 1489 1468 1564 de
1481 1488 1621 1582 amato,
1643 1493 1778 1564 tertium
1798 1490 1845 1565 ad
1864 1512 1948 1566 nos·

539 1623 626 1687 trem
635 1635 810 1687 cameram
825 1614 1060 1706 dirigendum.

587 1739 711 1810 Datum
728 1738 825 1834 apud
838 1739 972 1832 Ortam,
992 1740 1070 1812 XVI
1085 1737 1266 1830 februarii,
1283 1739 1361 1812 xlii
1376 1737 1586 1810 indictionis.

586 1862 694 1932 Item:
1814 1919 1816 1927 .

586 1982 808 2076 Fredcricus,
825 1991 907 2076 etc,
929 1987 968 2056 R.
985 1985 1031 2058 de
1042 1985 1197 2073 Pnicaro,
1213 1993 1279 2057 cto.
1296 1984 1384 2070 Quia
1401 1983 1527 2080 placet,
1545 1993 1627 2074 etc,
1643 2005 1705 2077 per
1719 1984 1946 2057 ecdemcsria

536 2129 636 2200 eopse
651 2108 698 2178 od
711 2109 963 2196 minionem,
979 2107 1101 2180 deiude
1115 2133 1127 2178 .·
1139 2107 1309 2182 Fidelitati
1328 2117 1387 2180 tue
1403 2107 1625 2204 precipiendo
1641 2109 1847 2180 mandamus
1859 2129 1945 2202 qna·

536 2238 636 2303 tenus
650 2230 679 2302 si
693 2231 806 2304 dictus
822 2232 994 2304 lohannes
1011 2231 1056 2304 de
1071 2231 1192 2304 Amatc
1208 2233 1299 2304 ultra
1316 2231 1392 2304 ilios
1407 2230 1598 2307 daiamiiia
1613 2252 1677 2303 sna
1692 2231 1739 2304 ad
1751 2231 1942 2304 custodiam

535 2353 636 2425 castri
655 2353 789 2447 aliquos
811 2354 939 2431 viderit
954 2354 1166 2428 ordinandos
1188 2355 1249 2449 qui
1267 2376 1330 2450 pro
1353 2354 1437 2449 ipsis
1460 2353 1641 2426 necessarii
1661 2355 1805 2446 tuerint,
1825 2355 1890 2450 ipsi
1908 2356 1938 2426 J.

535 2473 629 2548 fideii
647 2489 765 2550 nostro
788 2479 864 2550 sine
888 2479 1024 2560 deiectu
1047 2479 1187 2553 studeas
1205 2479 1401 2574 assignare,
1421 2487 1621 2573 recepturos
1646 2478 1691 2551 de
1713 2479 1778 2574 hys
1797 2500 1867 2572 qne
1882 2478 1944 2551 dc-

534 2599 627 2672 deris
644 2599 844 2696 apodixem.
880 2650 882 2658 -

582 2725 706 2796 Datum
727 2720 776 2822 [ct
793 2722 929 2822 supra}

767 3035 848 3046 ,-
1296 3025 1709 3038 W

350 3349 398 3435 n⁸
426 3351 440 3436 ἑ
587 3313 807 3399 Mandatum
830 3313 879 3395 ed
898 3311 1146 3422 justitiarium
1165 3311 1314 3420 Aprutii
1336 3312 1384 3394 de
1410 3308 1691 3420 quinquaginta
1712 3307 1835 3391 unciis
1859 3331 1943 3390 eurr

531 3473 602 3557 pro
619 3445 720 3530 fecto
737 3447 850 3528 castri
870 3445 1021 3529 Cassiae
1038 3443 1274 3528 exhibendis

613 3645 738 3728 (nepot
753 3647 856 3726 imper.
871 3643 990 3706 moer.
1003 3643 1048 3718 11,
1062 3645 1115 3706 foi.
1132 3653 1169 3705 ta
1189 3649 1285 3718 recto;
1300 3643 1333 3703 in
1346 3641 1418 3702 edit.
1434 3639 1570 3718 cirea,
1584 3655 1615 3718 p.
1633 3637 1716 3718 8⁴9.)

579 3833 627 3904 De
652 3801 824 3926 inperiali
846 3829 1003 3904 mandato
1033 3831 1123 3921 secto
1142 3851 1202 3924 per
1230 3829 1425 3922 capistrum
1451 3827 1588 3897 Petrum
1612 3826 1652 3896 dc
1681 3825 1781 3896 Vinea
1806 3825 1940 3920 empsit

529 3935 764 4028 Laurentius:
1203 3945 1205 3950 ’
1714 3948 1717 3957 “

577 4080 791 4169 Fredcricus,
806 4088 889 4168 etc,
902 4079 942 4150 B.
957 4077 1098 4150 Pissono
1114 4074 1297 4169 Juetitiario
1309 4071 1457 4169 dpmtii
1472 4079 1539 4144 etc.
1557 4071 1645 4156 Quia
1663 4091 1726 4166 pro
1738 4071 1826 4142 iacto
1835 4072 1938 4143 castri

528 4203 642 4303 Cassia
668 4200 908 4307 adimplendo,
932 4201 978 4273 de
993 4198 1165 4292 ,habendo
1190 4219 1232 4272 co
1257 4196 1419 4268 videlicet
1438 4193 1487 4292 ad
1514 4193 1713 4268 fidelitatem
1739 4194 1872 4290 imperii
1899 4195 1935 4265 in

450 4343 454 4372 ³
528 4326 681 4415 instanti,
696 4324 783 4397 sicut
798 4325 926 4395 utilitas
939 4323 1153 4420 negotiorum
1168 4331 1363 4394 nostrorum
1376 4319 1545 4415 exposcit,
1559 4318 1730 4391 Robberto
1748 4317 1793 4389 dc
1811 4317 1937 4389 Castel-

524 4451 615 4522 iione
631 4447 728 4521 fideii
742 4455 858 4520 nostro
880 4446 1080 4520 mandatum
1099 4445 1256 4517 misimus
1275 4443 1442 4540 speciale,
1467 4463 1532 4514 nec
1548 4441 1648 4515 dccet
1664 4441 1881 4535 aliquatenus
1898 4449 1936 4511 ut

524 4573 701 4667 negotium
728 4571 842 4666 ipsum
867 4569 1004 4642 deiectu
1034 4569 1150 4664 aliquo
1179 4589 1318 4641 oausam
1344 4566 1449 4639 dante
1474 4574 1650 4638 remancat
1676 4563 1930 4660 imperfectum,

523 4695 679 4769 fidelitati
700 4704 758 4766 tue
774 4692 996 4789 precipiendo
1014 4691 1221 4766 mandamns
1233 4699 1404 4786 quatenus
1421 4689 1536 4762 statim
1555 4689 1640 4762 risis
1653 4687 1720 4785 hys
1741 4687 1868 4760 lictoris
1885 4683 1932 4758 ad
