4384 6004
555 659 634 722 roso
1002 707 1005 714 .
1054 665 1267 729 rnrurnrcr
1287 667 1460 732 sscuunr
1779 676 1861 761 [trs.
1881 681 1971 746 usu.

551 798 814 893 presumpserit,
831 799 1106 896 indignationem
1130 803 1239 876 nostri
1262 803 1426 880 culminis
1446 827 1486 882 se
1507 809 1643 888 noverit
1659 809 1897 902 incursurum.
1914 815 1971 892 Ad

550 919 655 1013 hujus
680 921 784 1016 igitur
806 934 921 998 nostre
946 927 1178 1002 concessionis
1205 928 1355 1002 loturam
1383 932 1584 1005 memoriam
1608 943 1643 1007 ct
1667 935 1828 1010 stabilem
1855 938 1970 1014 firmi·

549 1051 672 1136 tatem,
691 1068 832 1141 presens
856 1049 1022 1145 scriptum
1045 1049 1119 1124 lieri
1141 1060 1177 1124 ot
1199 1053 1386 1144 majestatis
1409 1063 1525 1128 nostre
1544 1056 1657 1151 sigillo
1675 1059 1846 1151 jussimus
1868 1085 1969 1138 oom-

548 1188 690 1240 munrrr.

595 1291 720 1364 Datum
743 1292 779 1364 in
802 1296 925 1368 castris
950 1297 986 1370 in
1001 1295 1185 1371 obsidione
1202 1299 1387 1390 Ferentio,
1415 1323 1508 1376 anno
1524 1301 1697 1380 dominice
1719 1308 1966 1387 incarnationis
2064 1322 2068 1332 ’

546 1416 726 1490 millesimo
741 1416 977 1494 ducentesimo
990 1420 1270 1516 quadragesimo,
1285 1445 1404 1500 menso
1417 1427 1561 1516 octobri,
1578 1429 1835 1523 quartadecima
1850 1435 1965 1514 indic·

546 1539 663 1612 tionis.

753 1725 1060 1738 ———-—-·

596 1983 828 2093 Fridericus,
854 1985 1114 2070 Romanorum
1137 1986 1359 2098 imperator,
1388 1990 1472 2101 regi
1498 1990 1683 2076 Franciae
1707 1971 1844 2078 notum
1873 1994 1964 2078 lacit

542 2118 648 2228 quod
666 2118 706 2198 in
724 2117 923 2203 obsidione
940 2119 1142 2202 Fauentiae
1159 2129 1285 2202 cestra
1311 2147 1381 2204 sue
1397 2148 1476 2206 non
1496 2134 1584 2207 aute
1612 2126 1826 2238 captionem
1843 2126 1962 2236 hujus

542 2250 702 2334 civitatis
738 2251 949 2334 amovenda
972 2251 1165 2360 praefixit,
1191 2263 1455 2366 memoratque
1486 2255 1629 2368 quibus
1655 2257 1806 2370 injuriis
1829 2285 1853 2345 a
1876 2259 1906 2342 F
1906 2286 1961 2344 a·

541 2383 703 2468 ventinis
720 2381 835 2467 fuerit
851 2383 1065 2467 lacessitus.

620 2600 744 2674 (incdit.
759 2617 798 2660 ex
811 2599 879 2662 cod.
894 2599 971 2660 Bibl.
988 2600 1087 2663 Cesar.
1103 2599 1311 2681 Parls.,souda
1324 2602 1711 2685 Sciat-Gmmaia-Hsrloy,
1731 2617 1807 2684 ⁴55,
1822 2625 1894 2686 para
1912 2609 1958 2688 11,

657 2717 691 2766 n⁰
705 2706 788 2781 XLI,
804 2724 894 2786 quem
907 2707 1023 2769 mendis
1037 2708 1271 2772 evidentioribus
1284 2711 1501 2791 purgavimus.)

587 2891 810 2991 [Fridericns,
830 2901 914 2983 eto,
943 2893 1017 2987 regi
1042 2893 1203 2982 Francis,
1229 2892 1314 2993 etc]
1338 2896 1567 2972 Succedontes
1591 2844 1720 2972 cotidie
1740 2902 1958 2996 processibus

537 3018 661 3091 nostris
679 3017 795 3089 felices
808 3025 955 3089 eventus
972 3038 1120 3110 quorum
1137 3018 1320 3113 participes
1334 3039 1398 3092 vos
1416 3041 1617 3111 censemus,
1636 3022 1683 3096 ad
1699 3023 1849 3118 regalem
1865 3027 1959 3098 noti-

536 3142 625 3216 ciam
639 3141 778 3237 ylariter
791 3138 953 3213 ducimus
971 3141 1190 3228 referendos,
1216 3142 1385 3236 quociens
1405 3145 1554 3218 occurrit
1576 3148 1792 3242 oportunitas
1808 3149 1956 3222 nuncio·

535 3289 627 3337 rum.
644 3265 855 3336 Transeunte
870 3264 975 3358 igitur
992 3285 1054 3360 per
1071 3285 1134 3338 uos
1149 3274 1183 3338 et
1197 3264 1368 3359 adportes
1385 3267 1480 3362 ipsas
1496 3269 1638 3340 feliciter
1650 3247 1811 3342 veniente
1824 3271 1957 3344 biarino

531 3390 619 3482 Juris
635 3388 748 3460 civilis
763 3388 975 3482 professore,
994 3386 1090 3462 fidoli
1110 3397 1246 3477 nostro,
1273 3388 1317 3462 dc
1334 3389 1434 3482 cnjus
1446 3389 1632 3486 prudentia
1650 3399 1685 3462 ct
1700 3389 1866 3464 fidelitate
1884 3401 1954 3466 tam

533 3516 570 3585 in
585 3533 624 3585 se
645 3533 751 3606 quam
767 3511 839 3583 suis
856 3517 990 3582 constat
1011 3511 1112 3584 nobis
1138 3533 1198 3605 per
1216 3511 1465 3606 experientiam
1488 3510 1558 3586 lida
1574 3509 1679 3604 fides,
1708 3513 1889 3607 cupientes
1907 3513 1954 3588 do

534 3646 648 3708 vestre
661 3634 907 3707 incolumitatis
920 3633 1048 3707 noticia
1063 3635 1146 3708 certi
1168 3635 1269 3729 pleno
1285 3633 1373 3724 deri,
1394 3635 1451 3707 cui
1466 3644 1631 3730 tanquam
1645 3637 1788 3736 proprie
1798 3657 1953 3730 congau-

533 3760 669 3844 demus,
687 3765 861 3853 prescutes
876 3759 1004 3830 litteras
1018 3769 1133 3830 nostre
1146 3759 1317 3832 solicitatis
1333 3759 1472 3854 gerulas
1484 3768 1519 3832 et
1536 3759 1658 3834 salutis
1669 3781 1732 3854 per
1747 3781 1828 3832 cum
1842 3760 1955 3838 liben-

532 3884 602 3956 tius
627 3881 860 3972 destinamus,
885 3883 1010 3956 vestris
1032 3882 1176 3956 sinceris
1200 3883 1379 3956 affectibus
1406 3883 1603 3958 intimantes
1625 3883 1720 3977 qnod
1742 3884 1953 3984 aprinoipio

532 4008 650 4082 estatis
673 4007 854 4104 proterite,
877 4014 1032 4102 tempore
1056 4007 1187 4080 scilicet
1209 4029 1280 4100 quo
1303 4008 1414 4080 solent
1439 4027 1539 4102 reges
1561 4005 1609 4080 ad
1632 4007 1722 4081 bella
1740 4006 1948 4104 procedere,

531 4154 611 4205 cum
630 4131 830 4204 victricibus
852 4130 977 4225 aquilis
994 4131 1185 4226 imperialia
1204 4131 1303 4224 signa
1322 4131 1511 4204 ferentibus
1531 4139 1641 4204 castra
1665 4137 1783 4204 nostra
1806 4129 1952 4204 feliciter

531 4257 741 4344 educentes,
774 4254 1079 4350 depopulationem
1102 4275 1324 4349 quacumque
1353 4254 1575 4328 transivimus
1607 4275 1671 4350 per
1698 4251 1949 4326 Anconitanum

530 4378 716 4452 marchiam
736 4375 1016 4472 procuravimus3
1043 4377 1091 4450 ad
1117 4399 1237 4452 eorum
1263 4377 1441 4452 excidium
1467 4377 1629 4472 generale
1655 4385 1784 4450 statuto
1815 4375 1948 4448 ibidem

528 4503 709 4600 capitaneo
726 4514 843 4576 nostro
863 4501 926 4597 qui
943 4523 1014 4574 una
1032 4523 1113 4576 cum
1132 4500 1294 4579 fidelibus
1320 4503 1447 4578 nostris
1469 4503 1643 4576 continuis
1659 4522 1779 4575 eorum
1800 4500 1948 4574 incursi·

527 4627 597 4699 bus
619 4626 741 4699 institit
757 4635 792 4700 et
811 4625 949 4698 insistit.
976 4625 1067 4710 Quia
1081 4621 1192 4724 [vero]
1210 4626 1418 4722 presentiam
1437 4635 1589 4699 nostram
1610 4626 1648 4698 in
1673 4624 1876 4698 Romaniola
1894 4625 1948 4694 in·

526 4749 644 4846 gentis
662 4750 881 4846 negociorum
898 4771 961 4846 pro
973 4771 1056 4824 casu
1072 4759 1107 4822 et
1119 4749 1353 4826 destructione
1365 4749 1584 4824 inimicorum
1600 4759 1797 4824 nostrorum
1810 4749 1946 4820 illarum
