4468 6010
270 713 366 774 lrurcr.
387 710 450 790 lu]
716 715 915 778 HISTORIA
939 713 1236 778 ulltottarlcll.
1625 714 1685 776 '193

315 845 536 937 Frederious,
556 857 641 938 etc,
666 849 802 947 Augelo
821 855 967 928 Frisario
985 853 1149 944 magistro
1170 849 1351 946 portulano
1371 848 1486 922 Sicilie
1509 849 1594 922 citra
1619 850 1685 922 llu-

203 1017 205 1020 -
269 991 347 1044 men
362 971 519 1060 Salsum,
535 981 603 1046 elo.
614 973 769 1070 Benigne
782 979 996 1074 recepimus,
1011 987 1078 1052 eto.
1095 977 1207 1070 Super
1217 995 1259 1047 eo
1273 981 1391 1046 aulem
1404 973 1501 1068 quod
1519 975 1684 1070 scripsisti

269 1103 301 1168 le
311 1095 461 1168 solvisse
472 1095 519 1169 du
532 1097 696 1172 mandato
709 1112 827 1175 nostro
841 1102 1090 1176 mercatoribus
1107 1100 1155 1175 ad
1171 1108 1205 1172 te
1218 1097 1333 1172 missis
1346 1121 1367 1172 a
1380 1099 1477 1172 curia
1494 1108 1609 1172 nostra
1623 1121 1685 1195 pro

268 1219 411 1292 mutella
424 1218 469 1292 de
483 1217 635 1294 onichilo
651 1232 685 1296 st
697 1223 818 1315 josetis
833 1226 910 1299 aliis
927 1247 988 1322 per
1005 1247 1066 1299 eos
1080 1232 1195 1298 nosue
1212 1242 1348 1296 camere
1366 1221 1548 1316 assignatis
1563 1234 1599 1296 et
1612 1245 1684 1296 am·

268 1343 392 1417 mirato
406 1365 471 1440 pro
481 1344 638 1419 emendis
647 1347 854 1422 victualibus
868 1350 914 1424 ad
925 1347 1140 1424 onerandum
1153 1367 1260 1419 naves
1273 1356 1406 1418 nostras
1419 1356 1454 1418 et
1466 1345 1532 1418 alia
1545 1347 1683 1421 servitia

268 1477 384 1541 nostra
401 1467 449 1540 de
464 1469 614 1563 pecunia
627 1471 723 1544 curie
734 1481 851 1546 nostre
865 1495 936 1568 que
953 1483 1007 1546 est
1023 1493 1083 1568 per
1101 1493 1225 1544 munus
1240 1479 1336 1558 tuas,
1360 1469 1554 1543 celsitudini
1569 1482 1684 1546 nostre

268 1592 377 1686 placet
390 1601 426 1664 et
438 1601 532 1664 lnam
543 1593 626 1668 inde
635 1593 848 1688 diligentiam
860 1596 1156 1670 commendamus.
1169 1595 1337 1668 Volumus
1349 1606 1463 1666 tamen
1478 1593 1574 1668 ulad
1588 1594 1684 1668 inve·

267 1715 430 1788 nicndam
442 1717 623 1810 pecuniam
636 1728 671 1792 et
686 1719 891 1794 mielendam
903 1719 948 1794 ad
961 1719 1111 1793 erarium
1126 1727 1279 1792 nostrum
1296 1716 1359 1790 des
1372 1737 1474 1813 opem
1492 1728 1527 1790 et
1542 1739 1682 1812 operam
1816 1706 1820 1714 ’

139 1877 141 1882 v
266 1839 565 1926 efficacemouod
579 1841 1547 1938 autemsignilicastinobisperinterclusacapituluquod
1562 1843 1684 1936 inpar-

267 1963 531 2038 tibusBarbarie
545 1975 598 2040 est
608 1967 746 2041 caristia
762 1969 964 2042 victualium
976 1978 1012 2039 el
1022 1967 1120 2062 quod
1134 1968 1324 2040 leonenses
1338 1976 1457 2038 emunt
1472 1965 1634 2040 victualia
1646 1967 1682 2038 in

265 2087 381 2160 Sicilia
399 2087 444 2162 de
458 2090 606 2184 pecnnia
620 2093 712 2186 regis
729 2093 848 2166 Tunisi
868 2102 903 2165 et
919 2100 1055 2186 portant
1072 2091 1118 2164 a'd
1140 2112 1240 2179 eum,
1258 2089 1353 2162 unde
1366 2111 1531 2184 magnum
1547 2090 1681 2164 lucrum

265 2223 540 2306 consequuntur,
555 2215 652 2308 quod
663 2215 799 2289 lucrum
813 2205 938 2312 polerit
952 2225 1067 2288 nostre
1079 2235 1214 2288 camere
1226 2205 1403 2310 applicari,
1415 2235 1496 2286 ecce
1508 2213 1606 2308 quod
1619 2235 1682 2288 nos

265 2335 446 2410 ammirato
458 2337 582 2412 damus
594 2361 655 2434 per
667 2350 801 2414 nostras
814 2341 948 2414 licteras
963 2341 998 2410 in
1016 2339 1187 2422 mandatis
1203 2349 1242 2410 ut
1255 2339 1367 2412 nullas
1382 2359 1489 2426 naves
1503 2339 1682 2433 permictat

265 2461 299 2532 iu
316 2461 435 2535 Sicilia
450 2464 584 2537 onerari
599 2465 712 2538 donec
731 2486 838 2539 naves
856 2477 971 2538 nostre
990 2464 1116 2536 luerint
1132 2473 1274 2536 onerate
1288 2485 1350 2558 per
1367 2485 1446 2536 eum
1470 2473 1504 2537 et
1516 2464 1681 2556 navigent

264 2586 339 2658 sive
360 2609 487 2668 vorsus
498 2588 697 2662 Barbarium
716 2589 791 2662 sive
807 2610 929 2661 versus
943 2589 1029 2660 alias
1044 2597 1172 2681 partes,
1193 2587 1287 2659 unde
1303 2588 1348 2660 de
1370 2587 1581 2660 victualibus
1597 2589 1680 2682 ipsis

265 2710 376 2782 valeat
392 2712 490 2784 curie
504 2721 618 2784 nostre
634 2714 747 2804 majus
767 2709 988 2786 commodum
1004 2713 1197 2806 provenire.
1218 2712 1432 2806 Quapropter
1448 2710 1604 2786 fidelitati
1622 2722 1679 2786 luc

265 2831 490 2926 precipiendo
500 2833 707 2907 mandamus
717 2843 889 2928 quatenus
904 2845 940 2906 tu
959 2834 1005 2908 de
1020 2844 1131 2907 cetero
1149 2834 1243 2907 nulla
1262 2834 1422 2907 victualia
1438 2835 1571 2908 vendas
1589 2859 1678 2910 mer·

264 2955 440 3030 catonibus
458 2977 525 3029 nec
550 2957 724 3051 permittas
748 2979 770 3030 a
787 2958 960 3053 portubus
979 2959 1226 3060 jurisdictionis
1252 2968 1312 3032 tue
1332 2958 1486 3046 extrahi,
1505 2959 1617 3034 donec
1641 2973 1679 3032 ut

229 3111 232 3117 ·
262 3077 393 3151 dictum
409 3089 463 3152 est
478 3101 586 3154 naves
603 3091 718 3156 nostro
733 3092 918 3154 onerentur
930 3093 965 3156 el
977 3084 1143 3178 navigent
1152 3085 1254 3176 juxta
1267 3081 1411 3177 predicti
1429 3082 1599 3156 ammirati
1617 3105 1674 3157 or-

262 3199 488 3275 dinationem.
507 3203 622 3277 Naves
644 3225 728 3278 vero
747 3213 975 3278 mercatorum
998 3227 1068 3299 que
1081 3208 1153 3298 jam
1173 3216 1311 3279 onerate
1333 3215 1413 3278 sunt
1435 3217 1470 3278 et
1490 3207 1553 3280 tibi
1571 3230 1676 3302 pecu·

262 3323 352 3396 niam
359 3347 424 3420 pro
431 3327 654 3400 extrahendis
664 3329 873 3402 victualibus
881 3331 1120 3424 persolverunt
1130 3331 1293 3424 navigare
1302 3333 1497 3426 permietas,
1508 3336 1677 3406 actentius

262 3449 467 3543 provisurus
481 3473 526 3524 ne
543 3452 610 3524 sub
626 3453 806 3525 occasione
828 3454 997 3548 presentis
1013 3453 1168 3528 mandati
1187 3453 1295 3526 nostri
1311 3475 1418 3528 naves
1435 3455 1569 3549 aliquas
1586 3477 1676 3528 mer·

261 3582 416 3646 catorum
439 3576 579 3648 onerari
597 3577 642 3650 de
658 3597 749 3650 novo
767 3577 823 3650 vel
841 3577 887 3651 de
910 3587 1013 3673 portu
1034 3578 1132 3651 exire
1148 3579 1331 3673 permictns
1353 3579 1389 3651 in
1405 3578 1562 3652 lraudem
1581 3581 1676 3656 curie

261 3706 392 3786 nostre,
403 3719 474 3792 qne
487 3707 567 3772 anto
579 3721 721 3794 presens
730 3699 932 3774 mandatum
949 3711 1102 3776 nostrum
1118 3701 1179 3773 libi
1197 3703 1379 3797 pecuniam
1399 3723 1468 3776 non
1484 3704 1671 3778 solverunt.

307 3821 437 3893 Datum
450 3821 614 3914 llilarbii,
630 3823 751 3897 ultimo
769 3825 952 3918 lebvnarii,
973 3826 1051 3898 Xlll
1068 3824 1279 3898 indictionis.

313 4237 491 4323 Mandata
527 4241 576 4322 ad
608 4239 835 4352 justitiarios
861 4244 1060 4353 regionum
1086 4247 1194 4355 regni
1213 4246 1262 4328 do
1287 4247 1478 4357 colloquio
1506 4253 1674 4359 generali
1737 4268 1844 4322 viuui·

259 4371 365 4480 quod
380 4371 421 4452 in
438 4371 535 4456 leste
553 4373 772 4458 Palmarum
789 4376 961 4486 proxime
985 4388 1144 4461 venturo
1168 4381 1269 4487 apud
1287 4379 1471 4490 Foggiam
1487 4384 1673 4495 ,princeps

260 4503 413 4607 indixit,
435 4515 479 4587 ut
496 4505 569 4614 ipsi
590 4532 679 4589 cum
707 4507 853 4591 nuntiis
879 4509 1073 4592 oiiitatum
1098 4519 1136 4592 et
1161 4521 1375 4596 castrorum
1399 4513 1673 4622 jurisdictionis

260 4657 353 4718 suae
371 4635 413 4716 iu
431 4637 623 4744 praedicto
648 4640 811 4724 termino
830 4666 870 4723 se
892 4652 1145 4750 praesentent.

343 4813 473 4897 (licoat.
487 4817 591 4897 imper.
608 4815 727 4880 Fredn.
744 4819 784 4898 11,
800 4819 852 4882 lul.
869 4829 905 4882 tt
922 4837 1023 4896 verso,
1037 4823 1070 4882 ln
1081 4820 1154 4883 edll.
1169 4819 1306 4898 Curcum,
1322 4841 1352 4902 p.
1371 4826 1453 4905 too.)

1739 4323 1848 4367 l·uurtll.
