4374 6010
238 713 339 774 lucrm.
359 708 420 794 la]
678 709 874 773 HISTORIA
898 707 1190 772 utrtoltallcc.
1587 705 1649 769 895

239 865 302 941 pro
328 843 521 918 munitione
542 841 774 940 predictorum
801 853 991 920 caseorum
1017 852 1052 918 et
1081 864 1144 939 pro
1170 839 1289 916 solidis
1310 841 1493 915 nominatis
1520 842 1649 915 castel-

238 967 325 1040 lanis
345 975 381 1042 et
401 966 631 1042 servientibus
651 967 859 1042 exhibendis
876 990 918 1042 ao
934 966 1105 1064 predictas
1121 987 1294 1063 expensas
1309 965 1376 1038 sibi
1389 973 1534 1040 statutas
1547 967 1651 1061 juxta

238 1091 342 1187 primi
352 1090 507 1164 mandati
517 1091 625 1166 nostri
643 1099 795 1165 tenorem
812 1090 928 1166 eidem
943 1091 1019 1164 sine
1032 1089 1232 1165 difficultate
1249 1089 1437 1186 persolvas.

289 1215 414 1288 Datum
432 1212 554 1308 Fogie,
568 1213 648 1288 Xlll
664 1215 801 1312 aprilis,
819 1215 897 1288 Xlll
914 1213 1126 1288 indictionis.

446 1495 1016 1512 fflm---um
1024 1495 1446 1510 nnuman-W

296 1751 474 1836 Mandata
504 1775 575 1862 pro
607 1751 786 1836 aedificiis
813 1759 1026 1836 metrorum
1049 1750 1138 1834 Bari
1162 1759 1200 1835 et
1225 1749 1340 1832 Trani
1368 1749 1590 1860 reparandis
1616 1759 1654 1834 et
1708 1761 1833 1872 ,m

243 1911 314 1996 pro
330 1885 504 1996 expensis
521 1883 737 1969 castellanis
759 1893 797 1968 et
811 1885 983 1994 personis
1006 1883 1156 1968 sumtis
1174 1884 1225 1968 ad
1246 1885 1458 1968 custodiam
1482 1885 1653 1995 ipsorum

244 2027 459 2103 metrorum
476 2017 712 2102 exhibendis.

325 2215 455 2300 (uper.
467 2219 571 2300 sape.
585 2215 706 2280 mue.
720 2218 761 2295 rr,
776 2216 829 2280 ror.
848 2225 887 2281 oa
902 2223 1001 2294 retu
1015 2217 1047 2279 u
1061 2217 1132 2279 sorr.
1147 2217 1286 2293 oren„
1300 2233 1332 2296 ρ.
1350 2219 1547 2300 rorarii.)

293 2389 474 2463 arandam
488 2391 619 2463 domino
634 2391 828 2486 imperatore
839 2412 902 2484 per
912 2389 1062 2483 jadicem
1078 2388 1247 2462 Toddeum
1257 2390 1389 2484 scripsit
1399 2393 1554 2466 notoriae
1566 2394 1656 2488 liop-

240 2513 355 2607 9eriuc
370 2513 410 2585 de
422 2514 586 2587 &tenos

293 2621 514 2730 Fredericus,
534 2645 617 2731 eto,
636 2635 786 2711 Gnidoni
804 2635 850 2710 de
866 2636 994 2709 Gnasto
1008 2633 1180 2730 provisori
1198 2643 1388 2709 castrorum
1403 2645 1492 2712 torre
1505 2637 1654 2734 ldronti,

243 2769 335 2834 terre
352 2760 432 2832 Bari
453 2769 489 2833 et
505 2759 684 2834 Basilicata
703 2757 769 2856 (a),
788 2767 855 2832 etc.
875 2757 1088 2832 decedentes
1108 2757 1155 2832 ad
1172 2760 1380 2854 presentiam
1403 2769 1554 2836 nostram
1575 2761 1658 2836 itio-

244 2881 374 2958 cardus
387 2881 518 2957 Comlte
539 2884 746 2956 castellanus
759 2882 838 2956 Bari
854 2889 888 2955 et
904 2881 1096 2955 Robbertus
1115 2880 1161 2955 ds
1175 2881 1298 2956 Iudice
1315 2883 1518 2958 castellanus
1533 2885 1654 2978 Trani‚

243 3003 365 3080 fideles
387 3007 508 3096 nostri,
529 3027 646 3082 coram
670 3005 770 3080 nobis
793 3012 1029 3102 exposuerunt
1048 3003 1147 3100 quod
1166 3003 1293 3079 solidos
1312 3027 1376 3103 pro
1390 3027 1428 3081 sa
1452 3016 1487 3082 et
1502 3009 1659 3104 personis

244 3130 383 3204 statutis
400 3151 481 3204 oum
500 3130 551 3204 eis
568 3129 615 3204 ad
631 3129 786 3226 ipsorum
804 3137 993 3202 castrorum
1017 3125 1209 3202 custodiam
1229 3137 1264 3202 at
1280 3131 1474 3206 necessaria
1489 3132 1556 3206 alin
1571 3155 1659 3208 non·

245 3253 332 3329 dum
348 3253 561 3348 habuerunt,
576 3262 682 3350 prout
691 3273 754 3348 per
770 3261 926 3326 noscam
942 3252 1074 3325 curiam
1092 3251 1206 3325 extitit
1220 3251 1418 3328 ordinatum
1435 3263 1469 3329 et
1481 3256 1518 3330 in
1532 3257 1659 3332 lictoris

243 3377 371 3450 nostris
398 3375 531 3450 eisdem
555 3377 748 3450 castellanis
773 3375 980 3449 transmissis
1009 3375 1147 3472 plenius
1173 3375 1378 3452 continetur.
1405 3379 1660 3476 Proposuerunt

243 3501 348 3574 etiam
368 3501 465 3595 quod
479 3502 517 3573 in
533 3499 653 3574 mauis
674 3500 759 3596 ipsis
776 3500 868 3591 sale,
890 3499 1035 3592 domus,
1055 3520 1190 3574 camere
1211 3508 1247 3572 et
1262 3499 1398 3575 edificia
1420 3503 1488 3578 alia
1508 3526 1550 3580 ac
1567 3507 1661 3582 volte

244 3637 413 3719 suntque
429 3623 497 3697 nisi
509 3623 790 3718 oohoperiantur,
805 3631 945 3720 propter
962 3623 1100 3720 pluvias
1116 3623 1284 3698 sustinere
1300 3633 1416 3722 potest
1433 3628 1530 3703 curia
1544 3639 1660 3708 nostra

244 3768 316 3820 non
342 3746 516 3821 modicam
533 3746 698 3820 lesionem
720 3747 847 3840 ineis,
872 3747 1063 3844 queritari
1085 3747 1211 3842 poterit
1228 3747 1304 3822 sine
1327 3750 1463 3846 magnis
1480 3757 1656 3852 expensis.

244 3871 377 3944 Varum
396 3870 480 3965 qnia
499 3869 662 3943 volumus
684 3868 781 3966 quod
798 3879 870 3944 tarn
893 3869 1022 3946 solidos
1046 3892 1109 3968 pro
1133 3871 1327 3946 castedanis
1344 3873 1430 3970 ipsis
1452 3885 1488 3950 et
1504 3881 1661 3975 personis

245 3995 385 4066 statutis
402 4015 482 4067 curn
498 3993 550 4066 eis
566 3993 605 4064 in
621 3991 741 4066 castris
764 3993 927 4090 predictis
940 4016 1047 4090 quam
1063 4003 1097 4068 et
1120 3995 1313 4069 necessaria
1337 3997 1406 4072 alia
1425 3999 1492 4072 sibi
1510 4001 1660 4078 debeant

247 4114 425 4204 exhiberi,
441 4135 576 4188 necnon
593 4123 628 4189 at
648 4115 746 4212 quod
759 4119 844 4209 sale,
864 4138 1014 4211 camere,
1035 4117 1173 4210 domus,
1189 4119 1282 4194 volta
1296 4127 1332 4194 et
1347 4119 1486 4198 edificia
1501 4126 1570 4200 alia
1588 4149 1658 4224 que

247 4238 442 4314 necessario
466 4237 657 4335 oohoperiri
683 4249 816 4338 oportet
843 4263 888 4316 ne
915 4252 1054 4339 propter
1077 4243 1215 4338 pluvias
1243 4243 1481 4341 devastentur,
1508 4248 1658 4324 debeant

247 4363 336 4436 sicut
350 4361 476 4436 melius
491 4361 615 4459 poterit
630 4361 821 4460 oohoperiri
838 4364 915 4439 sine
930 4365 1065 4462 magnis
1081 4367 1265 4461 expensis,
1283 4367 1331 4442 ad
1346 4369 1549 4446 evitandum
1563 4377 1658 4450 curie

249 4493 364 4557 nostre
387 4482 578 4582 dompnum
599 4485 636 4558 in
661 4487 731 4581 eis,
753 4485 909 4562 fidelitati
935 4497 993 4562 tua
1015 4487 1239 4585 precipiendo
1261 4491 1467 4567 mandamus
1486 4505 1657 4592 quatenus

248 4608 404 4681 conferas
421 4615 456 4681 te
468 4607 692 4704 personaliter
707 4609 755 4686 ad
775 4619 887 4686 castra
902 4611 979 4708 ipsa
995 4619 1031 4685 et
1047 4608 1169 4686 rideas
1187 4611 1370 4710 diligenter
1387 4619 1504 4693 omnia
1520 4621 1657 4698 edificia

287 4808 329 4890 (a)
352 4809 436 4875 Intro
448 4829 520 4878 raro
534 4821 658 4881 rooatm
669 4817 748 4882 id·
755 4815 890 4900 prooirrr
897 4821 1058 4881 cotim·
1070 4817 1105 4884 tn
1116 4813 1235 4900 Api&
