4524 6012
503 723 565 785 6Ίο
1000 722 1213 786 FllllllllllGl
1236 723 1410 785 secedet
1723 725 1803 804 [aas.
1822 726 1909 788 1240.

502 855 626 937 lensse
656 854 844 963 quosdam
862 854 929 964 qui
956 853 996 936 in
1024 855 1190 938 delensis
1211 856 1324 940 Ehuli
1347 866 1487 939 temere
1515 857 1639 939 venati
1667 867 1780 964 sunt,
1800 867 1837 940 et
1866 867 1909 940 ut

501 987 599 1070 duos
624 987 771 1096 judices
802 1013 1001 1097 unumque
1025 989 1218 1072 notarium
1246 1015 1316 1098 pro
1352 989 1477 1072 causis
1503 989 1752 1072 terminandis
1780 1015 1909 1073 smum

501 1118 652 1202 habeat.

581 1318 709 1400 (Rapere.
722 1320 826 1400 imper.
839 1317 958 1380 metr.
973 1320 1013 1394 ll,
1028 1320 1080 1382 fol.
1099 1327 1137 1382 5³
1153 1337 1255 1395 seram
1270 1324 1301 1382 in
1315 1321 1386 1382 edit.
1401 1321 1538 1396 cireen,
1553 1337 1583 1400 p.
1601 1321 1682 1400 stt.)

549 1495 596 1563 De
624 1493 792 1587 imperiali
821 1493 978 1566 mundato
1002 1515 1066 1586 pcr
1095 1495 1290 1585 maptotrrrm
1316 1495 1359 1564 R.
1391 1493 1431 1563 de
1465 1493 1610 1584 Trcjccto
1636 1494 1768 1588 scripsit
1799 1493 1838 1564 ll.
1868 1494 1908 1564 dc

499 1618 663 1690 Salcrtto:

547 1739 764 1830 tiedericus,
792 1747 875 1829 eto,
905 1735 1045 1810 Andree
1067 1737 1113 1811 de
1140 1737 1253 1810 Cicala
1275 1739 1455 1833 capitaneo
1484 1760 1506 1810 a
1535 1746 1633 1832 porta
1656 1738 1771 1810 liuseti
1797 1759 1909 1832 usque

498 1865 678 1954 Rontum,
708 1871 774 1934 etc.
802 1863 1015 1935 Fidelitatem
1040 1869 1133 1934 tuam
1166 1861 1339 1934 credimus
1362 1861 1452 1933 bene
1480 1861 1567 1933 scire
1595 1861 1740 1955 qualiter
1774 1859 1906 1934 dudum

498 1975 716 2058 statuerimus
736 2005 796 2080 per
819 1984 971 2056 diversas
993 1992 1106 2080 partes
1124 1985 1221 2076 regui
1237 1984 1344 2055 nostri
1361 1983 1519 2056 defensas
1540 2004 1602 2077 pro
1619 1983 1746 2055 solatiis
1762 1984 1904 2074 nostris,

498 2118 532 2183 et
553 2129 635 2202 sepe
658 2129 699 2180 ac
719 2109 850 2202 pluries
865 2107 1048 2180 mandasse
1066 2127 1127 2202 per
1143 2107 1278 2179 licteras
1299 2117 1432 2179 nostras
1448 2105 1650 2179 officialibus
1673 2107 1796 2179 nostris
1812 2107 1908 2201 quod

498 2231 741 2326 unusquisque
766 2252 828 2325 per
849 2229 1125 2322 jurisdictionem
1143 2251 1242 2302 suem
1265 2231 1425 2302 delesses
1450 2232 1543 2325 ipses
1565 2231 1690 2302 laceret
1714 2231 1908 2302 cumomni

498 2357 674 2448 diligentia
699 2355 884 2428 custodire.
913 2354 1041 2426 Verum
1064 2354 1147 2447 quia
1180 2375 1292 2448 nuper
1324 2353 1557 2426 intelleximus
1579 2353 1674 2447 quod
1696 2354 1733 2424 in
1758 2353 1907 2426 delensis

497 2480 592 2552 curie
607 2488 724 2550 nostre
742 2477 865 2568 Eburi,
882 2477 1026 2571 quidam
1043 2477 1232 2549 Ebulenses
1246 2485 1362 2548 contra
1378 2476 1579 2549 mandatum
1605 2485 1759 2550 nostrum
1780 2485 1907 2549 temere

496 2613 577 2676 sunt
592 2603 720 2690 venati,
735 2623 842 2695 grave
854 2601 996 2672 ferimus
1008 2607 1041 2672 et
1055 2599 1256 2693 indignum3
1270 2599 1514 2694 propterquod
1528 2599 1684 2672 fidelitati
1696 2611 1755 2672 tue
1767 2599 1908 2672 firmiter

497 2724 717 2822 precipiendo
737 2723 943 2796 mandamns
959 2731 1130 2817 quatenus
1150 2745 1253 2818 super
1272 2723 1338 2796 hoo
1360 2723 1615 2817 inquisitionem
1638 2723 1744 2796 lacias
1764 2723 1907 2815 diligen·

496 2861 565 2923 tem
577 2858 612 2921 et
628 2869 865 2943 quoscumque
879 2847 1052 2920 inveneris
1066 2848 1101 2918 iu
1115 2847 1266 2920 delensis
1277 2847 1373 2920 curie
1383 2856 1499 2918 nostre
1510 2846 1612 2918 Ebuli
1627 2846 1733 2919 tuisse
1749 2857 1902 2934 venatos,

497 2973 612 3068 cupias
629 2971 674 3044 de
689 2971 842 3066 personis
857 2980 892 3043 et
905 2971 941 3041 iu
954 2971 1072 3064 aliquo
1088 2980 1277 3044 castrorum
1289 2978 1486 3044 nostrorum
1501 2970 1567 3042 sub
1585 2969 1739 3061 diligenti
1751 2969 1906 3042 custodia

497 3097 601 3170 lacias
622 3095 787 3182 detineri,
807 3093 1062 3190 significaturus
1084 3095 1184 3168 nobis
1208 3115 1268 3190 per
1289 3094 1423 3168 lictores
1449 3103 1527 3168 tuas
1546 3095 1685 3167 nomina
1706 3117 1823 3168 eorum
1843 3096 1904 3188 qui

497 3219 576 3292 talia
592 3227 719 3290 temere
733 3227 1026 3312 presumpserunt.

546 3341 671 3414 Datum
688 3339 783 3436 apud
798 3337 975 3422 Aretinm,
991 3340 1039 3410 Xl
1052 3339 1222 3432 januarii,
1238 3339 1314 3411 lllll
1333 3340 1544 3413 indictionis.

545 3467 629 3537 ltcm
647 3465 783 3559 scripsit
800 3491 811 3534 .·

545 3585 766 3678 Fredericus,
791 3595 875 3674 etc„
894 3583 1030 3657 dudree
1053 3585 1098 3658 de
1123 3584 1255 3676 Cicada,
1273 3595 1339 3659 etc.
1361 3583 1449 3670 Quia
1470 3585 1633 3658 nolumus
1655 3585 1751 3680 quod
1765 3587 1903 3660 servitia

498 3721 614 3785 nostra
637 3709 698 3783 tibi
717 3709 899 3782 commissa
922 3729 987 3780 nec
1010 3729 1080 3780 non
1098 3717 1133 3780 et
1155 3730 1260 3782 cause
1283 3719 1316 3782 et
1334 3709 1579 3805 appellationes
1598 3707 1669 3804 qn'e
1686 3709 1733 3782 ad
1756 3719 1788 3782 te
1812 3711 1905 3782 dele·

498 3845 620 3909 runtur
636 3844 670 3908 et
682 3855 796 3907 coram
812 3841 846 3904 te
863 3831 1020 3905 ventilari
1035 3843 1070 3904 et
1087 3831 1254 3904 destinari
1267 3833 1483 3928 contingunt,
1499 3833 1623 3904 melius
1637 3841 1670 3904 et
1683 3833 1785 3906 citius
1799 3855 1905 3928 expe·

499 3957 656 4049 diantur,
688 3956 893 4029 mandamus
914 3963 1084 4048 quatenus
1108 3955 1238 4028 habeas
1261 3965 1375 4028 mcum
1403 3955 1491 4027 duos
1517 3954 1681 4049 providos
1707 3955 1843 4047 judices
1870 3966 1904 4028 et

499 4104 608 4155 unum
626 4081 796 4154 notarium
819 4078 866 4151 ad
885 4079 1065 4168 salarium,
1081 4079 1261 4170 judicibus
1284 4088 1318 4151 et
1341 4079 1480 4151 notariis
1497 4077 1591 4149 curie
1612 4087 1725 4152 nostre
1746 4080 1781 4149 in
1799 4100 1904 4174 regno

500 4205 710 4278 morantibus
726 4201 932 4275 sicutmodo
956 4201 1124 4296 recipiunt
1138 4201 1376 4292 constitutum,
1393 4223 1472 4274 cum
1490 4200 1619 4295 quibus
1634 4203 1774 4275 servitia
1790 4214 1905 4274 nostra

500 4327 563 4401 tibi
584 4325 815 4400 commisceat
833 4345 956 4396 causas
971 4332 1006 4396 et
1021 4326 1265 4420 appellationes
1280 4345 1350 4418 que
1364 4323 1567 4398 deferuntur
1590 4324 1637 4397 ed
1660 4333 1711 4410 te,
1732 4325 1854 4396 melius
1872 4335 1905 4396 et

501 4451 602 4522 citius
615 4451 732 4522 valeas
748 4447 928 4542 expedire.
1199 4453 1203 4460 “

549 4577 674 4648 Datum
693 4568 745 4670 [ut
760 4567 892 4668 roma}
914 4623 917 4632 r
