4524 6012
289 646 385 706 trnrcs
411 642 471 724 lde]
739 640 937 702 mercata
963 641 1256 702 utrtotttrtctt.
1643 645 1702 708 cet

292 781 390 853 nobis
411 778 509 872 qood
533 778 578 852 de
607 777 720 850 vineis
742 777 837 850 curie
864 785 979 850 nostre
1005 797 1093 870 quas
1121 799 1216 850 nunc
1245 777 1437 872 Raynerius
1458 777 1613 852 Cevelar.
1642 803 1705 876 pre

293 912 388 1000 parte
400 903 498 974 curie
515 911 630 975 nostre
641 911 814 995 procurat,
829 923 900 974 non
911 910 1005 974 tonte
1017 899 1092 972 vini
1106 901 1280 994 quantitas
1292 901 1449 996 provenit
1461 903 1561 974 nobis
1574 915 1706 998 quanta

294 1028 433 1101 deberet
450 1035 486 1098 et
500 1035 614 1122 posset
631 1048 678 1098 cx
700 1025 836 1100 iliarum
855 1025 1083 1122 proventibus
1105 1026 1306 1120 provenire,
1326 1035 1360 1098 et
1377 1027 1502 1122 optulit
1522 1049 1563 1100 se
1583 1029 1706 1102 melio-

294 1173 368 1224 rare
386 1151 518 1223 curiam
535 1159 686 1224 nostram
714 1151 749 1222 in
767 1147 1031 1244 quadringentis
1054 1149 1185 1222 munais
1200 1149 1275 1220 vini
1298 1151 1477 1222 annuatim
1501 1151 1588 1223 ultra
1612 1153 1706 1224 iilam

295 1275 519 1370 quantitatem
541 1295 611 1368 que
628 1295 721 1346 nuuc
736 1295 798 1368 pro
822 1273 897 1368 ipsa
914 1274 1010 1346 curia
1033 1283 1149 1346 nostra
1165 1274 1352 1368 percipitur
1368 1274 1412 1346 de
1430 1275 1572 1348 eisdem.
1593 1277 1707 1362 Quare

296 1397 582 1472 nobishumiliter
599 1397 812 1491 supplicavit
822 1405 861 1468 ut
879 1397 1002 1470 vineas
1023 1397 1119 1493 ipsas
1135 1397 1379 1470 mandaremus
1395 1419 1459 1470 sue
1478 1401 1708 1494 procurationi

298 1519 578 1604 commicti.Quia
589 1520 694 1614 igitur
708 1521 820 1614 piacet
830 1519 1037 1613 nobisquod
1045 1520 1151 1592 nostri
1165 1520 1322 1594 redditus
1334 1531 1611 1615 augmententur,
1624 1523 1709 1596 tide·

298 1645 380 1718 litnti
404 1655 464 1718 tue
484 1643 709 1740 precipiendo
731 1643 939 1716 mandemus
956 1651 1128 1738 quatenus
1152 1643 1334 1738 diiigenter
1362 1645 1536 1738 inquiras,
1563 1648 1592 1717 si
1616 1647 1708 1720 idem

298 1770 341 1842 bi.
367 1768 546 1860 studiosus
568 1767 613 1840 sit
633 1777 670 1840 et
691 1767 868 1840 sufficiens
890 1767 981 1840 circa
1007 1745 1281 1861 procurationem
1307 1778 1342 1841 et
1365 1771 1535 1841 culturam
1558 1769 1709 1864 ipsarum

299 1895 497 1986 vinearum,
515 1903 550 1966 et
565 1893 595 1964 si
616 1891 785 1966 solvendo
805 1900 874 1983 eet,
891 1901 1030 1986 recepta
1056 1892 1215 1964 cautione
1241 1893 1366 1966 idonea
1390 1895 1436 1968 de
1453 1893 1541 1966 bene
1556 1896 1712 1968 colendis

300 2017 449 2109 eisdem
470 2025 504 2088 et
518 2015 564 2088 de
588 2016 763 2090 solvendis
786 2016 916 2088 saumis
935 2013 1100 2110 predictis
1117 2017 1272 2110 quolibet
1290 2039 1380 2090 anno
1398 2017 1523 2089 oblatis
1544 2040 1607 2112 pro
1621 2041 1712 2114 ang-

301 2151 413 2216 mcnto
429 2149 565 2232 nostro,
590 2150 625 2214 et
641 2140 738 2234 quod
763 2138 910 2214 fideliter
928 2139 1155 2236 responderet
1173 2140 1269 2212 curie
1294 2150 1410 2214 nostre
1426 2140 1471 2214 de
1488 2144 1712 2236 proventibus

301 2271 451 2364 ipsarum
465 2268 667 2357 vinearum,
687 2265 807 2338 babitu
830 2273 987 2360 respectu
1004 2265 1051 2338 ad
1063 2265 1227 2357 majorem
1244 2266 1471 2360 quantitatem
1490 2289 1596 2360 quam
1613 2290 1634 2339 a
1651 2269 1713 2339 tri·

301 2393 366 2464 bne
379 2392 481 2463 annis
498 2390 583 2462 citra
602 2391 699 2461 curia
715 2398 832 2462 nostra
850 2387 972 2462 babuit
991 2389 1036 2462 de
1050 2388 1203 2478 eisdem,
1221 2389 1342 2463 vineae
1366 2390 1459 2485 ipsas
1481 2391 1575 2464 itlius
1588 2413 1714 2486 procu-

303 2515 423 2588 rationi
437 2513 650 2586 commictae.

350 2640 475 2711 Datum
492 2637 587 2731 apud
603 2635 778 2722 Aretinm,
797 2635 844 2706 xl
855 2635 1025 2728 januarii,
1042 2635 1119 2708 Xlii
1136 2635 1345 2709 indictionis.

553 2934 577 2944 -
583 2929 1473 2944 mom—ad

357 3196 536 3282 Mandata
554 3197 604 3278 ad
621 3194 846 3306 justitiarios
862 3163 1001 3278 Terrae
1024 3194 1181 3278 Laboris
1201 3203 1238 3278 et
1257 3194 1405 3304 Aprutii
1428 3219 1498 3304 pro
1521 3193 1719 3304 palafredo.
1743 3225 1913 3335 eqqnggpp

307 3339 345 3412 et
361 3355 460 3439 equo
487 3331 537 3412 ad
555 3329 700 3410 curiam
719 3329 903 3412 ducendis
926 3339 964 3412 et
986 3354 1057 3438 pro
1077 3329 1187 3438 equis
1210 3329 1294 3410 aliis
1317 3329 1366 3410 ad
1394 3327 1573 3438 principis
1597 3353 1717 3436 prae-

310 3461 470 3544 sentiam
488 3460 696 3542 mittendis.

391 3673 519 3756 (decent.
533 3675 636 3754 imper.
651 3669 770 3736 dieder.
785 3673 827 3752 11,
841 3672 894 3733 tot.
913 3679 949 3734 5³
965 3677 1059 3746 recto;
1076 3676 1107 3734 tn
1120 3673 1192 3734 edit.
1207 3674 1338 3748 caman,
1350 3690 1381 3750 p.
1400 3672 1481 3751 att.)

359 3858 408 3929 Do
419 3859 589 3952 imperiali
600 3859 757 3932 mcodoto
770 3861 860 3951 [octo
870 3880 933 3951 per
950 3858 1116 3930 domnum
1133 3860 1279 3930 menen
1293 3858 1333 3928 de
1354 3860 1571 3930 Trenteucrt‘o
1587 3861 1721 3953 scripsit

311 3983 511 4054 Laurentes
528 4009 539 4052 .·

360 4103 577 4193 Fredericus,
597 4116 682 4194 etc,
697 4105 740 4177 R.
759 4104 804 4178 de
818 4104 1046 4197 biontenigro,
1058 4103 1242 4195 justitiario
1256 4105 1358 4178 Terre
1373 4103 1526 4194 Laboris,
1545 4115 1613 4178 etc.
1635 4106 1723 4190 Quia

313 4227 475 4299 volumus
485 4227 613 4300 babere
623 4227 837 4322 palafredum
848 4235 883 4300 et
899 4249 1041 4323 equum,
1057 4248 1147 4320 quos
1160 4226 1316 4302 Andreas
1334 4227 1379 4300 de
1396 4227 1508 4300 Cicaia
1525 4228 1725 4324 capitaneus

314 4360 452 4446 aperta
465 4351 579 4424 Roseti
593 4371 705 4446 usque
720 4353 882 4424 Trontnm
899 4349 1011 4423 fidelis
1032 4359 1149 4422 nostor
1163 4349 1260 4424 dedit
1280 4351 1398 4442 nobis,
1417 4351 1623 4424 mandemus
1633 4375 1726 4447 qua-

314 4482 415 4545 tenus
432 4475 531 4547 latori
547 4475 757 4570 presentium
777 4474 968 4546 marestalle
991 4481 1106 4546 nosue
1125 4473 1272 4546 scutario
1298 4494 1358 4546 eos
1383 4475 1559 4566 assignes,
1585 4473 1673 4546 dans
1693 4476 1726 4546 ei

316 4615 425 4668 unum
446 4595 623 4671 bominem
643 4599 705 4692 qui
728 4598 835 4694 pedes
850 4597 969 4678 veniat
990 4616 1070 4668 cnm
1087 4595 1233 4687 eodem
1254 4605 1289 4668 et
1302 4598 1403 4688 juvet
1418 4618 1498 4669 cum
1518 4597 1647 4670 ducere
1660 4597 1726 4670 ali·

315 4739 420 4809 quem
436 4739 555 4792 eorum
569 4743 682 4816 usque
697 4721 744 4794 ad
761 4721 968 4816 presentiam
982 4727 1154 4810 nostram;
1174 4739 1346 4814 expensas
1363 4730 1479 4794 autem
1502 4740 1563 4814 pro
1582 4741 1637 4810 se,
1657 4742 1727 4793 nno
