4524 6012
534 749 595 812 648
1036 759 1247 820 ualuaalct
1273 761 1444 822 sacuam
1755 763 1835 842 [llus.
1855 765 1940 827 tato.

534 886 719 996 guandis‚
739 895 783 970 ut
803 912 868 970 eas
890 914 1132 1002 quocumque
1153 893 1338 976 volueriut
1364 903 1627 1001 praeterquam
1647 895 1750 1001 apud
1768 893 1941 978 Veneties

533 1015 651 1101 libera
670 1020 880 1128 deportent.
1022 1103 1066 1146 ,Γ

989 1153 993 1160 ,
1104 1118 1119 1158 a

616 1219 742 1302 (Repert.
758 1223 859 1300 imper.
873 1165 992 1284 Freder:
1004 1169 1109 1300 Ilrlol.
1126 1193 1164 1286 do
1179 1233 1274 1300 reet03
1290 1229 1320 1288 ln
1333 1228 1405 1288 edit.
1419 1228 1555 1300 Cetean„
1569 1243 1599 1304 p.
1615 1227 1698 1306 eta.)

581 1397 631 1468 De
645 1397 801 1467 arandela
817 1397 982 1490 imperiali
995 1399 1084 1488 [octo
1097 1419 1158 1490 per
1171 1399 1366 1490 magistram
1382 1398 1568 1485 Alterum,
1590 1400 1723 1492 scripsit
1743 1401 1882 1473 Iacobus
1900 1403 1940 1474 de

532 1521 661 1590 Baetra
669 1529 818 1612 patentes
835 1520 1117 1590 lineamentum
1135 1521 1292 1591 modum

570 1635 800 1729 fredericus,
828 1653 894 1714 eto.
922 1644 1053 1714 Tenere
1080 1641 1288 1734 presentium
1317 1652 1470 1716 notescat
1501 1644 1672 1716 universis
1700 1645 1795 1738 quod
1820 1647 1939 1719 Petrus

531 1766 674 1854 Russus,
691 1765 857 1858 Ugolinns
869 1765 1017 1855 Russus,
1032 1765 1211 1860 Philippus
1222 1763 1314 1838 lilius
1331 1765 1481 1853 elberti,
1502 1774 1535 1837 et
1555 1765 1730 1861 Philippus
1750 1769 1938 1842 Petrieulus

530 1898 736 1962 mercatores
752 1887 866 1960 Pisani
881 1885 999 1960 fideles
1022 1888 1128 1960 nostri
1144 1897 1301 1960 emerunt
1323 1909 1344 1960 a
1362 1890 1456 1960 curia
1472 1898 1588 1962 nostre
1606 1890 1699 1963 mille
1714 1869 1748 1962 et
1770 1901 1937 1964 trecentas

530 2031 670 2086 saumas
687 2010 863 2099 frumenti,
877 2011 984 2082 libere
996 2019 1096 2082 extre
1109 2031 1254 2104 regnum
1272 2010 1459 2105 portandae
1473 2021 1586 2106 preter
1600 2035 1706 2106 quem
1722 2012 1816 2107 apud
1830 2015 1937 2087 Vene-

530 2135 614 2224 lias,
633 2155 854 2228 quocumque
866 2133 1056 2222 voluerint,
1076 2133 1124 2206 ad
1138 2136 1332 2226 generalem
1350 2155 1505 2207 senmem
1529 2137 1626 2228 regni
1648 2157 1710 2230 pro
1730 2137 1842 2210 nneiis
1860 2139 1934 2210 auri

528 2257 729 2351 quingentis
745 2265 780 2330 et
801 2256 866 2328 XX
889 2255 936 2328 ed
958 2257 1119 2348 generale
1141 2256 1301 2351 pondus,
1327 2256 1374 2329 ed
1398 2257 1563 2330 rationem
1585 2259 1631 2331 de
1648 2260 1775 2331 tarenis
1796 2259 1858 2331 llll
1873 2281 1935 2355 pro

530 2400 740 2474 unaqueque
756 2401 895 2470 mama,
912 2401 1000 2472 quas
1017 2379 1139 2452 uncias
1155 2379 1191 2450 in
1214 2399 1351 2452 eamere
1369 2390 1484 2454 nostre
1507 2383 1787 2475 assignaverunt;
1808 2383 1935 2476 quibus

528 2505 690 2576 eonvenit
707 2511 742 2575 et
762 2503 917 2598 promisit
938 2501 1081 2576 tirmiter
1099 2503 1195 2608 enne
1216 2517 1330 2576 nosue
1351 2505 1447 2597 quod
1463 2505 1634 2577 Obbertns
1658 2507 1936 2580 Pallemoneuhus

527 2635 681 2700 secretus
698 2626 855 2700 Panormi
875 2627 1066 2719 assignabit
1092 2626 1143 2698 eis
1165 2625 1297 2720 integre
1319 2625 1445 2700 dictam
1468 2629 1692 2721 quantitatem
1715 2631 1876 2702 frumenti
1899 2631 1933 2701 in

528 2759 632 2845 portu
649 2749 807 2822 Panormi
830 2748 906 2820 sive
926 2749 962 2820 in
981 2757 1080 2843 portu
1097 2749 1243 2842 'Prepeni
1267 2750 1301 2818 in
1324 2750 1483 2842 proximo
1498 2751 1621 2823 suturis
1643 2752 1799 2824 kalendis
1823 2751 1934 2824 martii

528 2873 632 2966 hujus
649 2873 725 2946 Xlll
738 2873 936 2946 indictionis
950 2873 1057 2944 libem
1072 2882 1108 2944 et
1119 2872 1284 2966 expedite
1299 2873 1344 2944 eh
1354 2873 1448 2946 omni
1462 2875 1541 2966 jere
1556 2874 1652 2946 curie
1665 2883 1792 2964 nostre,
1810 2883 1845 2946 et
1857 2895 1934 2968 per·

528 2997 644 3070 mictet
657 3016 717 3070 eos
737 2996 850 3092 ipsum
866 2997 1075 3070 frumentum
1094 2996 1201 3068 libere
1221 2996 1266 3070 de
1287 3017 1393 3090 ragno
1411 2997 1592 3070 extrahere
1610 3005 1647 3068 et
1663 3007 1798 3092 portare
1821 3007 1934 3090 preter

528 3141 633 3215 quam
651 3119 913 3214 apudVenetias
924 3117 1327 3213 quocumqueuoluerint
1340 3117 1387 3190 ed
1400 3117 1637 3192 vendendum.
1655 3117 1755 3192 Unde
1766 3118 1812 3193 ad
1825 3119 1934 3214 ipsius

527 3244 577 3318 rei
592 3243 808 3330 memoriam,
830 3249 898 3314 ete.

576 3367 700 3438 Datum
718 3362 814 3458 apud
833 3364 996 3434 Sanctum
1013 3361 1210 3450 minuam,
1228 3361 1339 3457 primo
1350 3361 1519 3452 januarii,
1532 3362 1609 3434 lllll
1625 3361 1834 3436 indietionis.

577 3489 661 3560 ltem
677 3485 806 3578 scripsit
825 3511 835 3554 :
1739 3541 1741 3548 .

575 3609 793 3695 Prederieus,
814 3616 897 3698 eto,
914 3606 1065 3679 Obberto
1078 3604 1338 3678 Pallamoueelto
1356 3611 1486 3676 secreto
1506 3603 1760 3694 Panormitam.
1777 3606 1937 3678 Noteseat

526 3731 682 3808 fidelitati
694 3741 753 3803 tue
764 3730 861 3824 qnod
874 3729 993 3802 Petrus
1011 3729 1154 3818 llussus,
1170 3727 1336 3819 Ugolinus
1351 3729 1494 3816 Russus,
1513 3725 1690 3820 Philippus
1706 3725 1935 3798 lilinslllberti

526 3867 561 3930 et
575 3855 754 3950 Philippus
770 3854 972 3926 Patrneulus
988 3860 1195 3924 mereatures
1212 3850 1326 3922 Pisani
1348 3847 1469 3923 lideles
1488 3849 1594 3920 nostri
1617 3857 1776 3920 emerunt
1796 3871 1817 3922 e
1838 3849 1935 3922 ouria

526 3987 639 4053 nosue
655 3977 748 4050 mille
765 3985 801 4048 et
820 3983 988 4048 tmeentas
1000 3995 1138 4046 saumas
1158 3973 1320 4046 frumenti
1340 3972 1447 4044 libere
1466 3969 1567 4043 extr'e
1583 3977 1731 4064 ragnum
1747 3965 1934 4066 portandae

525 4104 573 4178 ed
593 4101 789 4197 generalem
805 4117 960 4170 saumam
978 4097 1097 4190 regni,
1112 4117 1174 4189 pro
1190 4095 1303 4168 unciis
1316 4096 1392 4168 enti
1408 4095 1609 4190 quingentis
1624 4103 1659 4168 et
1676 4091 1741 4166 llll
1758 4094 1804 4166 ad
1826 4112 1932 4188 gese·

525 4227 596 4298 rale
612 4221 749 4320 pondus
764 4219 810 4292 ad
827 4218 993 4290 rationem
1012 4217 1057 4290 de
1072 4217 1274 4289 tarenis'Xll
1288 4237 1351 4310 pro
1367 4237 1576 4310 unaquaque
1596 4237 1735 4306 sauma,
1755 4237 1843 4308 ques
1861 4237 1934 4288 un-

525 4347 596 4420 eies
623 4347 660 4417 in
681 4352 796 4416 nostra
815 4361 951 4414 camera
970 4341 1252 4434 assignaverunt3
1275 4340 1404 4433 quibus
1426 4339 1589 4412 convenit
1607 4347 1642 4410 et
1664 4338 1822 4433 promisit
1840 4338 1936 4412 curie

524 4477 639 4542 nostre
662 4464 755 4560 quod
781 4474 819 4536 tu
842 4465 878 4536 in
901 4462 1058 4536 kalendis
1077 4463 1190 4534 martii
1208 4461 1367 4557 proximo
1389 4460 1514 4532 suturis
1535 4462 1744 4532 frumentum
1765 4461 1878 4553 ipsum
1899 4461 1935 4528 in

524 4601 626 4689 portu
642 4587 801 4662 Panormi
815 4588 872 4660 vel
890 4585 1055 4680 Trepani,
1075 4585 1136 4658 uhi
1157 4584 1371 4658 commodius
1384 4584 1449 4656 erit
1465 4603 1527 4677 pro
1542 4583 1639 4655 ouria
1652 4591 1784 4668 nostre,
1802 4599 1935 4653 meree·

525 4714 657 4787 toribus
671 4711 754 4807 ipsis
769 4709 921 4782 libereet
934 4707 1099 4804 expedite
1115 4708 1161 4780 ab
1177 4709 1269 4780 omni
1286 4708 1366 4798 jure
1385 4707 1479 4777 curie
1500 4713 1613 4778 nostre
1630 4703 1757 4777 debeas
1778 4713 1813 4775 et
1829 4702 1934 4774 iacias

523 4837 704 4932 assignari.
733 4836 848 4921 Quare
872 4831 1027 4906 fidelitati
1055 4843 1113 4905 tue
1137 4831 1359 4928 precipiendo
1390 4829 1595 4902 mandamus
1621 4835 1811 4920 quatenus,
1836 4825 1866 4897 ei
1894 4824 1931 4896 in
