4358 5996
567 603 645 665 roro
1047 583 1276 671 'ruinnnrcr
1302 609 1476 670 sncnnnr
1786 611 1867 689 [aas.
1885 612 1974 674 reso.

564 739 722 814 riatorem
745 744 871 818 omissa
893 745 1033 818 vexatio
1054 753 1231 818 revocaret
1252 745 1297 832 ab
1319 745 1471 817 offensis.
1499 745 1654 817 Preterea
1678 765 1747 817 non
1767 746 1921 839 patimur
1940 754 1976 818 te

564 866 669 939 latere
690 867 837 960 qualiter
858 868 962 942 bomo
983 868 1046 940 iste
1069 867 1183 940 dictus
1204 889 1294 964 papa
1319 868 1354 938 in
1374 865 1552 940 obsidione
1572 867 1722 940 Ferraria
1739 867 1889 940 civitatis
1906 867 1975 940 im·
2103 875 2110 889 ·

564 989 651 1084 perii
667 999 702 1062 et
721 991 937 1085 Salingnerre
954 989 1066 1065 fidelis
1083 991 1203 1082 nostri,
1224 991 1513 1077 Bononiensibus,
1532 989 1688 1082 Venetis,
1707 999 1742 1061 et
1755 991 1831 1063 aliis
1844 992 1975 1064 eonvi-

564 1113 650 1186 oinis
666 1115 789 1186 nostris
809 1115 990 1188 rebellibus
1014 1113 1232 1204 convocatis,
1256 1115 1408 1206 legatum
1428 1134 1531 1206 suum
1553 1133 1635 1185 cum
1657 1112 1974 1185 Mediolanensibus

563 1236 681 1308 lecerit
692 1239 893 1324 convenire,
911 1237 1034 1310 ducem
1049 1236 1176 1309 ibidem
1191 1236 1366 1308 exercitus
1381 1245 1415 1308 et
1426 1244 1605 1308 rectorem.
1622 1235 1791 1338 Quiadeo
1804 1257 1885 1308 oum
1898 1237 1974 1308 sois

562 1359 786 1454 complicibus
808 1359 958 1433 eundem
980 1359 1235 1454 Salingnerram
1254 1367 1288 1430 et
1309 1358 1498 1430 Ferrariam
1521 1357 1555 1429 in
1579 1358 1882 1431 exheredationem
1906 1360 1973 1430 im-

562 1482 649 1576 perii
666 1483 871 1570 monetavit,
894 1482 991 1577 quod
1014 1504 1036 1555 a
1060 1483 1132 1554 suis
1152 1481 1326 1577 proditus,
1347 1481 1493 1576 receptis
1505 1489 1620 1554 tamen
1637 1481 1922 1576 promissionibus
1939 1493 1974 1556 et

562 1607 671 1700 pactis
690 1606 736 1680 de
758 1605 981 1679 indemnitate
998 1627 1144 1701 persone
1165 1626 1228 1678 sne
1248 1626 1289 1676 ae
1311 1625 1424 1675 rerum
1447 1625 1589 1676 snamm
1611 1612 1646 1676 et
1664 1601 1710 1676 de
1728 1605 1857 1676 salubri
1875 1626 1972 1678 mora

561 1750 624 1812 sua
644 1728 679 1799 in
697 1727 819 1802 eadem
835 1729 986 1820 civitate,
1005 1749 1139 1800 necnon
1154 1749 1216 1823 per
1229 1725 1378 1800 eundem
1396 1728 1564 1820 legatum,
1586 1725 1711 1799 ducem
1729 1727 1968 1815 Venetiemm,

561 1860 756 1947 potestates,
773 1861 941 1938 rectores,
960 1852 1157 1946 capitaneos
1172 1851 1363 1942 exercitos,
1383 1859 1417 1922 et
1432 1851 1637 1944 generaliter
1653 1873 1716 1946 per
1740 1859 1848 1923 totum
1866 1873 1972 1924 exer-

561 1977 668 2047 citum
682 1975 876 2066 juramento
895 1973 1050 2065 firmatis,
1074 1975 1214 2047 nomine
1229 1973 1381 2047 Ecclesia
1394 1973 1626 2064 juramentum
1643 1973 1813 2068 impendit
1830 1995 1874 2046 ac
1889 1997 1972 2070 sepe

561 2097 689 2170 dictam
711 2097 882 2171 civitatem
903 2097 1091 2188 assignavit
1111 2097 1261 2170 Ecclesia
1282 2096 1473 2192 specialiter
1492 2094 1735 2191 possidendam
1758 2123 1767 2167 ι
1789 2097 1971 2172 commissa

560 2217 631 2293 lide
645 2240 710 2293 sua
723 2219 805 2293 fidei
818 2219 920 2314 legati
936 2219 1102 2311 Ecclesia,
1120 2219 1216 2314 qnod
1227 2220 1365 2315 prestita
1379 2230 1413 2292 et
1426 2221 1541 2312 jurata
1556 2219 1623 2292 sibi
1638 2220 1805 2292 securitas
1818 2221 1970 2314 plenarie

559 2351 764 2416 servaretur.
789 2343 859 2416 Sed
883 2353 961 2437 post
986 2342 1197 2418 deditionem
1218 2342 1367 2414 civitatis
1388 2351 1423 2414 et
1447 2363 1561 2432 auam,
1580 2343 1715 2434 legatus
1734 2341 1828 2415 idem
1846 2342 1969 2416 eadem

560 2467 755 2540 celebritate
776 2488 846 2562 qna
864 2467 1054 2562 prestiterat
1071 2467 1283 2560 juramenta,
1303 2488 1383 2538 cum
1400 2465 1561 2560 predictis
1580 2466 1742 2538 omnibus
1758 2465 1966 2557 dejerando,

561 2589 732 2664 demolitis
752 2589 913 2664 domibus
932 2591 1082 2663 ethonis
1107 2589 1262 2682 ejusdem
1279 2589 1514 2682 Salingnerre,
1534 2588 1648 2682 ipsum
1665 2588 1768 2660 simul
1791 2589 1970 2663 deduxere

560 2713 630 2788 lide
642 2715 783 2788 mentita
792 2715 952 2788 Venetiae
967 2715 1175 2808 captivatum
1189 2715 1252 2808 tt).
1268 2713 1359 2786 Ecce
1371 2713 1483 2807 qualis
1496 2713 1671 2786 invenitur
1683 2714 1718 2784 in
1736 2714 1848 2806 legato
1866 2713 1967 2805 fides,

559 2837 673 2933 qualis
695 2838 740 2912 de
760 2848 856 2933 parte
876 2839 980 2933 legati
1007 2838 1195 2910 mentiendi
1217 2837 1372 2932 procedit
1393 2837 1599 2926 authoritas,
1621 2847 1660 2908 ut
1681 2835 1786 2909 fidem
1809 2848 1969 2932 reputent

560 2958 641 3032 fidei
664 2961 843 3034 vinculum
869 2983 939 3035 non
964 2960 1168 3034 servarelo
1190 2982 1295 3055 quum
1317 2960 1518 3056 pestiferum
1541 2959 1586 3032 ab
1611 2957 1762 3032 Ecclesia
1781 2961 1970 3034 rectoribus

559 3095 697 3156 emanat
719 3081 932 3180 exemplnml
956 3106 1062 3180 qnam
1088 3083 1233 3158 evidens
1255 3084 1383 3156 omissa
1404 3083 1550 3156 veritate
1568 3081 1741 3178 deceptio!
1769 3093 1807 3154 ut
1829 3085 1970 3178 regibus

560 3215 596 3278 et
616 3206 829 3301 principibus
844 3205 956 3296 orbis,
979 3207 1108 3300 quibus
1126 3215 1265 3302 propter
1281 3205 1527 3300 impatientiam
1546 3205 1718 3300 potestatis
1735 3204 1910 3297 invident,
1926 3209 1971 3280 sit

561 3329 726 3424 precipue
738 3329 1006 3424 precavendum,
1023 3351 1068 3402 ne
1081 3329 1127 3402 de
1143 3329 1232 3402 lacili
1250 3351 1288 3402 sa
1301 3329 1467 3424 prebeant
1481 3327 1518 3400 in
1532 3349 1657 3400 manus
1673 3327 1888 3420 eorumdem,
1907 3332 1968 3426 qui

562 3471 696 3546 semper
711 3451 913 3546 intercipere
930 3461 1099 3524 conantur
1117 3453 1287 3544 incautos,
1304 3461 1338 3524 et
1355 3451 1452 3546 pium
1466 3460 1628 3546 reputant
1645 3452 1875 3526 innocentiam
1888 3473 1969 3526 con-

563 3574 738 3647 damnare.
762 3575 831 3646 Nos
853 3583 968 3647 antem
989 3575 1051 3669 qni
1074 3596 1193 3648 omnes
1216 3585 1251 3648 et
1274 3576 1430 3669 singulos
1447 3595 1587 3664 eorum,
1607 3585 1682 3648 tum
1703 3597 1750 3649 ex
1772 3575 1965 3668 vicinitate,

563 3706 636 3769 tum
654 3697 699 3770 ab
717 3706 877 3794 experto,
900 3698 992 3770 intus
1009 3707 1045 3771 et
1065 3698 1101 3769 in
1120 3707 1200 3772 cute
1213 3700 1284 3792 jam
1309 3699 1488 3787 novimus,
1513 3699 1624 3772 taliter
1638 3707 1673 3772 te
1689 3719 1751 3794 per
1770 3699 1967 3796 indaginem

564 3841 678 3894 rerum
698 3821 744 3893 ab
761 3841 880 3894 eorum
900 3821 1043 3894 lallaciis
1059 3831 1198 3894 cautum
1217 3822 1378 3894 volumus
1396 3821 1584 3909 observari,
1610 3831 1649 3893 nt
1669 3822 1729 3894 tibi
1751 3821 1966 3896 intendamus

563 3964 750 4038 precavere
770 3970 779 4014 ε
796 3955 971 4040 sperantes
985 3945 1021 4017 in
1037 3967 1099 4036 eo,
1115 3946 1177 4040 qni
1194 3966 1294 4038 reges
1309 3954 1344 4018 et
1358 3966 1465 4038 regna
1485 3943 1675 4032 constituit,
1698 3944 1795 4038 quod
1809 3948 1903 4039 juste
1914 3947 1967 4018 in·

561 4065 689 4160 juniam
711 4069 965 4162 propulsantes,
989 4068 1188 4140 violentiam
1217 4067 1318 4140 nobis
1345 4067 1473 4140 illatam
1498 4077 1689 4140 nostrerum
1713 4067 1842 4140 virium
1869 4089 1967 4140 cona·

564 4189 660 4262 mine
674 4191 916 4286 propellamus,
932 4199 967 4262 et
980 4191 1015 4262 in
1029 4189 1146 4285 gladio
1158 4171 1310 4284 justicie,
1324 4211 1429 4284 quem
1445 4189 1589 4263 authore
1599 4189 1745 4264 Domino
1759 4189 1966 4284 bajulamus,

565 4311 782 4387 sacerdotum
799 4313 945 4406 gladios,
965 4315 1093 4409 quibus
1112 4314 1244 4407 abjecta
1260 4315 1364 4405 stola,
1384 4313 1520 4388 lumbos
1541 4333 1624 4386 suos
1641 4313 1820 4387 inhoneste
1836 4313 1972 4409 precin-

603 4611 637 4684 (t)
657 4611 696 4667 lle
707 4609 751 4666 his
767 4609 804 4666 el.
820 4609 946 4666 Obroatis.
961 4607 993 4666 de
1006 4607 1061 4666 reb.
1076 4609 1108 4664 r'a
1122 4607 1187 4666 ltal.
1200 4610 1299 4682 pestis,
1315 4625 1342 4682 p.
1363 4612 1430 4679 lto,
1444 4608 1490 4666 ubl
1503 4609 1602 4668 deditio
1618 4607 1755 4668 Ferrarius
1771 4607 1807 4668 ad
1818 4609 1892 4668 diem
1907 4609 1973 4670 snb-

566 4707 623 4766 bati
636 4707 784 4766 secundom
797 4707 899 4764 mensis
910 4705 979 4778 junii
992 4705 1132 4764 indicatur.
