4374 6010
235 639 344 702 lunser.
364 636 426 720 la]
693 632 893 694 HISTORIA
917 628 1214 692 statueramus.
1600 626 1659 688 921

235 770 388 854 summi
405 765 597 879 pontificis
615 775 765 850 motum
784 763 1033 875 profecerint,
1052 760 1315 870 promittitque
1334 785 1375 843 se
1389 759 1429 840 in
1449 757 1663 841 subsidium

236 903 385 985 Terrae
401 901 563 983 Sanctae
581 896 772 1008 quidquid
789 920 921 978 rerum
939 893 1196 1004 praesentium
1213 901 1417 1002 tempestas
1433 889 1662 1002 permiserit,

235 1059 520 1120 conversurum
536 1057 633 1115 0880.

328 1260 428 1340 (Edit.
442 1277 492 1338 ap.
507 1260 612 1322 Mser.
627 1258 747 1332 Pauus„
763 1257 841 1318 Hist.
857 1250 926 1338 maj.
942 1251 1064 1336 Aeque
1079 1255 1118 1316 ad
1132 1272 1204 1316 ann.
1223 1265 1316 1334 sato,
1329 1274 1360 1334 p.
1378 1263 1447 1316 eta.
1462 1257 1509 1318 Ex
1521 1263 1663 1320 conuxta

364 1373 466 1428 tamur
486 1366 584 1442 polluo
604 1363 644 1424 sd
662 1377 763 1442 regem
785 1362 969 1424 Francorum
987 1361 1036 1422 vel
1055 1361 1095 1422 ad
1113 1361 1254 1424 Francius
1271 1363 1426 1440 optimates
1444 1363 1596 1440 epistolam
1613 1363 1661 1424 dl·

364 1477 477 1533 rectem
489 1470 579 1530 tuisse
592 1465 801 1545 crederemus.)

288 1669 511 1758 Fredericns‚
531 1669 594 1740 Dei
617 1667 728 1760 gratia
747 1665 979 1738 Romanorum
1002 1665 1186 1759 imperator
1208 1687 1342 1761 semper
1365 1675 1552 1762 augustus,
1575 1669 1658 1743 Hie·

238 1791 395 1863 rusalem
416 1797 449 1860 et
471 1787 588 1860 Sicilie
609 1808 692 1876 rex,
720 1784 869 1858 Henriou
894 1784 1017 1855 illustri
1043 1785 1116 1877 regi
1138 1783 1262 1879 Anglie
1288 1786 1415 1858 dilecto
1440 1788 1571 1860 sororio
1596 1811 1661 1862 suo

238 1914 390 1987 alutem
406 1923 441 1984 et
459 1912 593 1984 sineere
609 1908 805 1982 dilectionis
822 1908 994 1980 allectum.
1009 1907 1232 1981 Communem
1250 1930 1366 1980 casum
1381 1919 1417 1982 et
1432 1911 1661 1985 miserabilem

238 2036 502 2109 christianitatis
523 2043 688 2108 eventum
714 2033 751 2104 in
776 2032 874 2106 clade
897 2032 1127 2125 quorumdam
1150 2033 1319 2105 nobilium
1345 2035 1661 2128 crucesignatorum

237 2161 417 2233 exercitus
431 2179 545 2254 nuper
568 2158 800 2251 collapsurum
823 2156 858 2226 in
884 2155 1040 2249 partibus
1062 2155 1298 2227 transmarinis
1311 2153 1364 2252 (l)
1381 2157 1555 2251 inopinata
1578 2181 1662 2232 mo-

238 2283 377 2356 bilitate
394 2284 557 2374 latorum,
571 2289 668 2354 tanto
682 2279 841 2353 affectius
855 2279 976 2351 intimo
992 2277 1110 2351 dolore
1127 2277 1296 2352 deflemus
1306 2289 1341 2352 et
1357 2280 1478 2353 menta
1496 2281 1662 2358 lamenta·

238 2407 336 2479 tione
363 2405 617 2501 prosequimur,
644 2411 775 2498 quanto
801 2400 847 2474 de
867 2401 1018 2496 ipsorum
1044 2400 1207 2494 periculis
1228 2409 1309 2473 anto
1332 2403 1513 2475 transitum
1543 2405 1662 2478 lormi-

240 2529 368 2604 dantes
388 2529 542 2622 quadam
565 2529 696 2634 luimus
721 2525 946 2600 meditatione
961 2524 1116 2618 presagi,
1133 2534 1167 2595 et
1188 2544 1247 2619 per
1270 2546 1383 2598 rerum
1403 2547 1446 2599 ac
1468 2536 1661 2622 temporum

240 2653 479 2745 conjecturas,
499 2652 635 2745 integro
650 2649 768 2723 adhuc
786 2669 905 2720 eornm
925 2656 1014 2719 statu
1034 2645 1199 2737 durante,
1217 2658 1412 2742 presentem
1431 2671 1550 2722 casum
1564 2654 1661 2726 anxii

239 2777 464 2848 verebamur.
485 2774 555 2848 Sed
578 2795 643 2846 nec
660 2773 882 2846 serenitatem
908 2771 1037 2864 regiam
1063 2771 1237 2844 credimus
1260 2773 1402 2846 latuisse
1426 2775 1574 2868 qualiter
1598 2798 1662 2850 nos

239 2899 412 2972 versutias
431 2900 680 2972 Saracenorum
699 2897 736 2968 in
760 2895 917 2990 partibus
935 2895 1019 2989 ipsis
1041 2905 1217 2990 presentes
1233 2897 1386 2990 experti,
1413 2899 1567 2971 uolentes
1583 2901 1661 2973 sol-

240 3021 334 3093 licita
353 3021 573 3117 providentia
596 3018 721 3093 laturis
739 3039 919 3092 occurrere
936 3039 980 3090 ne
1000 3039 1115 3090 rerum
1133 3018 1249 3090 insciis
1267 3028 1302 3091 et
1321 3027 1442 3093 votum
1463 3044 1566 3094 sunm
1585 3025 1661 3097 sine

241 3141 494 3217 deliberatione
523 3141 752 3238 sequentibus
780 3141 960 3214 sinistrum
989 3141 1121 3235 aliquid
1150 3143 1288 3214 fortuna
1320 3153 1471 3238 pararet,
1498 3167 1561 3240 per
1586 3149 1661 3222 lre-

241 3275 389 3360 quentes
420 3267 548 3340 litteras
580 3274 715 3340 nostras
743 3275 779 3339 et
806 3265 976 3338 solemnes
1005 3265 1152 3338 nuncius
1183 3275 1316 3339 nostros
1343 3268 1660 3364 crucesignatorum

242 3389 398 3461 omnium
417 3390 549 3485 primos
564 3411 607 3463 ac
621 3389 750 3463 deinde
766 3388 1021 3461 universitatem
1039 3409 1160 3460 eorum
1178 3389 1321 3462 lecimus
1338 3391 1512 3465 exhortari
1532 3403 1571 3466 ut
1588 3397 1661 3470 dit-

246 3511 374 3584 lerrent
397 3523 535 3609 tempus
552 3512 599 3586 ad
621 3512 822 3603 transitum,
840 3513 941 3604 cujus
957 3521 1057 3584 nacta
1075 3511 1318 3586 commoditate
1338 3516 1397 3586 vel
1412 3537 1476 3589 nus
1492 3517 1558 3612 ipsi
1576 3541 1661 3616 per-

246 3636 411 3708 sonaliter
438 3637 476 3707 in
501 3637 699 3710 comitatum
731 3643 766 3708 et
791 3634 957 3708 ducatum
980 3635 1240 3728 accingeremur
1261 3636 1435 3731 ipsorum,
1466 3642 1523 3712 vel
1551 3641 1660 3715 filium

247 3767 403 3831 nocuum
424 3781 504 3831 cnm
527 3761 577 3832 eis
596 3755 875 3857 expedire[mus]
900 3759 1091 3831 accinctum
1116 3757 1285 3854 presidio,
1306 3781 1413 3854 quam
1437 3763 1585 3856 primum
1607 3789 1662 3840 ar·

245 3879 355 3954 duum
373 3881 509 3978 imperii
531 3885 708 3976 negotium
730 3881 831 3976 quod
849 3882 886 3954 in
911 3881 1007 3955 ltalia
1030 3903 1095 3954 nos
1113 3881 1259 3978 urgebat
1278 3884 1496 3978 aliquatenus
1521 3887 1662 3963 sedare·

244 4027 333 4078 mus.
349 4006 421 4078 Nec
434 4006 528 4077 enim
545 4007 622 4078 aliis
637 4005 820 4080 commode
836 4013 1033 4101 poteramus
1049 4005 1142 4078 cums
1160 4006 1305 4096 involvi,
1317 4008 1385 4080 nisi
1404 4012 1552 4100 negotiis
1564 4013 1661 4107 prius

244 4128 492 4224 expediremor
510 4130 713 4225 assumptis,
733 4139 773 4201 ut
795 4131 959 4202 alterutro
983 4129 1081 4201 liberi
1103 4130 1240 4201 facilius
1258 4132 1403 4203 alterum
1424 4143 1656 4208 tractaremus.

244 4249 286 4323 llt
305 4273 508 4347 quanquam
530 4253 761 4344 crucesignati
780 4273 900 4326 omnes
921 4261 956 4325 et
974 4252 1100 4346 singuli
1124 4253 1322 4328 salubribus
1338 4256 1477 4330 monitis
1497 4266 1532 4331 et
1546 4259 1659 4332 consi-

249 4433 1656 4472 -ᾖ--Ἣ

281 4537 318 4608 (t)
335 4535 473 4596 Alleditar
487 4539 558 4598 cladi
581 4556 664 4614 quam
682 4541 795 4600 comites
808 4541 882 4598 Buri
901 4547 929 4599 et
942 4541 1117 4600 llootislortis
1133 4544 1286 4618 caeterique
1300 4547 1477 4620 crucesignati
1491 4565 1561 4608 anno
1577 4567 1660 4625 prae-

246 4631 357 4691 cedente
373 4633 418 4690 die
438 4639 476 4692 ts
499 4637 653 4696 novembris
674 4637 745 4695 inter
763 4637 865 4696 Gazam
886 4645 915 4695 et
933 4637 1093 4696 Ammonem
1115 4647 1285 4714 acceperant.
1306 4642 1346 4700 Gt.
1364 4644 1514 4718 Nauaron,
1535 4648 1574 4706 lle
1589 4657 1659 4722 geel.

245 4729 277 4787 S.
288 4731 394 4790 Ludos.
411 4747 480 4807 reg,
496 4734 530 4792 ud
543 4750 607 4793 ana.
621 4739 705 4806 ⁴2³ae
720 4737 810 4794 ldsrr.
826 4737 930 4806 Pasas,
946 4737 1020 4794 lls'st.
1036 4736 1103 4810 maj.
1117 4738 1209 4811 Acyl,
1226 4755 1253 4811 p.
1271 4742 1332 4796 358.
