4524 6012
287 719 463 796 irmrur.13.]
729 715 925 776 HISTORIA
951 713 1245 778 nlrnonnrrcs.
1631 715 1691 776 6¹15

288 855 491 950 presentiam
520 851 750 940 destinamus,
777 851 933 925 fidelitati
958 860 1017 923 tus
1041 847 1260 946 precipiendo
1288 847 1494 922 mandamns
1519 859 1691 943 quatenns

287 977 395 1050 eidem
408 976 557 1050 Iohanni
572 997 637 1072 pro
651 997 701 1062 se,
720 975 860 1048 duobus
875 973 1030 1048 scuteriis
1041 983 1076 1045 et
1090 973 1199 1044 tribus
1210 972 1310 1067 cquis
1324 994 1345 1044 a
1359 971 1516 1044 kalendis
1529 972 1691 1045 februarii

288 1101 396 1196 primo
418 1100 558 1172 venturi
580 1108 813 1196 competentes
839 1119 1009 1194 expensas
1027 1118 1210 1192 quousque
1236 1096 1281 1169 ad
1308 1106 1457 1169 nostram
1484 1097 1691 1191 presentiam

289 1247 363 1296 cum
378 1224 523 1298 canibus
541 1225 676 1297 venerit
691 1224 818 1298 debeas
841 1224 1036 1318 assignare;
1056 1221 1298 1294 nichilominus
1322 1220 1424 1292 etiam
1443 1219 1504 1293 des
1521 1243 1693 1316 expensas

289 1357 515 1443 competentes
532 1359 566 1421 et
578 1349 792 1421 necessarias
804 1369 867 1443 pro
881 1347 1026 1438 singuiis
1038 1355 1186 1440 quatuor
1202 1345 1346 1417 canibus
1358 1343 1418 1416 nni
1432 1345 1567 1417 custodi
1580 1367 1643 1440 pro
1655 1367 1694 1418 se

288 1471 421 1566 stipsis
443 1472 589 1544 canibus
611 1471 674 1566 qni
696 1491 775 1542 cum
799 1470 954 1566 predicto
967 1469 1124 1542 Johanne
1145 1467 1193 1540 ad
1216 1476 1365 1540 nostram
1385 1467 1593 1562 presentiam
1614 1475 1694 1538 sunt

289 1596 436 1666 venturi.
455 1594 662 1667 Mandamns
682 1595 823 1690 insuper
839 1602 1011 1688 quatenns
1026 1592 1190 1665 omnibus
1211 1591 1271 1684 qni
1297 1612 1400 1685 super
1414 1589 1573 1663 custodia
1592 1591 1694 1663 salco-

290 1741 388 1809 nnm,
405 1739 530 1790 canum
545 1729 579 1792 et
589 1720 735 1792 aliorum
750 1718 949 1792 solatiorum
964 1727 1157 1790 nostrorum
1173 1725 1253 1788 sunt
1266 1715 1422 1811 deputati
1436 1725 1470 1788 et
1482 1715 1574 1810 ipsos
1590 1714 1693 1788 ratco-

289 1861 347 1913 nes
364 1841 496 1914 habere
514 1850 549 1914 ot
562 1843 735 1916 custodire
751 1842 814 1914 tibi
833 1840 1038 1932 constiterit,
1060 1861 1231 1934 expensas
1249 1847 1350 1934 prout
1365 1838 1530 1910 hactenns
1545 1837 1693 1910 Thoma-

289 1965 359 2036 sius
386 1964 432 2036 de
458 1964 654 2038 Brundusio
681 1967 732 2038 eis
756 1965 841 2038 dure
872 1963 1069 2054 consuevit,
1101 1963 1206 2036 iacias
1230 1963 1387 2034 exhiberi
1413 1964 1516 2054 juxta
1542 1963 1694 2056 priorum

289 2101 482 2166 nostrarum
494 2092 737 2164 continentiam
756 2092 963 2164 licterarum.

335 2217 459 2289 Datum
476 2215 602 2302 Aretii,
621 2216 699 2288 Xiii
712 2215 881 2308 jannarii,
899 2215 978 2286 Xili
996 2213 1204 2286 indictionis.

335 2340 418 2411 item
439 2338 562 2412 eodem
580 2339 639 2412 die
662 2339 827 2433 scriptum
843 2348 896 2410 est
912 2337 1085 2409 univorsis
1101 2335 1306 2410 custodibus
1324 2359 1448 2409 canum
1464 2339 1575 2427 curie,
1595 2349 1634 2410 ut
1649 2339 1696 2412 ad

288 2461 546 2555 requisitionem
563 2463 706 2534 Ioannis
728 2462 773 2535 de
788 2463 919 2534 Ferrui.
942 2461 1117 2554 assignent
1135 2461 1166 2532 ei
1187 2482 1426 2555 quoscumque
1450 2483 1553 2536 canes
1578 2463 1623 2536 ab
1645 2465 1697 2537 eis

290 2584 429 2658 duxerit
449 2585 674 2680 requirendos
693 2587 738 2660 ad
755 2583 961 2680 presentiam
978 2584 1109 2656 domini
1128 2584 1323 2669 duceudos,
1342 2595 1377 2658 st
1395 2607 1498 2660 canes
1516 2608 1604 2681 quos
1622 2588 1698 2682 ipse

290 2708 354 2780 iliis
369 2710 616 2801 assignaverit,
636 2709 683 2781 ad
700 2708 891 2782 custodiam
909 2709 1086 2803 recipiant.

500 3017 1497 3032 mmmmm—not*

344 3285 566 3370 Mandatum
585 3290 634 3371 ad
662 3299 848 3372 secretum
864 3289 1059 3374 Messanae
1085 3299 1128 3374 ut
1145 3291 1209 3374 det
1235 3317 1418 3402 expensas
1435 3291 1625 3376 Gualterio
1652 3294 1701 3376 de
1726 3304 1921 3413 *pppgpgqm

291 3415 443 3501 Fisanlo
467 3445 537 3529 pro
559 3446 599 3502 se
623 3430 661 3503 et
685 3447 755 3530 pro
772 3448 935 3531 persons
953 3449 1071 3533 quam
1095 3424 1144 3506 de
1167 3425 1339 3534 pertibus
1362 3424 1626 3508 transmarinis
1652 3424 1700 3508 ad

291 3550 545 3655 praesentiam
562 3551 742 3662 principis
759 3553 876 3640 ducit.

371 3756 501 3840 (tropat.
516 3760 617 3840 impos.
632 3758 751 3822 Frcdcr.
766 3762 807 3836 11,
822 3761 876 3824 iol.
891 3771 928 3824 54
941 3779 1041 3840 vsrso;
1055 3765 1088 3824 in
1103 3765 1174 3826 sdlt.
1190 3763 1327 3841 Curcum,
1341 3783 1373 3844 p.
1391 3767 1474 3848 uro.)

340 3941 388 4014 Dc
413 3943 570 4016 mandato
599 3945 773 4038 imperiali
795 3948 887 4038 [octo
902 3970 964 4041 per
990 3950 1161 4021 Marinum
1188 3949 1227 4020 de
1250 3952 1413 4022 Panormo
1441 3954 1573 4048 sempsit
1594 3957 1637 4026 P.
1661 3957 1701 4028 de

295 4063 440 4158 Capera:

339 4187 551 4280 Fredericus,
573 4199 657 4282 ete,
674 4202 806 4264 secreto
820 4192 997 4285 hiemans,
1014 4204 1080 4268 otc.
1099 4193 1184 4268 Cum
1201 4193 1241 4266 G.
1256 4194 1301 4267 ds
1315 4195 1451 4268 Fisaulo
1469 4197 1605 4270 fidelem
1620 4221 1699 4273 nos·

290 4315 380 4381 trum
399 4330 480 4385 cum
497 4311 558 4384 iila
576 4332 722 4406 persone
745 4314 915 4405 quamde
936 4316 1092 4410 partibus
1113 4316 1348 4388 transmarinis
1374 4339 1493 4390 secum
1515 4319 1617 4392 duxit
1639 4343 1701 4417 per

290 4429 436 4502 seruicia
450 4441 565 4505 nostra
581 4433 628 4505 ad
638 4435 845 4528 presentiam
859 4439 1045 4530 majestatis
1058 4447 1172 4510 nostre
1183 4439 1302 4512 venire
1314 4439 1530 4534 mandemus,
1544 4441 1700 4518 fidelitati

291 4559 350 4621 tua
362 4552 585 4647 precipiendo
600 4558 807 4630 mandamus
823 4569 994 4650 quatenns
1014 4559 1127 4632 eidem
1145 4559 1185 4630 G.
1208 4582 1270 4653 pro
1291 4583 1349 4652 se,
1370 4564 1527 4635 scuteriis
1549 4573 1584 4636 et
1602 4565 1701 4658 equi-

289 4673 508 4764 taturissuis,
523 4685 558 4748 et
572 4699 635 4772 pro
649 4679 707 4751 iiia
724 4701 869 4775 persona
882 4702 943 4776 pro
959 4701 1017 4772 ss,
1036 4683 1184 4755 sonterio
1201 4704 1264 4756 suo
1280 4685 1326 4757 ad
1337 4687 1594 4780 requisitionem
1608 4690 1700 4780 ejus-
1815 4710 1820 4720 ·

290 4793 371 4867 dem
391 4795 431 4868 G.
451 4799 613 4873 roncinos
633 4800 723 4875 dnos
741 4813 775 4874 et
792 4825 962 4899 expensas
979 4825 1090 4899 usque
1107 4804 1153 4877 ad
1171 4806 1376 4900 presentiam
1393 4817 1543 4882 nostram
1562 4810 1607 4884 de
1623 4831 1701 4904 pro-
