4468 6010
553 656 613 716 rra
1054 656 1267 718 rarnnarcr
1289 656 1463 718 saeuum
1779 660 1859 742 [aas.
1878 661 1964 724 raso.

551 789 638 884 quid
656 791 769 864 lacere
791 791 920 864 debeas
941 800 1096 865 nostrum
1123 792 1375 886 beneplacitum
1395 793 1594 887 postulasti,
1612 792 1821 868 mandamus
1845 797 1908 868 tibi
1930 807 1967 870 nt

551 924 622 988 mm
648 914 837 1010 predictam
862 917 1045 1010 pecuniam
1068 938 1174 1012 quam
1191 937 1327 990 omnem
1357 916 1461 990 aliam
1476 916 1573 989 cume
1598 925 1714 990 nostre
1736 941 1843 1012 quam
1860 921 1968 994 habes

547 1039 657 1132 judici
677 1037 805 1111 Iacobo
821 1040 867 1112 de
882 1041 996 1112 Sentis
1011 1049 1138 1114 statuto
1156 1041 1192 1112 in
1211 1040 1296 1142 ipsis
1313 1040 1469 1134 partibus
1486 1061 1593 1134 snper
1610 1041 1802 1136 colligenda
1819 1047 1965 1139 pecunia

551 1163 646 1236 curie
664 1171 778 1234 nostre
795 1162 924 1236 debeas
940 1165 1135 1257 assignare,
1157 1173 1357 1257 recepturus
1372 1164 1417 1236 ab
1429 1185 1471 1237 eo
1486 1163 1531 1236 de
1549 1165 1617 1261 bys
1636 1187 1706 1260 que
1724 1166 1788 1237 sibi
1806 1169 1966 1260 assigna-

550 1285 644 1356 veris
656 1284 858 1379 apodixem.

601 1409 723 1480 Datum
743 1409 901 1498 Viterbii,
921 1410 1045 1482 XXVll
1065 1409 1242 1500 februarii,
1263 1409 1341 1482 Xlll
1359 1406 1568 1482 indictionis.

748 1717 1769 1732 mam

354 2000 504 2104 a'ldllla.
599 2011 820 2096 Mandatum
844 2011 892 2094 ad
924 2019 1110 2094 secretum
1138 2009 1317 2093 Panormi
1348 2010 1453 2120 quod
1481 2033 1559 2092 non
1585 2009 1768 2119 impediat
1788 2011 1962 2093 homines

545 2145 639 2229 citra
675 2143 819 2228 llumen
854 2143 1007 2228 Salsum
1042 2151 1235 2227 morantes
1267 2169 1381 2252 super
1410 2141 1626 2226 deferendis
1660 2143 1888 2228 victualibus
1922 2155 1960 2226 ct

544 2277 660 2361 rebus
677 2302 810 2360 eorum
828 2276 877 2359 dc
893 2275 1067 2385 partibus
1085 2275 1186 2359 ultra
1202 2275 1347 2359 llumcn
1367 2274 1534 2359 Salsum.

625 2475 754 2557 (licam.
769 2478 874 2556 impar.
889 2471 1009 2538 made.
1025 2475 1065 2550 11,
1078 2475 1129 2536 lol.
1145 2484 1183 2536 aa
1200 2483 1295 2551 recto;
1310 2478 1343 2537 tn
1355 2476 1424 2575 edit.
1441 2475 1578 2549 Carnam,
1593 2492 1624 2555 p.
1637 2481 1720 2552 aaa.)

590 2651 675 2720 ltcrn
689 2650 849 2743 scripsit:

590 2771 805 2864 Fredcricus,
825 2780 907 2855 etc..
926 2781 1059 2846 secreto
1076 2770 1254 2864 Panormi,
1273 2781 1339 2846 eto.
1361 2771 1427 2844 Pro
1444 2779 1543 2866 parte
1559 2769 1740 2844 hominnm
1761 2771 1876 2844 Sicilie
1894 2772 1956 2844 ha·

541 2896 724 2970 bitantinm
747 2896 833 2968 citra
860 2895 990 2968 flumen
1017 2896 1152 2971 Salsum
1179 2904 1373 2970 nostrorum
1397 2893 1553 2969 fidelium
1578 2893 1722 2966 culmini
1749 2901 1865 2967 nostro
1894 2895 1958 2967 luit

541 3020 739 3116 expositum
758 3041 838 3094 cnm
864 3021 1005 3116 quercla
1026 3019 1123 3115 quod
1147 3041 1226 3092 cum
1248 3019 1425 3114 contingat
1442 3019 1578 3114 aliquos
1594 3037 1714 3092 eorum
1734 3018 1902 3092 seminare
1923 3029 1957 3092 ct

540 3146 669 3220 babere
687 3146 755 3219 alia
776 3146 868 3219 bona
886 3166 950 3218 sua
964 3145 1001 3217 in
1020 3145 1175 3238 partibus
1192 3143 1282 3216 ultra
1300 3143 1429 3217 flumen
1456 3143 1610 3234 Salsum,
1635 3165 1715 3215 cum
1733 3142 1897 3215 victualia
1923 3153 1957 3216 ct

540 3269 740 3364 hujusmodi
761 3291 819 3342 res
843 3289 963 3342 eorum
983 3269 1106 3342 volunt
1130 3289 1192 3362 par
1218 3277 1344 3340 terram
1363 3267 1399 3338 in
1424 3267 1546 3340 domos
1570 3287 1652 3339 snas
1678 3265 1876 3354 adducere,
1896 3285 1957 3337 eas

540 3393 677 3466 deterre
695 3393 786 3464 sicut
802 3401 960 3465 asserunt
972 3411 1042 3465 non
1058 3391 1251 3487 permictis,
1266 3401 1432 3486 tanquam
1450 3393 1480 3464 si
1495 3411 1559 3487 prc
1574 3411 1617 3464 eo
1633 3389 1729 3485 quod
1747 3399 1829 3462 sunt
1845 3389 1891 3462 de
1900 3390 1956 3482 ju·

539 3517 738 3591 risdicticnc
760 3513 874 3588 divisa
894 3525 1009 3589 essent
1026 3515 1167 3587 alterius
1188 3515 1352 3610 regionis.
1379 3515 1466 3588 Cum
1493 3515 1599 3608 igitur
1618 3513 1765 3610 predicti
1789 3512 1953 3587 mediatio

540 3641 694 3713 dominis
713 3639 913 3713 officialium
936 3640 980 3712 sit
1004 3649 1156 3728 mutum,
1183 3661 1253 3712 non
1275 3640 1452 3735 provincie
1479 3639 1681 3729 discretiva,
1709 3637 1866 3710 fidelitati
1894 3647 1953 3710 tue

540 3765 765 3862 precipiendo
788 3764 994 3837 mandamus
1008 3773 1181 3858 quatenus
1194 3764 1225 3835 si
1239 3773 1291 3836 est
1304 3764 1351 3837 ita
1371 3763 1545 3859 predictos
1561 3763 1720 3835 homines
1737 3760 1858 3834 fideles
1871 3782 1951 3833 nos·

540 3899 610 3962 tros
629 3889 809 3962 occasione
834 3887 1017 3960 dumtaxat
1039 3887 1134 3981 qnod
1161 3889 1244 3960 citra
1267 3887 1396 3959 llumen
1415 3887 1550 3958 Salsum
1566 3887 1603 3956 in
1617 3884 1859 3978 jurisdictione
1882 3905 1949 3956 non

540 4024 600 4088 tua
618 4023 808 4103 morantur,
833 4033 937 4106 snper
964 4009 1159 4085 deserendis
1180 4011 1391 4083 victualibus
1411 4021 1447 4082 et
1468 4009 1573 4082 rebus
1590 4029 1712 4082 eorum
1730 4007 1776 4082 de
1796 4008 1950 4103 partibus

535 4137 786 4230 jurisdictionis
804 4145 863 4209 tue
884 4145 1056 4229 quatenus
1080 4155 1140 4208 eos
1157 4134 1207 4206 ibi
1223 4134 1354 4207 habere
1374 4133 1559 4227 contingit,
1580 4154 1649 4206 non
1669 4131 1799 4204 debeas
1822 4133 1950 4204 moles-

538 4272 629 4353 tare;
641 4262 731 4334 sicut
743 4281 808 4332 nec
819 4258 977 4332 homines
985 4257 1235 4353 jurisdictionis
1248 4267 1307 4330 tue
1320 4259 1358 4330 in
1371 4255 1545 4332 delatione
1554 4257 1658 4330 simili
1675 4277 1790 4330 rernm
1808 4277 1948 4329 suarum

537 4405 626 4480 quas
643 4384 772 4458 habent
790 4385 826 4455 in
843 4383 1000 4478 partibus
1013 4383 1098 4457 citra
1116 4381 1245 4456 flumen
1263 4383 1398 4456 Salsum
1415 4384 1578 4456 volumus
1591 4381 1776 4454 molestari.

583 4511 710 4582 Datum
733 4506 785 4608 [ut
799 4503 930 4605 supra}

583 4633 720 4707 Similes
746 4633 884 4728 scripsit
917 4631 1086 4727 Roggcrio
1115 4631 1160 4704 de
1188 4630 1318 4704 Amicis
1340 4629 1527 4724 justitiario
1556 4628 1670 4702 Sicilie
1699 4627 1789 4700 ultra
1818 4626 1946 4700 llumen
2058 4627 2070 4654 '

533 4761 682 4835 Salsum.
