4384 6004
229 677 327 736 lunser.
347 671 407 758 ld]
674 672 873 733 HISTORIA
897 673 1192 736 clitellarius.
1237 747 1243 760 ο
1561 670 1638 732 1045

228 812 343 897 Quare
359 807 583 898 mandamus,
600 806 827 902 precipimus,
845 807 1068 880 sollicitamus
1081 817 1117 881 et
1132 808 1308 882 hortamur
1327 807 1508 879 universos
1522 815 1557 878 et
1572 806 1639 878 siu·

228 934 340 1028 gulos,
362 954 450 1028 quos
469 930 699 1026 gerendarum
714 952 799 1003 usus
816 931 1002 1004 utilitatum
1020 940 1054 1004 et
1069 933 1249 1005 commoda
1264 953 1379 1005 rerum
1395 931 1526 1024 ubique
1541 929 1638 1002 solli-

229 1057 356 1148 citant,
376 1065 548 1151 quatenus
573 1054 708 1126 statutis
726 1055 802 1128 leco
823 1064 858 1126 et
881 1063 1048 1152 tempore,
1074 1056 1140 1128 sub
1163 1065 1282 1129 nostro
1306 1067 1341 1128 et
1360 1054 1495 1150 imperii
1517 1074 1639 1125 securo

231 1179 361 1253 ducatu
388 1201 468 1252 cum
491 1179 612 1266 rebus,
639 1175 892 1270 mercimoniis,
919 1187 954 1252 et
977 1180 1096 1252 ceteris
1119 1179 1444 1274 opportunitatibus,
1463 1197 1532 1270 que
1557 1196 1640 1247 con·

230 1312 419 1377 sueverunt
436 1302 483 1375 ad
505 1301 656 1374 invicem
678 1301 724 1374 ad
747 1322 930 1374 commune
953 1303 1177 1375 commodum
1203 1303 1396 1398 procurari,
1415 1301 1580 1398 hylariter
1606 1309 1641 1373 et

231 1435 388 1522 prompte
411 1424 620 1498 conveniant
642 1447 704 1519 pro
730 1424 875 1520 prolixis
900 1425 1066 1498 nundinis
1093 1425 1311 1498 exercendis.
1332 1425 1500 1497 Presentis
1523 1424 1641 1520 scripti

231 1549 438 1621 sanctientes
453 1547 568 1620 edicto
586 1557 626 1618 ut
645 1547 808 1619 omnibus
829 1547 875 1620 ad
894 1547 1033 1620 easdem
1051 1548 1223 1622 nundinas
1243 1547 1483 1636 venientibus,
1504 1569 1642 1620 moran·

232 1670 343 1760 tibus,
364 1679 401 1744 et
419 1668 548 1744 abinde
561 1669 722 1742 redituris
740 1691 861 1742 secura
880 1671 1109 1764 tranquillitas
1126 1681 1161 1742 et
1178 1672 1362 1766 tranquilla
1379 1670 1545 1742 securitas
1564 1691 1641 1765 pre·

231 1794 373 1882 beatur,
392 1803 428 1866 et
444 1792 541 1887 quod
562 1794 598 1863 in
622 1792 776 1886 personis
800 1803 835 1866 et
861 1793 964 1865 rebus
988 1793 1146 1888 undique
1167 1802 1347 1866 serventur
1366 1793 1589 1887 indempnes,
1610 1801 1645 1864 et

232 1919 348 1990 nullus
361 1913 489 1989 audeat
504 1937 564 1988 eos
579 1915 774 2007 offendere,
790 1916 847 1988 vel
864 1917 1043 1990 occasione
1060 1917 1215 2010 qualibet
1229 1915 1374 2010 aliquod
1392 1915 1475 2010 ipsis
1494 1914 1645 2010 impedi-

231 2050 387 2114 mentum
407 2039 556 2126 iulerre‚
582 2037 693 2112 donec
716 2037 763 2110 ad
786 2047 1003 2133 pretaxatam
1029 2040 1144 2112 locum
1170 2039 1348 2122 veniatur,
1368 2049 1402 2112 et
1426 2038 1493 2108 sub
1515 2037 1646 2112 eisdem

232 2172 349 2238 nostra
365 2174 400 2236 et
416 2162 554 2258 imperii
568 2162 753 2234 securitate
765 2171 799 2233 et
813 2159 1028 2255 indulgentia
1046 2162 1229 2235 salubriter
1244 2161 1290 2236 ad
1307 2163 1445 2258 propria
1466 2171 1644 2234 revertan-

233 2298 301 2358 tur.
315 2285 459 2360 Scituris
471 2285 634 2358 omuibus
648 2283 747 2379 quod
760 2285 972 2381 quicumque
982 2287 1148 2380 presentis
1162 2287 1313 2360 mandati
1329 2285 1434 2358 nostri
1447 2287 1647 2359 temerarius

232 2411 378 2482 violator
398 2409 567 2498 extiterit,
586 2407 819 2500 indignationi
836 2420 950 2480 nostre
970 2417 1005 2481 et
1027 2409 1179 2504 imperii,
1201 2432 1243 2482 ac
1259 2411 1380 2482 ultioni
1398 2409 1515 2482 debite
1533 2411 1647 2502 subja·

233 2534 341 2620 cebit,
363 2533 431 2606 biis
445 2533 507 2628 qui
524 2554 643 2628 paoem
660 2543 694 2604 et
708 2532 989 2628 indempnitatem
1007 2533 1196 2606 servabunt
1215 2535 1462 2606 mercatoribus
1480 2545 1514 2606 et
1527 2535 1647 2606 ceteris

232 2659 389 2730 venturis
415 2656 462 2730 ad
485 2655 661 2728 nundinas
684 2665 888 2728 memoratas
915 2656 1021 2730 nostri
1047 2657 1174 2730 laveris
1196 2659 1341 2752 gratiam
1363 2657 1566 2730 obtenturis.
1591 2657 1648 2730 Ad

234 2783 334 2874 cujus
349 2781 399 2854 rei
418 2779 618 2852 memoriam
637 2801 776 2876 presens
789 2780 954 2876 scriptum
973 2777 1048 2852 lieri
1064 2790 1099 2854 et
1116 2781 1229 2874 sigillo
1245 2781 1433 2873 majestatis
1452 2790 1566 2854 nostre
1576 2783 1650 2874 jus·

235 2907 345 2980 umus
357 2904 576 2980 communiri.

280 3031 409 3102 Datum
428 3027 602 3100 incastris
623 3028 660 3098 in
683 3027 864 3101 obsidione
885 3027 1069 3116 Faventia,
1094 3049 1186 3100 anno
1211 3027 1383 3100 dominice
1402 3027 1649 3100 incarnationis

235 3153 282 3224 ll.
301 3151 366 3224 CC.
386 3151 462 3242 XL,
485 3171 602 3224 meuse
616 3151 837 3245 septembris,
854 3151 946 3223 Xllll
963 3152 1161 3239 indictione,
1178 3151 1368 3248 imperante
1379 3150 1520 3225 domino
1535 3161 1650 3224 nostro

234 3275 407 3348 Friderico
421 3276 468 3362 ll,
491 3275 553 3346 liei
573 3276 684 3368 gratia
705 3275 933 3348 invictissimo
954 3277 1186 3350 Romanorum
1206 3277 1410 3370 imperatore
1431 3298 1567 3372 semper
1586 3297 1650 3347 au-

235 3407 356 3490 gusto,
382 3397 569 3468 Jerusalem
592 3408 627 3469 et
649 3398 764 3470 Sicilie
785 3419 886 3493 rege,
912 3399 1046 3495 imperii
1067 3400 1143 3492 ejus
1164 3421 1255 3473 anno
1273 3401 1356 3492 XX,
1382 3400 1480 3495 regui
1504 3400 1651 3473 Jerusa-

236 3521 302 3594 lem
319 3520 413 3610 xvi,
432 3521 529 3613 regui
546 3543 629 3593 vero
644 3522 758 3595 Sicilie
772 3524 893 3614 XLlll,
911 3523 1067 3596 feliciter.
1084 3523 1208 3596 Amen.

289 4205 524 4317 Fridericos,
545 4209 806 4292 Romanorum
828 4211 1047 4321 imperator,
1069 4213 1118 4294 ad
1136 4212 1356 4321 petitionem
1373 4213 1522 4298 Henrici
1544 4217 1652 4300 lant·
1697 4244 1844 4342 ‚pm

239 4337 358 4446 gravii
378 4339 610 4451 Thuringiae
627 4351 665 4424 et
687 4342 845 4450 palatini
864 4343 1063 4445 Senoniae,
1085 4345 1258 4428 concedit
1279 4355 1322 4430 ut
1342 4347 1529 4431 Dietricus
1545 4349 1652 4462 Bop-
1702 4353 1837 4461 {33:335}
1899 4369 1906 4387 '

239 4471 396 4578 perdice
423 4471 616 4556 aurifaber
640 4476 818 4583 quadam
845 4475 946 4558 bona
968 4503 1068 4585 quae
1095 4475 1144 4558 ab
1174 4477 1334 4586 imperio
1363 4489 1485 4584 tenet,
1511 4483 1653 4566 scilicet

239 4601 396 4684 mercati
427 4601 641 4714 bajulatum
665 4605 768 4713 apud
797 4607 1071 4716 Boppardiam‚
1096 4634 1214 4692 unam
1243 4609 1321 4692 vini
1344 4623 1582 4696 carrucatam
1604 4616 1652 4698 de

240 4731 427 4931 impqriali
445 4734 553 4844 prelo
575 4744 613 4819 et
630 4737 761 4821 decem
778 4738 959 4823 frumenti
977 4742 1146 4850 modios,
1172 4742 1297 4826 eidem
1320 4743 1534 4856 lantgravio
1555 4772 1653 4830 ven-

349 4911 360 4933 .
379 4881 471 4930 rm
1438 4889 1494 4943 rar
