4358 5996
561 650 623 716 982
1062 659 1277 724 retentum
1301 659 1476 723 suctum
1787 655 1868 741 [hun.
1889 655 1977 718 lato.

562 785 627 858 Car
630 840 880 863 .......
900 800 935 864 et
951 792 1062 888 Ugoni
1066 847 1322 884 .......
1340 791 1468 868 Iacobo
1486 789 1843 888 Capiee,·Atthenaeio
1862 789 1978 864 Goao·

560 911 651 1003 tulo,
671 911 909 990 Bartholomeo
925 915 971 990 de
988 918 1118 1008 Thora,
1144 919 1293 993 iohanni
1318 917 1363 992 de
1382 915 1557 992 Adennllo
1573 925 1608 991 et
1623 915 1771 990 Iohanni
1788 915 1978 1009 Peregrino

559 1033 699 1108 lodusio
717 1036 780 1134 (a).
812 1093 821 1112 .
852 1096 861 1114 .
893 1025 942 1114 .’.
973 1097 1230 1116 .......
1233 1043 1370 1116 statutis
1389 1039 1924 1138 superdemaniieetrevocatie
1941 1037 1978 1109 in

558 1159 658 1266 'l'erra
682 1161 825 1236 Laboris
847 1173 881 1237 et
903 1166 1066 1240 comitatu
1089 1167 1234 1259 hlolisii;
1251 1207 1301 1221 -
1317 1167 1399 1240 item
1414 1164 1527 1259 judici
1544 1163 1647 1238 leoni
1669 1162 1716 1237 de
1736 1161 1927 1236 luvenatio
1943 1171 1978 1235 et

553 1284 665 1377 judici
679 1285 777 1359 Petro
793 1285 839 1362 de
858 1289 1011 1364 Venosio
1028 1293 1162 1364 aulatis
1183 1292 1220 1363 in
1240 1291 1439 1382 Basilioata3
1457 1289 1602 1363 —item
1615 1286 1762 1362 Iohanni
1777 1287 1921 1360 Pironto
1943 1295 1978 1360 et

555 1407 695 1482 Nicolao
715 1409 888 1505 Dragoni,
914 1415 1049 1488 statutis
1071 1415 1109 1487 in
1127 1417 1232 1490 Terra
1249 1413 1397 1506 ldronti;
1412 1454 1462 1467 -
1478 1415 1561 1488 item
1578 1411 1691 1506 jodici
1708 1411 1827 1504 hlajori
1844 1411 1895 1485 de
1915 1411 1977 1483 in·

556 1533 715 1626 venetio,
732 1535 843 1627 judici
848 1588 1265 1612 ...........
1293 1547 1329 1612 at
1341 1537 1452 1632 judici
1470 1537 1618 1611 Iohanni
1636 1536 1682 1610 do
1694 1537 1784 1608 Baro
1805 1532 1852 1608 de
1868 1532 1975 1608 Caro-

555 1653 640 1746 lilio,
657 1658 792 1730 statutis
807 1659 844 1732 in
860 1669 950 1734 terra
968 1661 1064 1754 Bari;
1079 1703 1129 1716 --
1146 1663 1228 1736 item
1240 1661 1353 1756 judici
1364 1660 1540 1735 Gnirraaio
1555 1659 1703 1734 Sinocha
1717 1658 1764 1732 de
1777 1657 1925 1754 Neapoli
1942 1667 1977 1732 et

555 1778 701 1852 Iohanni
721 1780 791 1856 filio
815 1784 961 1858 lienaldi
983 1784 1028 1860 de
1051 1785 1215 1876 Ciuitate,
1234 1785 1370 1860 statutis
1390 1785 1427 1857 in
1452 1784 1646 1881 Capitinata
1662 1792 1698 1857 et
1715 1775 1831 1856 monte
1854 1781 1974 1855 Sancti

554 1901 696 1998 Angeli,
716 1914 755 1977 ut
771 1905 1000 1983 incontinenti
1017 1909 1112 1982 omni
1130 1931 1226 1983 mora
1242 1917 1277 1984 et
1294 1908 1476 1984 occasione
1489 1907 1650 1996 remotis,
1670 1905 1716 1980 ad
1737 1907 1870 1979 coriam
1890 1925 1971 1978 noe·

554 2037 641 2100 tram
658 2029 837 2120 accedant¹
857 2031 1052 2107 deferentes
1065 2054 1184 2107 secum
1197 2053 1321 2107 omnes
1336 2033 1485 2106 rationes
1498 2031 1595 2105 curie
1609 2039 1725 2105 nosue
1738 2051 1827 2126 qnae
1839 2029 1973 2104 habent

553 2149 600 2223 de
617 2151 738 2224 officiis
756 2175 827 2246 que
843 2166 1036 2249 gesserunt.

600 2276 725 2348 Datum
740 2277 865 2373 logie,
879 2279 924 2352 Vl
938 2279 985 2376 (h)
1000 2278 1125 2372 madii,
1144 2277 1224 2352 Xlll
1241 2277 1451 2352 indictionis.

1023 2560 1032 2567 -
1073 2561 1101 2568 -ο
1109 2559 1762 2569 ...ss-m———ma--n—

406 2827 419 2860 ⁰
470 2847 483 2914 .'
602 2803 826 2892 Mandatum
843 2803 894 2886 ad
912 2803 1105 2916 Angelum
1122 2805 1330 2888 Frisarium
1346 2805 1394 2888 de
1407 2803 1559 2890 duobus
1576 2805 1779 2916 portubus,
1792 2807 1968 2920 Augusta

550 2945 589 3020 et
605 2935 776 3041 Melania,
794 2937 947 3020 statutis
965 2936 1005 3018 in
1021 2935 1285 3047 jurisdictione
1301 2936 1400 3048 ejus,
1421 2938 1603 3048 equibus
1620 2949 1773 3026 tantum
1789 2940 1969 3028 victualia

549 3069 798 3153 extrahantur
815 3077 921 3152 extm
938 3095 1116 3180 regnum.

631 3288 758 3372 (liopert.
772 3289 877 3370 imper.
892 3287 1013 3350 Fortior.
1027 3289 1072 3368 11,
1086 3288 1139 3352 lol.
1156 3297 1174 3350 8
1189 3307 1289 3371 vereo3
1303 3293 1336 3352 ln
1350 3291 1423 3354 edlt.
1439 3290 1577 3367 Cornan,
1590 3308 1623 3370 p.
1638 3290 1723 3370 rte.)
1823 3303 1827 3312 '

596 3485 775 3558 mandante
800 3485 933 3558 domirw
954 3487 1151 3580 imperatore
1168 3507 1233 3582 per
1259 3487 1457 3580 mopiatrum
1483 3486 1686 3561 Riooardcm
1705 3489 1841 3584 tenuit
1863 3491 1906 3562 ll.
1925 3487 1965 3560 dc

546 3609 710 3682 Salcmo:

596 3733 817 3826 Fredericne,
841 3741 925 3826 etc,
956 3733 1090 3828 Angelo
1112 3733 1280 3828 Frieario,
1306 3744 1374 3808 ete.
1398 3735 1527 3808 Notum
1552 3735 1698 3834 iacimus
1720 3732 1880 3808 fidelitati
1903 3746 1962 3810 tue

547 3858 643 3956 qnod
665 3860 702 3932 in
718 3857 816 3931 coria
835 3867 951 3932 nostra
969 3879 1083 3956 nuper
1102 3857 1369 3956 aetordinatom
1386 3857 1484 3956 qnod
1499 3859 1536 3932 in
1549 3858 1790 3952 jurisdictione
1810 3867 1869 3932 toa
1889 3857 1961 3933 duo

547 3991 667 4082 portua
684 3983 834 4056 debeant
855 4004 948 4076 esee,
972 3983 1009 4056 in
1033 3982 1191 4076 Angusta
1207 3981 1374 4057 videlicet
1395 3993 1429 4058 et
1451 3983 1613 4076 hlelaoio,
1633 4003 1656 4056 a
1674 3982 1804 4078 quibus
1826 3991 1960 4056 tanturn

547 4107 712 4182 victualia
728 4107 956 4182 extrahantur
970 4115 1069 4180 extra
1079 4127 1240 4201 regnum,
1254 4107 1352 4182 salva
1368 4107 1488 4202 quinta
1502 4114 1599 4202 parte
1611 4128 1719 4202 quam
1732 4116 1848 4182 noetre
1865 4107 1961 4180 onrie

546 4231 711 4330 applices.
728 4231 843 4316 Quare
861 4237 921 4303 tue
939 4229 1096 4304 fidelitati
1117 4229 1340 4328 precipiendo
1357 4229 1566 4304 mandamns
1580 4239 1753 4326 quatenns
1772 4230 1810 4302 in
1828 4231 1959 4304 eisdem

547 4355 717 4451 portubus
733 4363 863 4428 uuluae
878 4352 1000 4429 fideles
1018 4363 1054 4428 et
1068 4354 1194 4450 probos
1208 4355 1373 4450 virosqui
1381 4357 1462 4450 jora
1475 4355 1571 4428 enne
1582 4363 1699 4430 nostre
1710 4353 1846 4454 ‘ibidem
1856 4357 1958 4450 jtnxta

547 4477 643 4574 quod
656 4486 822 4552 statutum
838 4487 890 4552 eet
907 4477 1056 4554 fideliter
1067 4479 1235 4578 recipiant
1245 4479 1293 4554 ad
1304 4501 1393 4578 opus
1406 4487 1575 4572 nostrum,
1592 4489 1627 4556 et
1639 4479 1800 4556 homines
1809 4480 1960 4576 qni-vie·

588 4680 631 4762 (a)
653 4683 688 4743 In
701 4681 766 4742 ced.
782 4681 937 4760 Phllllppo.
951 4681 1076 4743 Par-irio.

588 4785 629 4868 (l)
651 4788 688 4850 ln
700 4790 842 4868 lmpresso
861 4788 894 4865 V,
909 4789 962 4851 aed
974 4789 1098 4852 semiton
1111 4791 1220 4854 omisso
1232 4793 1353 4856 onlmtlr
1367 4793 1463 4873 aigne.
