4564 6038
583 709 662 770 1164
1083 705 1297 768 FllllllllllCl
1318 707 1493 770 succum
1808 709 1888 791 [1166.
1907 711 1999 780 1241.

578 846 679 938 cujus
702 852 737 917 61
761 843 871 939 166166
896 862 977 937 pars
1000 851 1082 914 6661
1108 840 1154 913 16
1172 841 1343 914 concessis
1368 851 1404 915 et
1428 841 1660 938 percipiendis
1683 845 1908 936 proventibus
1926 868 2000 920 non

577 968 770 1062 prejudicet
793 968 850 1039 vel
872 965 1035 1056 obsistat,
1062 965 1123 1037 ubi
1149 987 1220 1038 non
1243 965 1430 1040 videantur
1448 967 1535 1040 alius
1561 969 2000 1063 1666666666166661

577 1111 620 1164 6ο
632 1091 678 1188 (1)
692 1090 741 1188 (6)
760 1090 892 1162 incerto
909 1097 1000 1161 statu
1013 1095 1163 1182 vagante
1177 1098 1248 1161 tarn
1262 1091 1514 1185 possessionem
1528 1112 1636 1186 quam
1650 1091 1891 1186 proprietatem
1906 1097 2001 1188 juste

577 1214 650 1286 suis
675 1213 799 1286 usibus
823 1211 1048 1300 vendicasse,
1076 1212 1279 1307 priusquam
1304 1235 1470 1308 processu
1496 1214 1660 1310 temporis
1685 1225 1875 1309 proventus
1903 1217 2001 1314 ipsus

577 1337 751 1412 communi
769 1336 953 1409 Cumarum
978 1336 1147 1410 duximus
1171 1337 1426 1410 concedendos.
1445 1339 1495 1410 De
1510 1335 1581 1412 1116
1598 1358 1682 1412 vero
1701 1339 1846 1411 Guazini
1860 1341 2000 1418 Busche

578 1462 695 1535 616116
711 1461 772 1555 qui
789 1460 884 1555 apud
899 1460 1041 1556 Papiam
1065 1459 1265 1533 detinentur
1284 1462 1414 1557 captivi
1437 1471 1473 1533 et
1493 1461 1584 1534 sicut
1605 1463 1770 1558 scripsisti
1790 1463 1842 1536 sic
1861 1463 1999 1538 discur-

576 1593 658 1656 runt
674 1607 736 1680 per
750 1585 924 1657 civitatem
937 1583 1062 1679 ipsam,
1080 1585 1249 1678 quianon
1267 1585 1394 1681 captivi
1407 1585 1659 1659 videnturesse
1675 1587 1752 1676 1111,
1771 1608 1853 1660 ecce
1870 1589 2000 1662 scribi·

576 1730 655 1780 mus
671 1708 807 1782 Marino
826 1705 871 1780 16
892 1707 1003 1780 111616
1024 1707 1114 1780 sacri
1137 1708 1273 1804 imperii
1290 1731 1312 1780 a
1334 1708 1442 1804 Papia
1462 1709 1623 1804 superius
1641 1709 1823 1804 capitaneo
1842 1711 1998 1803 generali

576 1831 672 1906 11611
687 1840 815 1921 nostro,
833 1842 874 1904 ut
886 1833 980 1927 ipsos
1001 1841 1104 1928 prout
1121 1832 1247 1906 bonori
1265 1841 1382 1905 nostro
1395 1832 1564 1927 expedire
1574 1831 1713 1923 viderit,
1733 1833 1769 1904 in
1789 1834 1907 1906 artiori
1922 1857 1999 1907 cur·

576 1977 656 2031 cere
671 1957 772 2029 166161
786 1955 964 2029 custodiri.
983 1958 1093 2052 Super
1108 1977 1150 2028 eo
1171 1957 1315 2051 insuper
1332 1956 1429 2052 quod
1446 1957 1621 2051 septicenti
1635 1957 1780 2028 culmini
1798 1965 1918 2030 nostro
1934 1981 1998 2054 pro

575 2079 727 2154 Peracba
745 2079 791 2154 de
812 2080 918 2152 Puteo
935 2077 1029 2152 fideli
1054 2088 1191 2172 nostro,
1214 2100 1278 2152 nos
1298 2081 1345 2152 ad
1366 2079 1626 2174 requisitionem
1643 2079 1772 2152 1161161
1790 2081 1904 2153 lratris
1921 2082 1999 2174 ejus

575 2203 686 2277 fidelis
700 2203 807 2276 nostri
823 2203 884 2296 qui
905 2223 1048 2298 presens
1065 2212 1118 2275 661
1141 2203 1178 2273 16
1196 2203 1351 2275 exercitu
1373 2211 1503 2292 nostro,
1521 2201 1760 2275 ordinabimus
1776 2201 1822 2274 de
1842 2223 1886 2275 eo
1901 2204 1999 2298 quod

573 2327 699 2402 bonori
716 2335 832 2401 nostro
851 2327 1049 2400 videbimus
1063 2327 1245 2423 expedire.
1263 2329 1313 2400 De
1328 2327 1505 2400 mittendis
1516 2327 1598 2400 illuc
1616 2325 1784 2398 militibus
1797 2348 1861 2422 pro
1880 2326 1998 2400 16166-

573 2451 670 2525 61666
686 2450 842 2526 1161166
864 2460 1059 2525 nostrorum
1084 2450 1130 2523 de
1153 2449 1272 2524 Cumis
1291 2451 1354 2523 tibi
1374 2451 1558 2524 recolimus
1575 2448 1795 2546 respondisse
1810 2450 1907 2544 quod
1928 2451 1999 2526 cito

574 2575 792 2672 disponimus
806 2596 965 2648 securum
983 2574 1207 2668 tranquillum
1229 2584 1264 2648 61
1285 2571 1467 2670 pacificum
1483 2583 1609 2647 616166
1628 2572 1784 2646 1161166
1800 2583 1997 2676 nostrorum

574 2699 620 2774 16
636 2699 752 2772 Cumis
774 2699 810 2771 in
828 2699 991 2772 omnibus
1013 2718 1201 2794 procurare
1219 2707 1254 2772 61
1276 2697 1473 2770 61661666
1502 2707 1583 2769 1666
1603 2697 1849 2769 6166666616
1869 2697 1996 2770 Cunna·

573 2845 652 2896 rum
678 2845 720 2896 ac
737 2824 842 2897 ceteri
861 2822 980 2896 116166
998 2823 1106 2896 nostri
1126 2823 1280 2918 ipsarum
1303 2821 1455 2917 partium
1476 2829 1593 2916 optata
1615 2818 1766 2893 1616661
1779 2820 1997 2912 jocunditate

572 2929 692 3040 letari,
712 2947 802 3020 scire
819 2955 854 3020 16
876 2947 1039 3020 volumus
1057 2945 1154 3040 quod
1174 2945 1267 3017 illins
1286 2944 1396 3040 gratia
1412 2944 1473 3038 qui
1495 2965 1634 3038 gressus
1659 2953 1794 3016 nostros
1818 2943 1938 3038 dirigit
1960 2953 1996 3019 et

572 3071 716 3152 felicitat
733 3079 834 3166 prout
851 3070 945 3162 vult,
966 3079 1090 3143 666616
1103 3069 1205 3142 66116
1221 3067 1416 3142 succedunt
1433 3088 1595 3164 prospera
1616 3068 1711 3141 etad
1729 3077 1850 3140 votum
1868 3089 1995 3141 conre-

571 3195 678 3268 belles
701 3203 834 3267 nostros
861 3203 897 3266 et
925 3193 1061 3288 imperii
1082 3193 1226 3266 istarum
1246 3193 1394 3286 partium
1423 3201 1540 3265 nostre
1568 3191 1712 3286 imperio
1739 3190 1994 3265 vindicavimus

502 3367 507 3384 .
572 3327 608 3392 61
633 3317 774 3390 cottidie
796 3317 1046 3412 subjugamus,
1076 3339 1143 3390 666
1171 3329 1223 3390 est
1256 3317 1316 3412 qni
1343 3325 1459 3391 nostre
1481 3317 1589 3414 possit
1611 3317 1777 3390 obsistere
1807 3317 1991 3409 majestati.

571 3443 648 3527 Que
663 3441 725 3514 tibi
739 3439 977 3535 significamus
988 3442 1034 3516 ad
1048 3440 1216 3536 gaudium
1228 3451 1263 3514 ct
1277 3451 1316 3514 ut
1331 3463 1394 3537 per
1405 3451 1439 3515 te
1451 3440 1497 3533 ad
1511 3440 1673 3514 noticiam
1689 3439 1845 3512 fidelium
1859 3449 1993 3515 nostru·

570 3587 649 3637 rum
667 3563 712 3638 de
730 3565 846 3637 Cumis
861 3575 896 3638 et
913 3567 1062 3661 partium
1079 3566 1232 3662 ipsarum
1247 3565 1451 3660 perveniant
1468 3564 1512 3638 61
1531 3563 1688 3656 letitiam,
1706 3562 1790 3656 quia
1808 3561 1854 3636 16
1868 3563 1995 3635 nostris

571 3688 729 3761 felicibus
748 3688 967 3762 successibus
989 3710 1126 3785 semper
1152 3699 1285 3785 optent.
1311 3689 1482 3776 Quocirca
1505 3687 1662 3761 fidelitati
1687 3701 1747 3758 tue
1769 3685 1994 3782 precipiendo

570 3811 779 3886 mandamus
798 3813 964 3907 quatinus
989 3813 1026 3883 in
1052 3812 1203 3887 servitiis
1229 3813 1356 3885 nostris
1374 3822 1409 3884 ct
1424 3813 1516 3884 circu
1537 3831 1580 3884 66
1599 3810 1716 3884 66616
1742 3831 1812 3904 qne
1836 3817 1993 3882 nostrum

569 3935 759 4032 respiciunt
772 3935 993 4010 commodum
1007 3945 1041 4009 61
1055 3937 1220 4010 bon'orem
1231 3933 1379 4010 fideliter
1394 3934 1574 4009 studiosus
1588 3943 1704 4029 partes
1718 3933 1802 4004 istas
1818 3941 1854 4004 et
1871 3931 1994 4005 fidelos

569 4069 705 4134 nostros
720 4061 840 4134 lortius
855 4060 986 4133 661666
1001 4069 1035 4134 61
1050 4058 1245 4150 confirmes,
1260 4070 1300 4131 ut
1315 4057 1471 4132 studium
1485 4056 1569 4132 1161
1585 4065 1645 4130 166
1662 4056 1699 4128 16
1711 4066 1900 4151 conspectu
1911 4075 1993 4129 nos·

569 4193 623 4258 tro
640 4205 687 4257 ox
705 4205 812 4280 opera
828 4183 873 4256 de
888 4183 981 4257 bono
993 4183 1031 4254 16
1045 4183 1170 4256 661166
1182 4183 1438 4278 comprobetur.

619 4311 744 4382 Datum
763 4309 800 4378 in
814 4307 935 4379 castris
953 4329 1062 4403 prope
1078 4307 1321 4402 Columpnam‚
1341 4305 1436 4378 xxtt
1451 4303 1610 4398 augusti,
1625 4303 1718 4376 Xllll
1736 4301 1940 4377 indictione.

617 4431 693 4524 Ego
705 4430 856 4503 Rovolus
869 4429 1022 4502 notarius
1037 4428 1130 4503 11166
1145 4429 1323 4524 quondam
1337 4427 1518 4524 Brugnoli‚
1537 4436 1621 4519 616.,
1637 4429 1737 4520 jussu
1750 4425 1884 4502 domini
1899 4425 1993 4502 blas-

569 4555 656 4626 nerii
672 4553 717 4626 ds
733 4555 847 4648 Bnrgo
859 4553 1034 4649 6616616116
1050 4553 1255 4646 Cumarum,
1270 4563 1337 4627 etc.

612 4801 652 4883 (a)
674 4803 787 4864 Forsan
803 4801 976 4865 turbationis
989 4803 1038 4866 vel
1051 4819 1112 4866 vox
1124 4801 1307 4883 hujusmodl.
