4468 6010
283 659 379 721 truso.
398 655 458 741 ln]
728 651 926 744 nistoriis
949 644 1242 712 utruollarlca
1636 639 1691 700 'ttl

332 795 380 864 Dc
398 791 554 864 musmo
577 787 747 886 imperiali
767 791 857 880 [octo
875 807 938 882 per
958 783 1124 854 notorium
1148 783 1189 852 li.
1217 779 1257 850 ds
1280 773 1384 870 Sapie
1404 775 1536 870 scripsit
1554 773 1695 844 Jocabor

287 915 326 986 de
340 917 495 987 Bactra:
1566 901 1569 907 ’

332 1038 556 1126 Fredericus‚
581 1045 665 1127 etc,
693 1035 736 1108 A.
759 1033 805 1108 de
829 1031 1012 1127 Aquaviva
1032 1027 1217 1124 justitiario
1239 1035 1328 1100 tene
1350 1023 1501 1116 ldrouti‚
1525 1033 1592 1095 etc.
1611 1023 1695 1094 Cum

286 1161 434 1234 velimus
454 1161 548 1256 quod
567 1159 825 1234 Bmtbolomeus
843 1156 889 1229 de
907 1154 1020 1230 Bessis
1037 1153 1250 1248 presentium
1272 1153 1359 1223 lator
1376 1147 1489 1220 fidelis
1505 1156 1619 1220 noster
1636 1145 1697 1220 dc-

288 1287 419 1358 tensnm
438 1294 590 1358 nostram
612 1283 749 1356 Tarenti
768 1280 896 1354 debeat
916 1277 1106 1368 custodire,
1130 1275 1285 1348 fidelitati
1311 1285 1370 1348 tue
1386 1272 1590 1344 mandamus
1611 1292 1698 1364 qua·

289 1420 387 1482 tenus
403 1418 519 1482 amoto
539 1429 582 1482 co
600 1407 662 1502 qui
679 1405 790 1501 ipsam
806 1405 975 1478 hacteuus
988 1400 1189 1489 custodivit,
1212 1399 1342 1472 dictum
1360 1399 1401 1470 B.
1420 1417 1526 1491 super
1544 1393 1699 1467 custodia

289 1533 396 1629 ipsius
412 1531 555 1606 defense
573 1541 704 1602 statuas
725 1538 759 1601 at
779 1525 954 1600 custodire
976 1547 1053 1598 eam
1071 1524 1176 1596 iacias
1197 1545 1259 1618 per
1275 1521 1457 1612 eumdem,
1479 1519 1615 1614 abipso
1637 1538 1701 1612 pro

290 1666 385 1752 parte
401 1657 498 1729 curie
515 1664 632 1727 nostre
647 1651 815 1746 recipiens
830 1651 1066 1741 jurameutum
1081 1645 1178 1740 quod
1197 1668 1274 1719 enm
1290 1645 1333 1718 ad
1351 1645 1514 1717 bonorem
1536 1653 1572 1714 et
1592 1639 1702 1712 fideli·

293 1791 391 1854 tutem
409 1787 561 1852 nostram
575 1777 759 1871 diligenter
778 1773 904 1848 debent
920 1784 955 1846 et
971 1769 1117 1843 fideliter
1135 1769 1320 1842 custodire.

339 1905 462 1978 Datum
478 1900 648 1996 Fulgiuei,
667 1897 741 1970 vlll
760 1893 942 1985 februarii,
965 1893 1044 1964 lllll
1063 1891 1271 1964 indictionis.

281 2409 285 2416 ν
346 2451 567 2535 Mandatum
585 2450 636 2531 ad
653 2447 877 2557 portudmos
892 2459 1025 2558 portus
1041 2449 1221 2533 Gariliuni
1235 2450 1284 2532 de
1298 2447 1407 2558 equis
1421 2455 1527 2530 extro
1544 2474 1707 2557 regnum

302 2608 370 2666 uon
387 2584 619 2688 vendendis,
644 2583 694 2666 de
716 2583 877 2693 septimo
893 2593 1001 2694 porte
1024 2582 1135 2694 pretii
1158 2583 1377 2665 victualium
1406 2581 1641 2692 recipienda,
1660 2583 1709 2665 de

303 2713 394 2800 laeto
410 2717 528 2800 turris
544 2717 709 2800 *Sanctae
726 2716 961 2800 Anastasiac.

376 2915 505 2999 (depost.
520 2917 624 2998 imper.
639 2915 755 2978 modo.
770 2917 809 2995 11,
826 2917 877 2980 iol.
894 2926 932 2980 att
947 2923 1042 2992 rectc;
1055 2918 1086 2977 iu
1100 2916 1172 2978 edit.
1187 2915 1325 2992 Curram,
1339 2933 1370 2994 p.
1387 2916 1469 2996 tlt.)

345 3092 425 3162 item
443 3089 553 3164 lietera
569 3091 773 3186 responsales
787 3118 797 3162 :

346 3213 562 3305 Fmdericus
576 3224 660 3305 etc,
677 3215 713 3286 P.
729 3213 775 3288 de
790 3217 916 3288 Sancto
934 3213 1039 3286 Paulo
1055 3222 1091 3284 et
1108 3213 1147 3286 P.
1164 3210 1209 3285 de
1222 3212 1308 3284 Pisis
1322 3211 1374 3309 (a)
1390 3213 1579 3308 portulauis
1593 3223 1711 3309 portus

302 3335 476 3426 daritiam,
491 3349 559 3410 etc.
574 3337 727 3432 Benigne
739 3337 932 3432 recepimus
947 3337 1082 3409 licteras
1095 3357 1183 3430 quas
1195 3345 1311 3410 vestra
1326 3337 1428 3410 uobis
1446 3336 1586 3412 devotio
1604 3338 1711 3412 desti-

301 3461 410 3552 navit,
431 3471 601 3557 eteorum
618 3461 790 3534 intellecto
802 3473 920 3534 tenore
934 3461 1089 3534 studium
1108 3471 1143 3534 et
1156 3460 1422 3533 sollicitudiuem
1439 3471 1588 3534 vestrum
1604 3483 1710 3557 quam

301 3585 334 3657 in
347 3585 564 3681 exequendis
574 3585 726 3658 servitiis
742 3585 867 3658 nostris
881 3585 981 3658 vobis
994 3584 1187 3658 commissis
1203 3583 1351 3675 habetis,
1366 3585 1600 3658 favorabiliter
1615 3607 1710 3660 oom-

302 3709 517 3782 mendumus.
540 3711 652 3804 Super
667 3729 710 3782 eo
728 3716 844 3780 autem
867 3706 914 3781 de
928 3728 999 3801 qno
1020 3707 1104 3780 certi
1126 3707 1262 3780 anobis
1281 3705 1356 3778 lieri
1377 3709 1590 3802 postulastis,
1609 3709 1710 3782 vida-

302 3832 376 3906 licat
391 3833 422 3905 si
441 3831 488 3906 de
502 3832 620 3926 equis,
639 3831 804 3923 jumentis
822 3840 858 3904 et
881 3830 985 3902 mulis
1013 3829 1208 3903 vendendis
1233 3840 1330 3902 extra
1352 3851 1498 3923 reguum
1520 3831 1635 3904 Sicilie
1652 3834 1711 3924 jus

303 3975 361 4048 pro
376 3955 475 4028 curia
488 3963 604 4027 nostra
622 3954 778 4049 accipere
794 3953 967 4027 deberetis
981 3953 1072 4026 sicut
1086 3952 1132 4025 de
1148 3950 1225 4026 aliis
1242 3953 1463 4042 animalibus,
1481 3954 1531 4026 sic
1543 3954 1712 4028 duximus

303 4075 582 4172 respondendum
599 4076 683 4172 qnia
700 4099 921 4172 nequaquam
943 4077 1106 4150 volumus
1127 4086 1167 4147 ut
1180 4077 1278 4170 equi,
1298 4076 1454 4170 jumenta
1475 4088 1510 4150 et
1525 4079 1610 4150 muli
1626 4101 1710 4152 ven-

304 4197 427 4272 dantur
442 4209 543 4274 extra
555 4221 716 4294 regnum,
731 4199 796 4273 eed
810 4199 856 4274 da
871 4201 940 4273 illis
953 4199 1160 4272 animalibus
1173 4199 1350 4295 accipiatis
1360 4203 1418 4292 jus
1433 4201 1625 4296 predictum
1643 4225 1712 4298 que

305 4322 473 4418 inprimis
491 4323 618 4398 lictoris
632 4324 756 4397 nostris
771 4324 873 4398 vobis
886 4323 1095 4397 transmissis
1108 4322 1245 4418 plenius
1261 4321 1535 4416 distinguuntur.
1556 4327 1605 4398 De
1623 4329 1712 4399 facto

306 4467 385 4520 vero
400 4447 605 4520 victualium
625 4447 677 4520 sic
696 4447 903 4521 mandamus
922 4457 961 4518 ut
984 4447 1020 4518 iu
1046 4455 1146 4540 portu
1171 4467 1241 4520 uon
1264 4446 1314 4520 ‘da
1334 4447 1561 4540 victualibus,
1587 4451 1651 4524 sed
1668 4451 1713 4522 de

307 4571 412 4663 pretio
430 4573 506 4664 ejus
521 4570 668 4668 (eorum)
683 4593 794 4666 usque
811 4571 857 4646 ad
871 4570 966 4644 aliud
982 4569 1184 4644 mandatum
1203 4582 1362 4646 nostrum
1382 4573 1561 4668 septimam
1581 4587 1712 4670 partem

346 4749 387 4828 (a)
407 4749 529 4811 Rectius
541 4745 577 4812 dr
590 4749 672 4812 Poris
689 4751 738 4813 vel
753 4748 855 4830 Pedi}
874 4749 914 4812 ei.
930 4765 1029 4829 supra,
1047 4765 1078 4826 p.
1095 4758 1165 4812 418.

382 4857 421 4918 V.
442 4871 530 4916 rma
1519 4866 1557 4920 at

1765 2453 1879 2504 Fulalnsl.

1753 2508 1768 2550 ⁸
1778 2507 1889 2550 lebruarll.
