4648 6056
816 733 944 794 INDEX
968 733 1317 796 DOCUMENTORUM.
1693 739 1771 802 iasa

372 936 484 1013 1258

356 1041 487 1123 ῖκῖιιῑ.
577 1058 664 1137 spur
741 1060 849 1121 -au
869 1061 1110 1140 suppressionem
1127 1059 1269 1140 sepum
1288 1062 1326 1123 ee
1342 1062 1465 1137 virere,
1480 1064 1630 1141 queem
1644 1067 1768 1142 privile-

525 1154 710 1217 Cremonam.
781 1159 862 1236 glum
880 1157 917 1219 de
933 1157 1066 1235 pedagiis
1083 1159 1163 1234 apud
1180 1158 1352 1236 ambroney
1369 1165 1398 1219 et
1414 1161 1550 1220 Trevoux
1569 1167 1600 1222 at
1617 1161 1655 1222 de
1674 1162 1771 1224 leudis

780 1254 877 1331 Varey
898 1259 929 1314 et
949 1253 1050 1314 Sancti
1068 1253 1203 1317 nnuma
1223 1253 1387 1314 llumberto
1408 1255 1625 1331 praedecessori
1646 1260 1711 1334 ejus
1730 1257 1769 1319 ab

781 1349 909 1411 ilenrico
921 1351 1123 1412 Romanorum
1141 1365 1208 1429 rege
1225 1355 1309 1428 patra
1325 1366 1379 1410 suo
1397 1358 1721 1426 muneremunere
1739 1358 1770 1412 et

782 1445 947 1508 confirmat.
1711 1456 1767 1508 246

363 1537 486 1599 octobri.
529 1539 699 1601 Cremonae.
741 1573 782 1586 -
801 1540 850 1603 Ad
868 1543 1111 1619 supplicationem
1137 1543 1249 1602 civium
1272 1541 1449 1620 Aptansium
1470 1539 1602 1603 bdelium
1627 1559 1767 1618 suorum,

780 1637 911 1712 ipsorum
924 1639 1086 1711 civilatem,
1100 1640 1298 1716 possessiones
1311 1644 1341 1697 ct
1349 1640 1420 1715 jura
1434 1637 1490 1698 sub
1502 1653 1557 1698 sua
1569 1640 1686 1715 speciali
1699 1657 1768 1717 pro·

781 1733 907 1794 tectione
919 1735 1038 1811 recipit,
1053 1749 1212 1810 eorumque
1224 1732 1318 1794 bonos
1331 1749 1404 1794 usus
1417 1739 1446 1794 ol
1458 1733 1684 1794 consuetudines
1696 1750 1768 1796 con·

782 1825 891 1889 firmat.
1616 1869 1619 1874 -
1710 1839 1768 1892 248

374 1929 472 1984 onor.
528 1921 699 1983 Gmmonae.
743 1955 782 1967 -
802 1923 1116 2000 Landolpboepiscopo
1124 1925 1335 1985 wormatiensi
1343 1939 1446 1984 curam
1455 1925 1612 1984 committit
1620 1928 1768 1988 statuendi

781 2019 904 2096 nugulis
916 2020 1002 2079 aunis
1015 2024 1143 2095 quatrmr
1156 2018 1194 2078 de
1206 2018 1445 2080 ministerialibus
1457 2018 1596 2080 eeclesiae
1609 2027 1638 2080 et
1650 2027 1717 2081 octo
1731 2022 1768 2082 de

781 2117 1001 2192 circumspectis
1020 2115 1135 2176 civibus
1148 2118 1199 2193 qui
1214 2131 1282 2177 cum
1305 2118 1369 2192 ipso
1387 2132 1440 2177 seu
1460 2116 1518 2176 aiio
1537 2119 1585 2177 cul
1604 2119 1685 2180 vices
1706 2122 1769 2198 ipse

781 2211 975 2289 commiserit,
992 2213 1094 2272 omnia
1111 2216 1242 2272 statuant
1258 2211 1297 2272 ad
1314 2211 1455 2272 bonorem
1469 2211 1615 2272 Ecclesiae
1634 2218 1665 2274 et
1684 2220 1768 2276 uan-

781 2307 1046 2384 quillumeivitatis
1058 2313 1179 2367 datum.
1636 2316 1768 2372 266-252

386 2418 456 2464 nov.
532 2403 701 2465 Cremonae.
742 2431 781 2445 -
801 2399 849 2460 Ad
862 2400 1106 2476 supplicationem
1126 2401 1254 2476 episcopi
1268 2400 1510 2474 wormatiensis,
1524 2403 1614 2477 Juxta
1627 2401 1718 2462 latam
1737 2405 1769 2462 ln

780 2499 863 2557 curia
876 2512 930 2556 sua
939 2497 1114 2556 mutandam
1124 2497 1290 2572 principum
1300 2495 1445 2573 quidquid
1456 2497 1492 2558 de
1502 2497 1634 2569 teloneo,
1649 2503 1769 2558 moneta

780 2591 1768 2668 atsacularijudlclonecuouetconslmilibuseWormaiicusieecle·

781 2689 826 2748 sie
841 2689 903 2748 sine
915 2703 968 2748 suo
981 2703 1102 2748 amaneu
1116 2687 1275 2747 alienatum
1289 2687 1336 2746 sci
1349 2687 1532 2748 subtractum
1542 2689 1656 2759 extitit,
1667 2689 1707 2749 ad
1716 2693 1768 2766 Jus

781 2788 811 2842 et
825 2784 1037 2858 possessionem
1048 2783 1273 2843 wormatiensis
1286 2783 1425 2843 aecladae
1437 2787 1564 2844 revocat
1637 2792 1767 2846 259-266

387 2897 458 2944 nov.
532 2886 702 2948 Cremonae.
740 2911 781 2926 -
800 2879 930 2957 Aymaro
948 2879 985 2938 de
998 2877 1117 2939 Grosiee
1129 2877 1248 2938 domiuo
1269 2877 1306 2938 de
1327 2879 1477 2938 Bresaiaco
1499 2875 1655 2955 (Brassica)
1678 2884 1709 2938 ct
1730 2879 1769 2939 de

780 2978 881 3038 Monte
894 2974 1005 3036 Reueill
1021 2975 1224 3034 auctoritatam
1243 2973 1393 3051 quondam
1412 2973 1684 3051 praedecessoribus
1704 2976 1768 3051 ejus

780 3071 926 3133 indultam
940 3071 1037 3130 denuo
1051 3069 1196 3146 coneedit,
1207 3069 1386 3146 suscipiendi
1397 3070 1509 3130 saluar
1521 3075 1552 3130 ci
1563 3069 1700 3147 erigendi
1714 3086 1768 3147 pe-

782 3168 1037 3245 duglumintcrra
1049 3171 1079 3225 et
1091 3165 1298 3225 mandamento
1310 3165 1347 3224 de
1359 3166 1520 3226 BressIaco.
1691 3173 1768 3226 1222

388 3279 460 3325 nov.
575 3271 664 3349 Apud
744 3293 783 3308 -
802 3261 994 3338 Priuliegium
1020 3259 1159 3320 Frlderici
1180 3261 1230 3319 aul
1253 3260 1300 3319 sul
1322 3267 1359 3318 26
1385 3257 1536 3319 novembr.
1562 3267 1637 3318 1157
1665 3257 1769 3320 datum

529 3368 714 3432 emonam,
782 3355 970 3429 confirmans,
985 3354 1119 3415 concedit
1132 3354 1288 3414 Guillelmo
1300 3353 1501 3415 valentinensi
1513 3353 1606 3414 electo
1620 3355 1769 3415 alelmum

782 3453 969 3513 Valentinum
982 3452 1148 3528 multasque
1157 3452 1354 3528 pomesslones
1363 3467 1439 3527 quae
1449 3449 1558 3510 ibidem
1569 3456 1769 3524 recensentur,

782 3563 899 3608 necnon
917 3553 948 3607 ct
963 3550 1014 3625 Jus
1032 3546 1169 3608 audiendi
1186 3561 1290 3606 causas
1308 3546 1410 3606 civiles
1433 3550 1464 3604 et
1479 3545 1658 3618 criminales,
1679 3545 1770 3606 male-

783 3640 1410 3718 lactorespunlcndi,acclpiendldcnarios,
1425 3645 1482 3700 etc.
1712 3647 1766 3700 262

366 3751 405 3804 26
413 3759 484 3805 nov.
553 3738 688 3799 Parmae.
743 3768 784 3784 -
802 3737 978 3798 Hominibus
1003 3738 1084 3798 Kerii
1106 3753 1182 3814 quos
1203 3737 1242 3797 ab
1261 3735 1399 3796 omnibus
1416 3736 1512 3811 pactis
1532 3739 1562 3793 et
1581 3737 1771 3796 sacramentis

783 3849 925 3911 personae
938 3849 991 3894 seu
1009 3835 1141 3894 societati
1154 3832 1275 3893 cullibet
1287 3833 1434 3909 praestitis
1447 3829 1588 3902 absolvit,
1602 3830 1725 3890 mandat
1737 3837 1772 3891 ut

783 3929 889 3990 amodo
907 3929 945 3989 de
962 3928 1119 4006 praedictis
1139 3929 1213 3989 uulil
1231 3928 1386 4006 providere
1407 3927 1455 3986 vel
1475 3925 1650 4002 respondere
1669 3931 1772 3986 curent

782 4026 1228 4102 ulsidasuallccutiaspaciell.
1712 4031 1771 4084 266

388 4141 461 4188 nov.
510 4120 568 4199 rip.
580 4123 726 4184 Parmam.
744 4153 782 4168 -
803 4121 963 4182 Thomaslo
981 4121 1018 4181 de
1038 4122 1173 4182 Baccano
1191 4121 1270 4181 bona
1288 4121 1439 4197 quondam
1459 4117 1623 4180 Alexandri
1641 4117 1772 4179 Randldl

783 4219 993 4296 consanguinei
1002 4220 1065 4294 ejus
1074 4219 1130 4278 sita
1141 4219 1172 4277 ln
1186 4224 1264 4278 tarra
1272 4217 1429 4290 Baunensi,
1442 4216 1481 4277 ad
1493 4231 1561 4277 eum
1569 4218 1638 4293 lure
1651 4221 1773 4292 paterno

783 4315 975 4391 pertinentia,
990 4313 1132 4374 coneedit.
1713 4319 1771 4371 266

366 4419 401 4471 21
419 4411 485 4474 dec.
534 4411 704 4475 Cremonae.
743 4441 784 4458 ·-
803 4411 953 4471 Ezellnum
962 4411 998 4471 dc
1007 4411 1141 4471 Romano
1151 4409 1188 4470 de
1199 4409 1341 4471 ildeiltata
1350 4409 1774 4486 commendans,elrespoudat

783 4524 815 4570 aa
828 4509 927 4568 mirari
941 4508 1022 4584 quod
1040 4509 1102 4569 Auo
1121 4505 1251 4567 marchio
1265 4507 1395 4568 Fstcnsis
1408 4524 1427 4567 a
1440 4506 1499 4566 ilde
1511 4511 1635 4584 paterna
1651 4521 1721 4584 erga
1740 4522 1774 4566 so

671 4596 676 4604 ’
783 4603 922 4665 deiecerit
935 4606 1012 4665 sicut
1023 4611 1053 4664 et
1066 4604 1179 4664 nobiles
1191 4603 1339 4664 Marabius
1351 4602 1539 4676 Tarvisinaa,
1554 4603 1732 4678 nuntiatque
1743 4618 1775 4662 se

783 4701 861 4760 circa
882 4699 960 4760 diem
978 4699 1183 4761 conversionis
1204 4699 1284 4760 beati
1303 4699 1389 4760 Pauli
1408 4699 1442 4759 in
1463 4697 1596 4760 Marcbia
1619 4713 1673 4774 pro
1694 4701 1775 4757 carto

784 4795 962 4858 allaturum.
1716 4799 1774 4851 266
1809 4859 1812 4866 ,
