4358 5996
229 659 327 717 lrnrcr.
347 654 407 738 111]
681 655 875 716 HISTORIA
901 656 1193 718 lilPLOldlll'lCll.
1582 651 1643 714 1189

229 793 307 864 litor
322 793 360 863 in
373 791 579 864 Alamannia
596 801 819 864 succrescunt
836 793 972 887 planius
989 802 1101 864 vestra
1117 799 1273 888 paterent
1288 787 1561 880 magnificantia,
1583 807 1644 882 per

230 916 382 1011 amplius
395 925 594 988 consuetam
608 923 721 987 vestra
734 914 947 1010 paternitatis
964 915 1125 1010 pietatem
1142 913 1188 987 ad
1205 915 1330 986 borum
1347 920 1525 984 moverant
1539 931 1645 982 cura·
1763 929 1768 937 ·

232 1038 375 1112 donam.
388 1037 474 1111 Cum
485 1048 601 1112 autem
612 1059 659 1111 ex
668 1036 920 1132 discordiaque
931 1039 1090 1112 intervos
1101 1048 1137 1111 at
1146 1036 1324 1111 dominnm
1338 1036 1578 1131 imperatorem
1593 1043 1646 1106 est

234 1162 371 1253 oborta,
388 1161 470 1234 talia
484 1162 655 1257 pnllnlara
671 1161 856 1235 uideantur
873 1171 908 1234 et
925 1163 1095 1258 principes
1113 1159 1315 1233 Alamannia
1335 1159 1380 1233 da
1396 1167 1509 1232 vestra
1526 1157 1645 1231 oonlisi

234 1286 417 1359 clementia
440 1306 503 1381 pro
524 1283 696 1359 discordia
717 1285 793 1380 ipsa
819 1285 987 1381 sopienda
1010 1287 1148 1358 tratrem
1170 1285 1208 1358 C.
1231 1285 1267 1354 in
1290 1282 1493 1377 magistrum
1520 1279 1647 1353 domna

233 1409 417 1505 hospitalis
434 1410 557 1482 Sancta
575 1409 681 1482 llario
694 1408 984 1482 'theutonicorum
1004 1409 1152 1482 electum
1168 1407 1215 1480 ad
1234 1415 1381 1480 vestram
1403 1403 1648 1478 transmiserint

235 1532 467 1628 presentiam,
493 1532 693 1606 estimantes
718 1553 798 1604 aum
825 1531 933 1604 filium
958 1532 1059 1606 vohis
1083 1532 1119 1604 in
1148 1532 1281 1603 Christo
1305 1531 1488 1624 specialem
1515 1535 1549 1600 et
1576 1538 1648 1599 tam

236 1677 363 1750 genera
374 1677 479 1750 qnam
495 1655 661 1750 religione
675 1665 710 1730 at
724 1677 860 1728 morum
873 1654 1050 1728 honestate
1064 1655 1280 1742 deooratom‚
1298 1653 1454 1748 supplico
1471 1673 1550 1724 cum
1564 1652 1650 1746 ipsis

237 1780 418 1852 clementia
447 1789 563 1852 rastra
589 1780 754 1874 quatinus
780 1779 895 1874 ipsum
918 1779 1066 1870 gratiosa
1093 1801 1198 1874 snper
1220 1777 1371 1870 generali
1395 1777 1592 1872 principum
1616 1784 1651 1848 at

237 1903 344 1974 totins
366 1902 543 1974 Alemanie
565 1903 730 1996 petitione
752 1902 923 1992 audiatis,
952 1913 987 1974 ct
1010 1901 1273 1974 misericorditer
1295 1901 1503 1973 discordiam
1528 1919 1651 1995 supra-

239 2025 369 2098 dictam
387 2025 490 2120 sopiri
511 2026 649 2116 sinatis,
675 2026 876 2120 petitionem
894 2027 995 2098 vobis
1013 2026 1246 2098 transmissam
1268 2035 1302 2097 at
1320 2025 1476 2097 omnium
1498 2023 1652 2095 fidelium

238 2149 366 2222 Christi
383 2149 659 2244 deprecationem
675 2149 914 2222 exaudientes.
933 2151 1043 2244 Snpar
1062 2171 1133 2242 qno
1148 2159 1182 2220 at
1199 2149 1339 2220 domino
1358 2146 1653 2242 imperatoricum

239 2273 457 2366 principibus
474 2273 598 2345 ceteris
611 2273 739 2344 litteras
752 2273 937 2363 transmisi,
952 2271 1204 2345 commonendo
1218 2282 1252 2344 et
1264 2271 1418 2365 rogando
1431 2281 1470 2342 ut
1486 2269 1654 2364 adipsum

240 2395 451 2468 discordiam
470 2395 744 2489 extinguendam
763 2395 869 2490 digna
888 2396 1072 2469 devotione
1089 2417 1127 2467 sa
1147 2403 1244 2468 curat
1260 2395 1439 2467 inclinare.

291 2641 516 2713 Sanctissimo
544 2641 631 2734 patri
658 2661 700 2712 ac
724 2641 865 2712 domino
891 2661 955 2712 sno
981 2641 1022 2712 G.
1053 2663 1189 2714 summo
1215 2643 1369 2714 llomano
1393 2640 1565 2736 pontiflci,
1593 2642 1657 2712 Dai

244 2766 355 2858 gratia
373 2765 414 2835 0.
432 2763 508 2836 dux
523 2763 568 2835 da
583 2764 766 2837 Brnnswic
779 2771 936 2857 paratum
955 2785 1092 2858 semper
1109 2787 1189 2835 cnm
1206 2764 1323 2838 debita
1339 2765 1532 2837 reverantia
1549 2766 1658 2837 lamu-

244 2889 367 2962 latum.
395 2887 539 2982 Antiqui
557 2887 669 2960 hostis
694 2888 846 2960 versutia
875 2896 1003 2960 tantam
1032 2890 1068 2960 in
1095 2910 1133 2962 sa
1156 2889 1307 2962 continet
1329 2889 1551 2984 pravitatem,
1571 2889 1659 2960 sicut

244 3021 362 3086 rastra
377 3013 541 3086 sanctitas
554 3034 622 3086 non
637 3013 790 3102 ignorat,
810 3011 907 3104 quod
921 3021 1073 3106 tempora
1087 3013 1255 3085 scismatis
1267 3021 1302 3084 et
1316 3011 1566 3084 discordiarum
1579 3012 1660 3084 insi·

247 3133 335 3207 diari
349 3143 516 3229 temptare
526 3135 652 3230 pariter
661 3143 695 3206 at
707 3155 834 3207 nocere
848 3137 1038 3226 consuevit,
1051 3157 1094 3208 eo
1107 3136 1256 3231 amplius
1269 3157 1339 3229 qno
1351 3136 1461 3228 magis
1473 3135 1660 3208 faciliorem

247 3259 374 3352 reperit
391 3257 525 3330 aditum
542 3257 770 3352 malignandi.
790 3260 881 3330 Ecca
897 3259 1069 3352 siqnidem
1088 3281 1134 3332 ax
1152 3260 1366 3332 dissensione
1378 3267 1412 3330 et
1430 3259 1662 3332 controversia

251 3381 453 3454 excellentia
475 3392 590 3454 vestra
614 3403 660 3453 ax
688 3390 784 3476 parta
810 3403 881 3454 una
904 3392 939 3454 at
964 3381 1094 3454 domini
1121 3384 1228 3456 nostri
1251 3383 1467 3476 imperatoris
1488 3404 1535 3454 ex
1557 3383 1663 3456 altera

249 3515 480 3576 excreverunt
497 3507 568 3596 jam
590 3515 626 3577 et
643 3506 815 3600 pullulant
837 3515 931 3577 tanta
952 3507 1043 3612 mala
1065 3506 1160 3598 qnod
1181 3515 1251 3578 tota
1271 3507 1500 3578 christianitas
1523 3506 1560 3577 in
1580 3527 1663 3578 oon·

249 3628 346 3699 tinuo
360 3647 494 3700 merore
511 3628 619 3721 posita
637 3627 767 3700 exinde
782 3628 946 3722 affligitur
962 3629 1106 3700 nimium
1122 3639 1157 3701 at
1176 3631 1347 3720 turbatur,
1363 3639 1492 3702 atvero
1508 3641 1664 3704 metnen-

251 3749 337 3821 dnm
360 3751 529 3844 estquod
551 3751 617 3822 nisi
639 3749 759 3823 divina
782 3751 891 3844 pietas
912 3751 958 3824 ad
977 3751 1107 3822 bonum
1129 3753 1225 3846 pacis
1251 3763 1287 3825 11
1308 3752 1491 3825 concordia
1515 3753 1665 3825 breviter

252 3873 494 3966 interposuerit
511 3883 624 3969 partes
642 3895 736 3964 snas,
758 3872 898 3946 duriora
914 3875 1082 3967 preteritis
1097 3877 1196 3946 malis
1215 3878 1305 3948 mala
1323 3885 1357 3948 at
1376 3877 1492 3972 pejora
1514 3877 1665 3950 debeant

254 3996 427 4091 prioribus
445 3998 598 4070 evenire.
624 3997 711 4070 lnde
729 3999 890 4091 estquod
912 4000 1146 4092 supplicamns
1164 4000 1327 4072 attentius
1344 4001 1535 4073 reverentia
1551 4009 1665 4074 vestra

255 4129 290 4192 et
306 4119 526 4214 inquantum
546 4123 598 4193 las
612 4131 665 4192 ast
679 4129 713 4193 ot
731 4141 794 4192 nos
809 4121 993 4208 audemus,
1008 4123 1224 4194 clementiam
1239 4133 1386 4194 vestram
1402 4123 1571 4196 habemus
1584 4144 1665 4218 pro-

255 4243 397 4336 pensius
423 4253 601 4316 exoratam
627 4243 793 4337 quatinus
819 4247 928 4317 Denm
954 4244 1121 4317 babentes
1148 4267 1208 4340 pra
1234 4247 1344 4318 oculis
1370 4255 1405 4318 et
1431 4247 1664 4318 necessitatem

256 4364 360 4437 totins
383 4365 476 4436 orbis
500 4367 683 4438 salubriter
701 4367 892 4458 intuentes,
915 4369 1106 4440 venerabili
1128 4371 1222 4441 lratri
1243 4369 1280 4440 C.
1305 4369 1468 4461 magistro
1489 4369 1666 4463 hospitalis

257 4487 383 4560 Sancta
391 4487 499 4561 lllarie
519 4488 644 4562 domus
655 4489 943 4562 Theutonicornm
959 4492 994 4562 in
1010 4493 1196 4565 Jerusalem
1211 4493 1371 4566 investra
1385 4493 1492 4586 gratia
1508 4503 1543 4566 at
1557 4493 1665 4564 licen·

258 4611 304 4684 tin
334 4611 532 4684 concedatis
555 4611 803 4684 intemnntinm
830 4623 865 4687 at
890 4615 1115 4688 mediatorem
1138 4637 1214 4690 essa
1243 4615 1288 4691 da
1312 4617 1558 4713 compositione
1578 4607 1667 4688 inter

260 4743 410 4806 raabam
439 4736 684 4810 sublimitatem
707 4747 742 4810 ct
763 4737 954 4833 pradictum
980 4738 1158 4812 dominum
1183 4742 1421 4836 imperatorem
1443 4721 1668 4814 amicabiliter

339 4857 375 4917 V.
397 4871 485 4919 rma.
1473 4873 1529 4925 111
