4358 5996
544 615 622 680 1032
1040 611 1255 672 rnrnnnrcr
1280 613 1454 674 sncnvnr
1767 614 1850 694 [aas.
1869 615 1957 677 raro.

542 759 701 845 paratum
728 749 834 823 luisse
855 751 1009 832 nuntiat,
1034 747 1097 822 scd
1120 747 1166 820 ab
1187 747 1444 844 archiepiscopo
1461 749 1713 844 Salispnrgonsi
1731 759 1766 822 et
1784 750 1959 846 episcopis

542 873 753 969 pmhibitnm
772 881 807 948 et
827 873 1035 947 absolutum.
1058 870 1278 944 Interdictum
1297 873 1472 963 relaxant,
1496 879 1647 946 veterem
1668 872 1960 967 conspirationem

541 1007 710 1072 renovant
728 999 818 1072 datis
835 997 1027 1072 obsidibus.
1049 999 1134 1070 Dein
1148 997 1229 1070 duoi
1248 1019 1325 1072 mco
1341 999 1502 1092 Bojorum
1519 998 1729 1071 unanimiter
1746 998 1960 1094 scripserunt

543 1130 583 1194 at
595 1145 651 1196 me
661 1122 846 1196 dimitteret
858 1144 900 1201 ac
914 1123 1077 1215 altojaria
1088 1122 1240 1217 pelleret.
1258 1121 1422 1196 Canonici
1436 1123 1699 1219 Ratisponenses
1712 1121 1748 1192 in
1761 1123 1959 1216 praesentia

543 1247 676 1321 domini
694 1246 762 1319 mei
779 1245 882 1319 ducis
892 1245 1058 1319 Bavariae
1069 1253 1102 1318 et
1117 1245 1316 1316 nuntiorum
1329 1243 1493 1318 Eridorici
1501 1247 1677 1339 jactarunt
1686 1243 1781 1339 qnod
1792 1246 1958 1340 episcopo

543 1392 608 1442 suo
621 1377 740 1442 contra
757 1369 873 1443 hostes
891 1368 1025 1464 imperii
1042 1378 1075 1441 et
1088 1367 1261 1440 Ecclesiae
1275 1367 1321 1441 ad
1337 1369 1522 1442 trienninm
1545 1369 1653 1443 velint
1671 1368 1755 1442 dare
1774 1377 1959 1442 sexcentos

543 1493 670 1566 milites
689 1493 734 1566 de
749 1494 823 1566 suis
838 1491 1024 1588 prebendis
1047 1491 1210 1566 solidatos
1228 1491 1276 1564 ad
1297 1491 1465 1566 honorem
1483 1493 1616 1590 imperii
1634 1501 1669 1566 et
1689 1514 1809 1566 eorum
1826 1493 1959 1566 charis·

544 1617 622 1690 simi
640 1616 771 1690 domini
782 1615 959 1690 Eriderici.
974 1615 1063 1687 Dicit
1080 1610 1204 1714 [qnod]
1217 1613 1335 1688 habito
1350 1617 1492 1690 consilio
1507 1616 1661 1690 fidelium
1673 1616 1860 1714 Ecclesiae,
1881 1638 1960 1712 pro·

545 1740 725 1814 nunciavit
748 1761 868 1814 eorum
897 1736 1093 1836 prehendas
1122 1759 1265 1831 vacare,
1293 1739 1508 1834 parochiales
1531 1741 1634 1814 etiam
1662 1741 1794 1812 tructus
1819 1741 1956 1834 colligi,

544 1865 756 1940 necessitatis
768 1885 873 1937 causa
890 1861 1071 1936 reservari.
1087 1863 1160 1934 Hac
1181 1883 1218 1935 re
1240 1861 1347 1934 territi
1367 1863 1489 1956 vicini,
1510 1864 1590 1936 etsi
1612 1885 1766 1936 mensem
1778 1862 1955 1956 durasset,

545 2009 667 2062 omnes
682 1987 835 2082 episcopi
853 1988 1012 2081 Bojcrum
1031 1985 1077 2058 ad
1089 1985 1275 2058 Romanam
1293 1985 1484 2060 Ecclesiam
1504 1987 1705 2078 rediissent,
1725 1987 1832 2059 coacti
1850 1986 1960 2082 preci·

545 2111 612 2184 bus
623 2111 884 2202 canonicorum;
901 2109 964 2183 sed
976 2119 1137 2182 versutus
1149 2110 1330 2206 episcopus
1343 2110 1599 2208 Ratisponcnsis
1611 2111 1725 2184 missis
1736 2109 1781 2184 de
1792 2110 1960 2184 ministris

545 2235 619 2308 suis
632 2243 668 2306 et
684 2233 731 2306 de
750 2231 887 2306 civibus
905 2233 1064 2306 meliores
1082 2230 1173 2330 (ric),
1193 2242 1262 2306 tres
1279 2231 1323 2305 de
1341 2235 1530 2326 canonicis,
1549 2233 1728 2307 dominnm
1748 2233 1875 2306 ducem
1890 2234 1958 2306 Bo·

542 2357 652 2450 jcarie
668 2355 891 2452 Ratisponam
907 2355 954 2429 ad
970 2377 1070 2428 suam
1092 2357 1300 2452 presentiam
1321 2367 1444 2431 evocat
1460 2379 1501 2430 ac
1521 2358 1594 2430 suis
1612 2357 1699 2431 dolis
1716 2356 1955 2432 circumvenit.

545 2481 756 2553 Sententiam
768 2491 919 2552 nostram
933 2489 1047 2552 vestra
1063 2479 1263 2552 auctoritate
1280 2480 1395 2554 datam
1409 2483 1579 2555 retractari
1596 2483 1793 2576 procuravit
1806 2483 1958 2576 potentia

545 2603 707 2693 seculari,
722 2623 787 2676 nec
799 2601 853 2676 his
867 2613 1049 2676 contentus
1060 2603 1255 2695 canonicos,
1271 2605 1450 2699 plebanos,
1462 2605 1547 2678 alios
1559 2605 1699 2678 clericos
1713 2605 1774 2699 qui
1786 2606 1958 2680 mandatis

545 2725 740 2822 apostolicis
756 2735 943 2821 paruerant
956 2736 990 2800 ot
1008 2727 1175 2821 quasdam
1192 2730 1377 2802 sententias
1396 2729 1443 2802 ad
1461 2729 1661 2802 mandatnm
1685 2751 1801 2802 meum
1824 2731 1958 2802 lucrant

545 2849 700 2942 executi,
722 2847 900 2922 beneficiis
922 2850 1161 2923 ecclesiasticis
1183 2861 1217 2924 ct
1238 2853 1315 2924 aliis
1337 2852 1436 2926 bonis
1456 2863 1571 2925 contra
1588 2853 1755 2945 justitiam
1780 2854 1954 2948 spoliavit.

545 2973 641 3046 Sicut
652 2974 728 3070 ipsa
736 2974 906 3046 sententia
917 2995 1037 3046 omnes
1045 2973 1161 3047 hostes
1170 2975 1342 3050 Ecclesiae
1355 2984 1532 3068 terruerat,
1544 2976 1594 3050 sic
1607 2987 1683 3072 post
1697 2979 1773 3070 ejus
1785 2977 1957 3050 revocatio

545 3117 667 3169 omnes
680 3097 854 3171 Ecclesiae
867 3097 1097 3171 consternavit
1108 3098 1250 3186 amicos,
1270 3099 1339 3172 imo
1356 3101 1476 3172 terruit
1490 3110 1526 3174 et
1540 3100 1708 3174 contudit.
1725 3100 1851 3172 Dicunt
1863 3101 1956 3172 enim

545 3219 701 3293 canonici
719 3220 886 3294 Bavariaa
907 3241 1096 3315 omnesque
1121 3221 1179 3294 alii
1202 3223 1343 3317 praelati
1365 3243 1411 3296 cx
1436 3245 1506 3318 quo
1523 3224 1568 3297 de
1589 3223 1662 3297 snio
1683 3222 1859 3298 beneficiis
1876 3233 1957 3296 sunt

544 3341 677 3433 securi,
703 3341 844 3435 posthac
868 3363 937 3414 non
960 3343 1132 3416 timebunt
1151 3347 1302 3418 tonitrua
1318 3355 1353 3419 et
1368 3347 1512 3420 fulmina
1524 3349 1768 3438 homanorum,
1785 3348 1868 3442 quia
1887 3369 1956 3420 non

545 3463 667 3538 darent
680 3484 743 3557 pro
764 3463 917 3558 ipsorum
937 3469 1170 3562 suspensionis
1190 3478 1225 3541 et
1245 3469 1611 3543 excommunicationis
1626 3471 1804 3545 sententiis
1825 3471 1953 3544 iaham.

545 3584 630 3659 Cum
648 3584 754 3678 igitur
770 3587 842 3678 jam
860 3586 942 3659 inde
962 3587 1079 3684 lapsus
1097 3591 1218 3688 inclyti
1242 3594 1335 3686 regis
1358 3590 1542 3668 Bohemiae
1562 3605 1632 3666 tam
1651 3595 1852 3690 priusquam
1868 3591 1956 3691 (sic)

533 3709 689 3782 'aliorum
704 3708 898 3805 principum
916 3710 1022 3784 corda
1033 3710 1187 3786 fidelium
1204 3715 1378 3790 Ecclesiae
1390 3719 1596 3810 vulneravit,
1609 3728 1879 3813 etnunceaque
1892 3739 1957 3814 pcr

544 3830 727 3907 dominum
742 3852 861 3904 mcum
877 3829 1003 3906 ducem
1014 3835 1180 3910 navarrae
1195 3847 1271 3912 acta
1283 3849 1365 3912 sunt
1381 3841 1471 3913 circa
1486 3841 1687 3935 praemissa,
1702 3842 1787 3915 alios
1802 3839 1956 3914 inficiant

545 3978 567 4030 a
591 3953 746 4030 secunda
768 3965 882 4051 parte,
902 3958 1073 4031 sanctitati
1092 3961 1282 4034 vestraein
1307 3963 1365 4034 illa
1387 3965 1622 4059 puritateque
1640 3964 1741 4038 vohis
1763 3973 1798 4038 et
1816 3974 1955 4038 sanctae

544 4080 718 4152 Romanae
741 4079 917 4153 Ecclesiae
932 4101 1046 4154 coram
1063 4081 1204 4156 domino
1221 4085 1376 4159 Iohanne
1394 4087 1579 4160 camerario
1597 4097 1712 4162 vestro
1734 4087 1956 4184 personaliter

545 4202 643 4276 tactis
656 4203 1088 4300 sacrosanctisEvangeliis
1095 4207 1221 4300 juravi,
1238 4211 1381 4284 consulo
1394 4210 1486 4284 bona
1504 4209 1574 4284 fide
1588 4220 1628 4283 nt
1641 4211 1821 4285 dominum
1836 4233 1956 4284 meum

546 4326 672 4400 ducem
693 4325 858 4401 Bavariae
876 4349 979 4423 super
996 4327 1063 4402 hoc
1080 4329 1176 4424 quod
1192 4343 1323 4405 vestras
1339 4335 1568 4431 praesumpsit
1579 4335 1764 4409 sententias
1781 4332 1955 4408 infirmare

545 4449 653 4522 verbo
673 4449 730 4522 vel
751 4451 860 4542 lacto,
878 4450 1003 4523 vestris
1022 4451 1141 4526 litteris
1157 4455 1354 4549 plenissime
1373 4459 1544 4552 arguatis,
1566 4466 1600 4532 et
1616 4459 1683 4532 nisi
1703 4481 1783 4532 cum
1801 4459 1955 4532 maxima
2045 4501 2049 4514 ·

545 4573 761 4646 solemnitate
788 4583 926 4647 revocet
951 4573 1048 4669 quod
1072 4575 1171 4660 tecit,
1204 4581 1405 4652 comminari
1430 4580 1563 4655 debetis
1584 4581 1699 4655 eidem
1726 4581 1823 4678 quod
1841 4582 1955 4657 velitis

545 4703 654 4768 totum
675 4695 839 4768 ducatum
862 4715 965 4770 sunm
990 4699 1223 4774 ecclesiastico
1244 4701 1416 4796 subjicere
1431 4704 1629 4797 interdicto;
1648 4705 1843 4780 confortetis
1866 4725 1954 4801 quo·
