4524 6012
547 699 609 760 724
1047 693 1260 756 rnrnntuct
1287 696 1461 761 saccum
1777 707 1859 788 [aa.
1876 712 1962 776 rano.

546 831 705 906 scuteriis
726 839 760 904 et
780 828 937 924 quinque
953 829 1054 924 equis
1069 828 1099 901 si
1116 850 1180 925 pro
1197 831 1347 906 servitiis
1368 836 1494 908 nostris
1509 836 1625 932 ipsum
1644 839 1695 912 ire
1709 843 1913 939 contingerit
1930 859 1965 922 et

546 957 679 1044 redire,
697 963 912 1048 recepturus,
930 963 997 1026 eto.

594 1080 720 1151 Datum
739 1072 788 1174 [ut
804 1071 940 1172 suprc].

761 1385 1082 1399 *εισι-κιο...-
1089 1387 1123 1397 1-
1127 1387 1176 1397 ιιι-
1180 1387 1753 1406 uma—*Q

431 1687 459 1729 τ’
600 1665 778 1750 Mandata
796 1666 846 1749 ad
866 1666 1060 1750 Andream
1079 1669 1128 1751 de
1148 1668 1274 1752 Cicala
1298 1681 1336 1754 et
1354 1672 1403 1755 ad
1422 1670 1649 1780 justitiarios
1672 1674 1781 1784 regni
1806 1675 1855 1757 de
1877 1674 1962 1756 col-

546 1799 643 1882 lecta
661 1799 777 1906 hujus
796 1798 887 1881 anni
906 1799 1092 1909 exigenda
1110 1811 1148 1884 et
1164 1803 1213 1884 de
1231 1802 1355 1886 forma
1373 1829 1473 1914 quae
1491 1805 1530 1885 in
1554 1805 1730 1888 taxandis
1747 1805 1960 1890 civitatibus

546 1943 584 2015 at
601 1931 686 2014 aliis
704 1931 798 2014 locis
817 1933 1003 2015 servanda
1022 1933 1083 2015 sit.

628 2156 751 2239 (Rapuit.
763 2158 867 2238 impar.
882 2155 1001 2218 Freder.
1017 2157 1057 2235 11,
1070 2158 1123 2220 lul.
1139 2166 1178 2218 ot
1192 2166 1287 2231 κοῖος
1303 2161 1335 2220 ln
1345 2159 1417 2222 cdlt.
1434 2159 1569 2234 Curcun„
1585 2178 1616 2238 p.
1629 2157 1713 2239 tas.)

595 2349 642 2418 De
672 2346 829 2417 manduc
855 2347 1027 2442 imperiali
1056 2348 1145 2438 sacto
1170 2368 1233 2441 per
1261 2348 1461 2440 mopistruut
1483 2346 1617 2420 Petrum
1640 2347 1679 2418 da
1706 2349 1805 2419 Vmeo
1828 2351 1961 2444 scripsit

546 2474 587 2545 P.
610 2472 650 2542 de
666 2473 806 2564 Capua:

595 2594 813 2681 Fradericus,
835 2601 919 2680 etc,
942 2589 1081 2663 Andree
1097 2590 1142 2663 de
1160 2591 1274 2664 Cicula
1291 2593 1472 2688 capitaneo
1491 2614 1511 2666 a
1530 2603 1626 2688 porta
1644 2593 1756 2666 lloseti
1782 2616 1894 2689 usqne
1914 2594 1961 2668 ad

546 2719 728 2808 Trontum,
749 2725 815 2788 eta.
835 2715 923 2787 Olim
939 2713 1134 2807 injunxisse
1152 2725 1187 2787 et
1201 2715 1385 2788 mandasse
1402 2717 1586 2789 recolimus
1606 2726 1646 2789 nt
1657 2737 1800 2812 presens
1818 2717 1961 2791 collecta

545 2843 581 2913 in
605 2863 646 2914 ca
662 2840 856 2936 quantitate
872 2848 906 2911 et
929 2841 1038 2911 forma
1059 2839 1149 2912 siout
1172 2839 1313 2911 collecta
1340 2840 1452 2936 primo
1472 2841 1631 2934 preterita
1651 2847 1849 2935 poneretur.
1871 2840 1960 2926 Quia

545 2973 661 3037 tamen
680 2977 743 3060 pro
762 2973 854 3036 certo
877 2963 1108 3057 comperimus
1129 2961 1226 3056 quod
1243 2964 1278 3033 in
1300 2963 1376 3058 ipsa
1394 2964 1535 3036 collecta
1559 2963 1721 3059 preterita
1743 2964 1826 3036 satis
1848 2963 1961 3036 infor-

545 3089 648 3161 miter
672 3099 723 3162 cst
748 3108 967 3184 processum,
993 3086 1079 3158 dum
1105 3107 1170 3159 nec
1196 3086 1410 3178 civitatibus,
1430 3083 1586 3185 [castris]
1605 3098 1667 3160 aut
1689 3087 1773 3161 locis
1796 3087 1873 3161 aliis
1895 3113 1961 3164 nec

544 3215 649 3286 etiam
676 3211 831 3306 personis
857 3209 1070 3303 quibuslibet
1096 3211 1269 3304 quantitas
1290 3210 1341 3282 eis
1362 3209 1524 3305 imposita
1546 3210 1769 3306 panderetur,
1797 3215 1958 3286 volumus

545 3346 580 3410 et
598 3335 806 3433 precipimus
823 3332 980 3407 fidelitati
997 3343 1056 3404 tue
1074 3341 1246 3426 quatenus
1263 3341 1331 3404 lam
1352 3354 1413 3427 per
1429 3333 1603 3424 civitates,
1619 3345 1729 3407 castra
1750 3344 1786 3408 et
1799 3335 1875 3409 loce
1891 3337 1960 3409 alia

544 3481 651 3555 quam
668 3479 730 3556 per
745 3477 910 3553 personas
925 3455 1099 3550 quaslibet
1111 3454 1362 3548 jurisdictionis
1381 3465 1456 3547 tue,
1476 3455 1739 3550 diligentissima
1757 3457 1960 3532 considera-

544 3585 638 3656 tione
653 3581 785 3672 babita,
805 3581 981 3653 collectam
1002 3579 1084 3674 poni
1101 3579 1207 3650 iacias
1223 3587 1258 3650 et
1271 3579 1384 3651 taxari
1402 3601 1481 3650 cum
1498 3579 1641 3654 oonsilio
1661 3579 1959 3656 nostrorum'fide-

545 3707 630 3778 lium
648 3709 749 3800 juxta
767 3705 949 3778 facultates
969 3703 1142 3798 ipsorum,
1162 3722 1325 3796 expressa
1346 3701 1558 3796 quibuslibet
1580 3725 1601 3776 a
1619 3703 1791 3800 principio
1814 3705 1958 3800 quanti-

544 3837 614 3902 tate
635 3827 686 3898 eis
704 3827 883 3922 imposita,
904 3847 977 3919 qua
1004 3824 1054 3896 eis
1072 3824 1177 3895 nichil
1202 3823 1348 3918 amplius
1368 3824 1547 3916 exigetur3
1568 3825 1616 3898 ita
1634 3834 1750 3898 umen
1769 3827 1864 3920 quod
1882 3826 1958 3899 talis

544 3951 719 4046 quantitas
737 3949 948 4042 quibuslibet
967 3948 1163 4042 imponatur
1179 3969 1249 4043 qne
1265 3947 1425 4043 imposita
1443 3949 1626 4022 commode
1647 3949 1773 4024 debeat
1794 3959 1829 4023 et
1850 3949 1958 4046 possit

543 4073 677 4164 baberi,
701 4083 735 4146 et
753 4073 790 4144 in
807 4093 944 4146 omnem
971 4079 1134 4144 eventum
1150 4071 1201 4144 sic
1217 4071 1321 4144 facias
1339 4081 1373 4144 et
1389 4093 1552 4166 procures
1569 4071 1664 4167 quod
1685 4073 1826 4146 collecte
1845 4081 1958 4167 prete·

543 4197 608 4270 rite
623 4196 800 4291 quantitas
814 4194 995 4266 habeatur.

594 4323 719 4393 Datum
738 4317 894 4411 Fnligni,
910 4317 955 4390 vt
972 4315 1154 4405 februarii,
1172 4315 1250 4388 Xlll
1270 4315 1479 4389 indictionis.

592 4445 676 4514 ltem
707 4442 747 4512 de
777 4441 888 4512 eodem
917 4439 1072 4512 mndata
1105 4439 1239 4533 acripm
1270 4439 1358 4512 idem
1389 4439 1436 4512 od
1461 4441 1502 4512 Β.
1532 4441 1706 4512 Paeonum
1727 4441 1957 4534 justitiarium

543 4567 698 4660 Aptattit':

592 4687 683 4783 (Non
700 4684 758 4756 bic
774 4691 1035 4757 transumuntur
1047 4681 1180 4756 litterae
1193 4681 1277 4779 quia
1297 4682 1343 4758 de
1360 4683 1469 4758 verbo
1489 4681 1535 4758 ad
1553 4683 1699 4758 verbum
1718 4693 1800 4759 sunt
1814 4685 1957 4760 caedem

543 4833 635 4908 quae
652 4807 788 4907 supra.)
