<?xml version="1.0" encoding="UTF-8"?>
<!DOCTYPE html PUBLIC "-//W3C//DTD XHTML 1.0 Transitional//EN"
    "http://www.w3.org/TR/xhtml1/DTD/xhtml1-transitional.dtd">
<html xmlns="http://www.w3.org/1999/xhtml" xml:lang="en" lang="en">
 <head>
  <title>
</title>
<meta http-equiv="Content-Type" content="text/html;charset=utf-8" />
  <meta name='ocr-system' content='tesseract 3.04.00' />
  <meta name='ocr-capabilities' content='ocr_page ocr_carea ocr_par ocr_line ocrx_word'/>
</head>
<body>
  <div class='ocr_page' id='page_1' title='image "./historiadiploma01fredgoog_0499.png"; bbox 0 0 4384 6004; ppageno 0'>
   <div class='ocr_carea' id='block_1_1' title="bbox 233 663 1645 762">
    <p class='ocr_par' dir='ltr' id='par_1_1' title="bbox 233 663 1645 762">
     <span class='ocr_line' id='line_1_1' title="bbox 233 663 1645 762; baseline -0.011 -20"><span class='ocrx_word' id='word_1_1' title='bbox 233 681 331 742; x_wconf 70' lang='lat' dir='ltr'>lucror.</span> <span class='ocrx_word' id='word_1_2' title='bbox 349 675 410 762; x_wconf 77' lang='lat' dir='ltr'>lt]</span> <span class='ocrx_word' id='word_1_3' title='bbox 679 673 876 734; x_wconf 78' lang='lat' dir='ltr'>HISTORIA</span> <span class='ocrx_word' id='word_1_4' title='bbox 903 667 1198 734; x_wconf 74' lang='lat' dir='ltr'>utuuuusutcft.</span> <span class='ocrx_word' id='word_1_5' title='bbox 1568 663 1645 726; x_wconf 78' lang='lat'><strong>1133</strong></span> 
     </span>
    </p>
   </div>
   <div class='ocr_carea' id='block_1_2' title="bbox 234 785 1646 1031">
    <p class='ocr_par' dir='ltr' id='par_1_2' title="bbox 234 785 1646 1031">
     <span class='ocr_line' id='line_1_2' title="bbox 234 785 1646 908; baseline -0.008 -24"><span class='ocrx_word' id='word_1_6' title='bbox 234 785 405 908; x_wconf 88' lang='lat' dir='ltr'>principes</span> <span class='ocrx_word' id='word_1_7' title='bbox 418 821 553 886; x_wconf 84' lang='lat' dir='ltr'>nostros</span> <span class='ocrx_word' id='word_1_8' title='bbox 567 807 852 900; x_wconf 76' lang='lat' dir='ltr'>salzburgensem</span> <span class='ocrx_word' id='word_1_9' title='bbox 868 805 1179 900; x_wconf 90' lang='lat' dir='ltr'>arehiepiscopum,</span> <span class='ocrx_word' id='word_1_10' title='bbox 1198 802 1477 896; x_wconf 88' lang='lat' dir='ltr'>Ratisponensem</span> <span class='ocrx_word' id='word_1_11' title='bbox 1494 809 1530 872; x_wconf 90' lang='lat' dir='ltr'>et</span> <span class='ocrx_word' id='word_1_12' title='bbox 1545 801 1646 872; x_wconf 88' lang='lat' dir='ltr'>Pata·</span> 
     </span>
     <span class='ocr_line' id='line_1_3' title="bbox 234 925 1643 1031; baseline -0.006 -24"><span class='ocrx_word' id='word_1_13' title='bbox 234 937 390 1010; x_wconf 89' lang='lat' dir='ltr'>viensem</span> <span class='ocrx_word' id='word_1_14' title='bbox 405 936 585 1031; x_wconf 89' lang='lat' dir='ltr'>episcopos</span> <span class='ocrx_word' id='word_1_15' title='bbox 598 932 889 1026; x_wconf 76' lang='lat' dir='ltr'>recognoscimus,</span> <span class='ocrx_word' id='word_1_16' title='bbox 912 931 1073 1025; x_wconf 89' lang='lat' dir='ltr'>ipsosque</span> <span class='ocrx_word' id='word_1_17' title='bbox 1090 938 1125 1002; x_wconf 91' lang='lat' dir='ltr'>et</span> <span class='ocrx_word' id='word_1_18' title='bbox 1141 949 1261 1001; x_wconf 91' lang='lat' dir='ltr'>eorum</span> <span class='ocrx_word' id='word_1_19' title='bbox 1275 925 1451 1010; x_wconf 88' lang='lat' dir='ltr'>ecclesias,</span> <span class='ocrx_word' id='word_1_20' title='bbox 1473 925 1643 1005; x_wconf 78' lang='lat' dir='ltr'>homines,</span> 
     </span>
    </p>
   </div>
   <div class='ocr_carea' id='block_1_3' title="bbox 233 1049 1658 4246">
    <p class='ocr_par' dir='ltr' id='par_1_3' title="bbox 233 1049 1658 4246">
     <span class='ocr_line' id='line_1_4' title="bbox 235 1049 1646 1148; baseline -0.009 -15"><span class='ocrx_word' id='word_1_21' title='bbox 235 1059 392 1133; x_wconf 89' lang='lat' dir='ltr'>subditos</span> <span class='ocrx_word' id='word_1_22' title='bbox 411 1069 446 1132; x_wconf 89' lang='lat' dir='ltr'>et</span> <span class='ocrx_word' id='word_1_23' title='bbox 464 1059 627 1148; x_wconf 78' lang='lat' dir='ltr'>fautores,</span> <span class='ocrx_word' id='word_1_24' title='bbox 647 1055 781 1129; x_wconf 90' lang='lat' dir='ltr'>habitos</span> <span class='ocrx_word' id='word_1_25' title='bbox 797 1055 853 1128; x_wconf 92' lang='lat' dir='ltr'>vel</span> <span class='ocrx_word' id='word_1_26' title='bbox 868 1053 1066 1143; x_wconf 90' lang='lat' dir='ltr'>habendos,</span> <span class='ocrx_word' id='word_1_27' title='bbox 1083 1053 1148 1124; x_wconf 90' lang='lat' dir='ltr'>sub</span> <span class='ocrx_word' id='word_1_28' title='bbox 1165 1050 1308 1124; x_wconf 82' lang='lat' dir='ltr'>Romani</span> <span class='ocrx_word' id='word_1_29' title='bbox 1325 1049 1460 1144; x_wconf 90' lang='lat' dir='ltr'>imperii</span> <span class='ocrx_word' id='word_1_30' title='bbox 1477 1058 1511 1122; x_wconf 91' lang='lat' dir='ltr'>et</span> <span class='ocrx_word' id='word_1_31' title='bbox 1529 1059 1646 1121; x_wconf 90' lang='lat' dir='ltr'>nostra</span> 
     </span>
     <span class='ocr_line' id='line_1_5' title="bbox 235 1172 1646 1278; baseline -0.009 -22"><span class='ocrx_word' id='word_1_32' title='bbox 235 1183 444 1278; x_wconf 87' lang='lat' dir='ltr'>protectione</span> <span class='ocrx_word' id='word_1_33' title='bbox 458 1180 680 1276; x_wconf 85' lang='lat' dir='ltr'>suscipimus,</span> <span class='ocrx_word' id='word_1_34' title='bbox 699 1179 851 1254; x_wconf 88' lang='lat' dir='ltr'>districte</span> <span class='ocrx_word' id='word_1_35' title='bbox 869 1187 903 1251; x_wconf 91' lang='lat' dir='ltr'>et</span> <span class='ocrx_word' id='word_1_36' title='bbox 917 1177 1057 1250; x_wconf 88' lang='lat' dir='ltr'>firmiter</span> <span class='ocrx_word' id='word_1_37' title='bbox 1072 1175 1265 1248; x_wconf 78' lang='lat' dir='ltr'>inhibentes</span> <span class='ocrx_word' id='word_1_38' title='bbox 1278 1196 1323 1246; x_wconf 90' lang='lat' dir='ltr'>ne</span> <span class='ocrx_word' id='word_1_39' title='bbox 1338 1174 1522 1268; x_wconf 89' lang='lat' dir='ltr'>quisquam</span> <span class='ocrx_word' id='word_1_40' title='bbox 1536 1172 1646 1244; x_wconf 88' lang='lat' dir='ltr'>bomi-</span> 
     </span>
     <span class='ocr_line' id='line_1_6' title="bbox 235 1297 1648 1398; baseline -0.007 -20"><span class='ocrx_word' id='word_1_41' title='bbox 235 1328 320 1378; x_wconf 94' lang='lat' dir='ltr'>num</span> <span class='ocrx_word' id='word_1_42' title='bbox 334 1307 585 1398; x_wconf 82' lang='lat' dir='ltr'>cujuscumque</span> <span class='ocrx_word' id='word_1_43' title='bbox 598 1301 806 1376; x_wconf 89' lang='lat' dir='ltr'>conditionis</span> <span class='ocrx_word' id='word_1_44' title='bbox 819 1311 880 1374; x_wconf 92' lang='lat' dir='ltr'>aut</span> <span class='ocrx_word' id='word_1_45' title='bbox 897 1312 1007 1374; x_wconf 90' lang='lat' dir='ltr'>status</span> <span class='ocrx_word' id='word_1_46' title='bbox 1021 1300 1161 1390; x_wconf 81' lang='lat' dir='ltr'>existat,</span> <span class='ocrx_word' id='word_1_47' title='bbox 1176 1299 1269 1394; x_wconf 91' lang='lat' dir='ltr'>ipsos</span> <span class='ocrx_word' id='word_1_48' title='bbox 1282 1299 1317 1369; x_wconf 95' lang='lat' dir='ltr'>in</span> <span class='ocrx_word' id='word_1_49' title='bbox 1331 1319 1370 1370; x_wconf 91' lang='lat' dir='ltr'>se</span> <span class='ocrx_word' id='word_1_50' title='bbox 1384 1307 1418 1370; x_wconf 92' lang='lat' dir='ltr'>et</span> <span class='ocrx_word' id='word_1_51' title='bbox 1432 1297 1504 1369; x_wconf 90' lang='lat' dir='ltr'>suis</span> <span class='ocrx_word' id='word_1_52' title='bbox 1517 1318 1648 1393; x_wconf 77' lang='lat' dir='ltr'>posses</span> 
     </span>
     <span class='ocr_line' id='line_1_7' title="bbox 233 1421 1649 1520; baseline -0.009 -16"><span class='ocrx_word' id='word_1_53' title='bbox 233 1429 402 1520; x_wconf 90' lang='lat' dir='ltr'>sionibus,</span> <span class='ocrx_word' id='word_1_54' title='bbox 422 1427 620 1502; x_wconf 86' lang='lat' dir='ltr'>bominibus</span> <span class='ocrx_word' id='word_1_55' title='bbox 637 1426 723 1517; x_wconf 90' lang='lat' dir='ltr'>suis,</span> <span class='ocrx_word' id='word_1_56' title='bbox 742 1425 934 1499; x_wconf 78' lang='lat' dir='ltr'>fautoribus</span> <span class='ocrx_word' id='word_1_57' title='bbox 948 1427 1006 1497; x_wconf 91' lang='lat' dir='ltr'>vel</span> <span class='ocrx_word' id='word_1_58' title='bbox 1021 1425 1153 1512; x_wconf 88' lang='lat' dir='ltr'>amicis,</span> <span class='ocrx_word' id='word_1_59' title='bbox 1170 1445 1257 1495; x_wconf 89' lang='lat' dir='ltr'>ausu</span> <span class='ocrx_word' id='word_1_60' title='bbox 1272 1421 1453 1494; x_wconf 87' lang='lat' dir='ltr'>temerario</span> <span class='ocrx_word' id='word_1_61' title='bbox 1469 1423 1649 1492; x_wconf 83' lang='lat' dir='ltr'>molestare</span> 
     </span>
     <span class='ocr_line' id='line_1_8' title="bbox 235 1545 1649 1649; baseline -0.007 -23"><span class='ocrx_word' id='word_1_62' title='bbox 235 1562 431 1649; x_wconf 90' lang='lat' dir='ltr'>presumat,</span> <span class='ocrx_word' id='word_1_63' title='bbox 453 1561 514 1625; x_wconf 91' lang='lat' dir='ltr'>aut</span> <span class='ocrx_word' id='word_1_64' title='bbox 529 1553 681 1648; x_wconf 89' lang='lat' dir='ltr'>ipsorum</span> <span class='ocrx_word' id='word_1_65' title='bbox 700 1551 802 1642; x_wconf 89' lang='lat' dir='ltr'>jura,</span> <span class='ocrx_word' id='word_1_66' title='bbox 829 1549 1023 1640; x_wconf 87' lang='lat' dir='ltr'>libertates,</span> <span class='ocrx_word' id='word_1_67' title='bbox 1042 1547 1294 1620; x_wconf 88' lang='lat' dir='ltr'>munificentias</span> <span class='ocrx_word' id='word_1_68' title='bbox 1313 1547 1388 1618; x_wconf 91' lang='lat' dir='ltr'>sive</span> <span class='ocrx_word' id='word_1_69' title='bbox 1409 1545 1555 1640; x_wconf 80' lang='lat' dir='ltr'>gratias,</span> <span class='ocrx_word' id='word_1_70' title='bbox 1574 1545 1649 1616; x_wconf 90' lang='lat' dir='ltr'>illas</span> 
     </span>
     <span class='ocr_line' id='line_1_9' title="bbox 236 1669 1650 1772; baseline -0.008 -23"><span class='ocrx_word' id='word_1_71' title='bbox 236 1677 523 1772; x_wconf 80' lang='lat' dir='ltr'>maximequibus</span> <span class='ocrx_word' id='word_1_72' title='bbox 534 1673 794 1772; x_wconf 90' lang='lat' dir='ltr'>predecessores</span> <span class='ocrx_word' id='word_1_73' title='bbox 806 1671 914 1745; x_wconf 90' lang='lat' dir='ltr'>nostri</span> <span class='ocrx_word' id='word_1_74' title='bbox 926 1673 1068 1745; x_wconf 89' lang='lat' dir='ltr'>Romani</span> <span class='ocrx_word' id='word_1_75' title='bbox 1080 1671 1214 1766; x_wconf 89' lang='lat' dir='ltr'>imperii</span> <span class='ocrx_word' id='word_1_76' title='bbox 1226 1669 1299 1744; x_wconf 92' lang='lat' dir='ltr'>divi</span> <span class='ocrx_word' id='word_1_77' title='bbox 1311 1669 1484 1766; x_wconf 84' lang='lat' dir='ltr'>principes</span> <span class='ocrx_word' id='word_1_78' title='bbox 1495 1678 1650 1740; x_wconf 88' lang='lat' dir='ltr'>anteces-</span> 
     </span>
     <span class='ocr_line' id='line_1_10' title="bbox 236 1795 1651 1895; baseline -0.007 -21"><span class='ocrx_word' id='word_1_79' title='bbox 236 1803 329 1874; x_wconf 87' lang='lat' dir='ltr'>sores</span> <span class='ocrx_word' id='word_1_80' title='bbox 341 1822 461 1874; x_wconf 92' lang='lat' dir='ltr'>eorum</span> <span class='ocrx_word' id='word_1_81' title='bbox 473 1807 507 1872; x_wconf 91' lang='lat' dir='ltr'>et</span> <span class='ocrx_word' id='word_1_82' title='bbox 519 1799 671 1895; x_wconf 88' lang='lat' dir='ltr'>ipsorum</span> <span class='ocrx_word' id='word_1_83' title='bbox 682 1797 844 1872; x_wconf 88' lang='lat' dir='ltr'>ecelesias</span> <span class='ocrx_word' id='word_1_84' title='bbox 858 1797 1017 1890; x_wconf 84' lang='lat' dir='ltr'>largitate</span> <span class='ocrx_word' id='word_1_85' title='bbox 1030 1797 1124 1889; x_wconf 84' lang='lat' dir='ltr'>regia</span> <span class='ocrx_word' id='word_1_86' title='bbox 1139 1795 1349 1882; x_wconf 90' lang='lat' dir='ltr'>ditaverunt,</span> <span class='ocrx_word' id='word_1_87' title='bbox 1361 1816 1519 1888; x_wconf 91' lang='lat' dir='ltr'>quasque</span> <span class='ocrx_word' id='word_1_88' title='bbox 1533 1805 1651 1866; x_wconf 90' lang='lat' dir='ltr'>tenore</span> 
     </span>
     <span class='ocr_line' id='line_1_11' title="bbox 236 1915 1652 2021; baseline -0.006 -25"><span class='ocrx_word' id='word_1_89' title='bbox 236 1925 447 2021; x_wconf 80' lang='lat' dir='ltr'>presentium</span> <span class='ocrx_word' id='word_1_90' title='bbox 466 1921 723 1996; x_wconf 88' lang='lat' dir='ltr'>confirmatione</span> <span class='ocrx_word' id='word_1_91' title='bbox 742 1921 860 1994; x_wconf 90' lang='lat' dir='ltr'>debita</span> <span class='ocrx_word' id='word_1_92' title='bbox 883 1921 1112 2012; x_wconf 91' lang='lat' dir='ltr'>innovamus,</span> <span class='ocrx_word' id='word_1_93' title='bbox 1141 1919 1273 1992; x_wconf 90' lang='lat' dir='ltr'>violare</span> <span class='ocrx_word' id='word_1_94' title='bbox 1291 1917 1488 1992; x_wconf 89' lang='lat' dir='ltr'>contendat.</span> <span class='ocrx_word' id='word_1_95' title='bbox 1509 1915 1565 1989; x_wconf 80' lang='lat' dir='ltr'>Ad</span> <span class='ocrx_word' id='word_1_96' title='bbox 1589 1917 1652 1988; x_wconf 90' lang='lat' dir='ltr'>hac</span> 
     </span>
     <span class='ocr_line' id='line_1_12' title="bbox 236 2039 1652 2140; baseline -0.006 -20"><span class='ocrx_word' id='word_1_97' title='bbox 236 2047 516 2122; x_wconf 87' lang='lat' dir='ltr'>ministerialibus</span> <span class='ocrx_word' id='word_1_98' title='bbox 535 2057 707 2120; x_wconf 91' lang='lat' dir='ltr'>eteorum</span> <span class='ocrx_word' id='word_1_99' title='bbox 725 2045 924 2118; x_wconf 91' lang='lat' dir='ltr'>bominibus</span> <span class='ocrx_word' id='word_1_100' title='bbox 940 2043 1088 2140; x_wconf 89' lang='lat' dir='ltr'>propriis</span> <span class='ocrx_word' id='word_1_101' title='bbox 1113 2043 1180 2116; x_wconf 91' lang='lat' dir='ltr'>sub</span> <span class='ocrx_word' id='word_1_102' title='bbox 1203 2042 1338 2136; x_wconf 92' lang='lat' dir='ltr'>imperii</span> <span class='ocrx_word' id='word_1_103' title='bbox 1356 2051 1391 2114; x_wconf 91' lang='lat' dir='ltr'>et</span> <span class='ocrx_word' id='word_1_104' title='bbox 1408 2051 1522 2114; x_wconf 89' lang='lat' dir='ltr'>nostre</span> <span class='ocrx_word' id='word_1_105' title='bbox 1544 2039 1652 2134; x_wconf 87' lang='lat' dir='ltr'>gratie</span> 
     </span>
     <span class='ocr_line' id='line_1_13' title="bbox 237 2166 1652 2268; baseline -0.006 -24"><span class='ocrx_word' id='word_1_106' title='bbox 237 2172 394 2268; x_wconf 84' lang='lat' dir='ltr'>specialis</span> <span class='ocrx_word' id='word_1_107' title='bbox 407 2171 548 2244; x_wconf 88' lang='lat' dir='ltr'>obtentu</span> <span class='ocrx_word' id='word_1_108' title='bbox 569 2169 781 2264; x_wconf 85' lang='lat' dir='ltr'>precipimus</span> <span class='ocrx_word' id='word_1_109' title='bbox 796 2177 831 2240; x_wconf 91' lang='lat' dir='ltr'>et</span> <span class='ocrx_word' id='word_1_110' title='bbox 849 2167 1057 2241; x_wconf 88' lang='lat' dir='ltr'>mandamus</span> <span class='ocrx_word' id='word_1_111' title='bbox 1072 2167 1236 2262; x_wconf 90' lang='lat' dir='ltr'>quatinus</span> <span class='ocrx_word' id='word_1_112' title='bbox 1251 2166 1335 2261; x_wconf 88' lang='lat' dir='ltr'>ipsis</span> <span class='ocrx_word' id='word_1_113' title='bbox 1351 2174 1515 2259; x_wconf 89' lang='lat' dir='ltr'>tanquam</span> <span class='ocrx_word' id='word_1_114' title='bbox 1532 2186 1652 2236; x_wconf 89' lang='lat' dir='ltr'>eorum</span> 
     </span>
     <span class='ocr_line' id='line_1_14' title="bbox 238 2286 1651 2386; baseline -0.007 -18"><span class='ocrx_word' id='word_1_115' title='bbox 238 2295 328 2368; x_wconf 88' lang='lat' dir='ltr'>veris</span> <span class='ocrx_word' id='word_1_116' title='bbox 349 2293 499 2368; x_wconf 89' lang='lat' dir='ltr'>dominis</span> <span class='ocrx_word' id='word_1_117' title='bbox 521 2303 718 2367; x_wconf 89' lang='lat' dir='ltr'>reverenter</span> <span class='ocrx_word' id='word_1_118' title='bbox 737 2291 902 2365; x_wconf 91' lang='lat' dir='ltr'>obediant</span> <span class='ocrx_word' id='word_1_119' title='bbox 923 2299 958 2364; x_wconf 91' lang='lat' dir='ltr'>et</span> <span class='ocrx_word' id='word_1_120' title='bbox 975 2299 1130 2386; x_wconf 89' lang='lat' dir='ltr'>potenter</span> <span class='ocrx_word' id='word_1_121' title='bbox 1154 2289 1335 2376; x_wconf 89' lang='lat' dir='ltr'>assistant,</span> <span class='ocrx_word' id='word_1_122' title='bbox 1361 2309 1426 2360; x_wconf 93' lang='lat' dir='ltr'>nec</span> <span class='ocrx_word' id='word_1_123' title='bbox 1444 2286 1651 2360; x_wconf 85' lang='lat' dir='ltr'>eduliorum</span> 
     </span>
     <span class='ocr_line' id='line_1_15' title="bbox 240 2411 1651 2514; baseline -0.006 -24"><span class='ocrx_word' id='word_1_124' title='bbox 240 2419 304 2490; x_wconf 93' lang='lat' dir='ltr'>nisi</span> <span class='ocrx_word' id='word_1_125' title='bbox 320 2418 533 2514; x_wconf 88' lang='lat' dir='ltr'>imperatoris</span> <span class='ocrx_word' id='word_1_126' title='bbox 546 2417 604 2489; x_wconf 90' lang='lat' dir='ltr'>vel</span> <span class='ocrx_word' id='word_1_127' title='bbox 622 2417 714 2510; x_wconf 90' lang='lat' dir='ltr'>regis</span> <span class='ocrx_word' id='word_1_128' title='bbox 724 2415 868 2488; x_wconf 85' lang='lat' dir='ltr'>Romani</span> <span class='ocrx_word' id='word_1_129' title='bbox 880 2415 1020 2487; x_wconf 87' lang='lat' dir='ltr'>servitia</span> <span class='ocrx_word' id='word_1_130' title='bbox 1032 2414 1107 2486; x_wconf 90' lang='lat' dir='ltr'>sino</span> <span class='ocrx_word' id='word_1_131' title='bbox 1118 2413 1258 2508; x_wconf 89' lang='lat' dir='ltr'>speciali</span> <span class='ocrx_word' id='word_1_132' title='bbox 1275 2411 1494 2484; x_wconf 91' lang='lat' dir='ltr'>dominorum</span> <span class='ocrx_word' id='word_1_133' title='bbox 1509 2432 1651 2483; x_wconf 90' lang='lat' dir='ltr'>snorum</span> 
     </span>
     <span class='ocr_line' id='line_1_16' title="bbox 241 2533 1651 2634; baseline -0.006 -21"><span class='ocrx_word' id='word_1_134' title='bbox 241 2541 377 2614; x_wconf 89' lang='lat' dir='ltr'>licentia</span> <span class='ocrx_word' id='word_1_135' title='bbox 393 2563 430 2614; x_wconf 90' lang='lat' dir='ltr'>se</span> <span class='ocrx_word' id='word_1_136' title='bbox 448 2541 657 2634; x_wconf 89' lang='lat' dir='ltr'>conjungere</span> <span class='ocrx_word' id='word_1_137' title='bbox 673 2541 729 2611; x_wconf 90' lang='lat' dir='ltr'>vel</span> <span class='ocrx_word' id='word_1_138' title='bbox 746 2540 928 2611; x_wconf 88' lang='lat' dir='ltr'>transferre</span> <span class='ocrx_word' id='word_1_139' title='bbox 952 2559 990 2610; x_wconf 92' lang='lat' dir='ltr'>se</span> <span class='ocrx_word' id='word_1_140' title='bbox 1008 2546 1227 2633; x_wconf 90' lang='lat' dir='ltr'>presumant,</span> <span class='ocrx_word' id='word_1_141' title='bbox 1248 2558 1291 2608; x_wconf 91' lang='lat' dir='ltr'>ne</span> <span class='ocrx_word' id='word_1_142' title='bbox 1307 2534 1450 2607; x_wconf 89' lang='lat' dir='ltr'>ecclesie</span> <span class='ocrx_word' id='word_1_143' title='bbox 1471 2533 1651 2606; x_wconf 91' lang='lat' dir='ltr'>bominum</span> 
     </span>
     <span class='ocr_line' id='line_1_17' title="bbox 241 2656 1650 2760; baseline -0.007 -22"><span class='ocrx_word' id='word_1_144' title='bbox 241 2687 382 2739; x_wconf 89' lang='lat' dir='ltr'>suornm</span> <span class='ocrx_word' id='word_1_145' title='bbox 401 2665 576 2760; x_wconf 88' lang='lat' dir='ltr'>obsequiis</span> <span class='ocrx_word' id='word_1_146' title='bbox 605 2675 745 2737; x_wconf 84' lang='lat' dir='ltr'>careant</span> <span class='ocrx_word' id='word_1_147' title='bbox 768 2673 803 2736; x_wconf 91' lang='lat' dir='ltr'>et</span> <span class='ocrx_word' id='word_1_148' title='bbox 825 2662 945 2758; x_wconf 89' lang='lat' dir='ltr'>prelati</span> <span class='ocrx_word' id='word_1_149' title='bbox 973 2659 1118 2756; x_wconf 88' lang='lat' dir='ltr'>predicti</span> <span class='ocrx_word' id='word_1_150' title='bbox 1144 2659 1262 2732; x_wconf 89' lang='lat' dir='ltr'>debito</span> <span class='ocrx_word' id='word_1_151' title='bbox 1282 2658 1484 2731; x_wconf 89' lang='lat' dir='ltr'>fraudentur</span> <span class='ocrx_word' id='word_1_152' title='bbox 1508 2656 1650 2730; x_wconf 94' lang='lat' dir='ltr'>bonore.</span> 
     </span>
     <span class='ocr_line' id='line_1_18' title="bbox 241 2782 1655 2882; baseline -0.007 -20"><span class='ocrx_word' id='word_1_153' title='bbox 241 2789 397 2862; x_wconf 87' lang='lat' dir='ltr'>Preterea</span> <span class='ocrx_word' id='word_1_154' title='bbox 414 2789 577 2862; x_wconf 88' lang='lat' dir='ltr'>universa</span> <span class='ocrx_word' id='word_1_155' title='bbox 599 2798 634 2860; x_wconf 91' lang='lat' dir='ltr'>et</span> <span class='ocrx_word' id='word_1_156' title='bbox 658 2787 796 2882; x_wconf 87' lang='lat' dir='ltr'>singula</span> <span class='ocrx_word' id='word_1_157' title='bbox 817 2789 896 2880; x_wconf 87' lang='lat' dir='ltr'>jura</span> <span class='ocrx_word' id='word_1_158' title='bbox 920 2806 1141 2881; x_wconf 90' lang='lat' dir='ltr'>quocumque</span> <span class='ocrx_word' id='word_1_159' title='bbox 1163 2782 1334 2856; x_wconf 90' lang='lat' dir='ltr'>vocabulo</span> <span class='ocrx_word' id='word_1_160' title='bbox 1356 2792 1561 2856; x_wconf 83' lang='lat' dir='ltr'>censeantur</span> <span class='ocrx_word' id='word_1_161' title='bbox 1585 2803 1655 2875; x_wconf 90' lang='lat' dir='ltr'>que</span> 
     </span>
     <span class='ocr_line' id='line_1_19' title="bbox 241 2905 1656 3009; baseline -0.005 -24"><span class='ocrx_word' id='word_1_162' title='bbox 241 2913 381 3009; x_wconf 90' lang='lat' dir='ltr'>prelatis</span> <span class='ocrx_word' id='word_1_163' title='bbox 397 2911 560 3008; x_wconf 88' lang='lat' dir='ltr'>predictis</span> <span class='ocrx_word' id='word_1_164' title='bbox 582 2921 617 2986; x_wconf 92' lang='lat' dir='ltr'>et</span> <span class='ocrx_word' id='word_1_165' title='bbox 635 2933 755 2984; x_wconf 88' lang='lat' dir='ltr'>eorum</span> <span class='ocrx_word' id='word_1_166' title='bbox 774 2911 927 2984; x_wconf 89' lang='lat' dir='ltr'>eeclesiis</span> <span class='ocrx_word' id='word_1_167' title='bbox 946 2911 982 2982; x_wconf 95' lang='lat' dir='ltr'>in</span> <span class='ocrx_word' id='word_1_168' title='bbox 1002 2911 1101 2982; x_wconf 88' lang='lat' dir='ltr'>terris</span> <span class='ocrx_word' id='word_1_169' title='bbox 1116 2908 1267 2999; x_wconf 83' lang='lat' dir='ltr'>Austris,</span> <span class='ocrx_word' id='word_1_170' title='bbox 1283 2907 1407 3003; x_wconf 84' lang='lat' dir='ltr'>Styria,</span> <span class='ocrx_word' id='word_1_171' title='bbox 1426 2905 1605 2980; x_wconf 83' lang='lat' dir='ltr'>Kerinthie</span> <span class='ocrx_word' id='word_1_172' title='bbox 1621 2917 1656 2978; x_wconf 91' lang='lat' dir='ltr'>et</span> 
     </span>
     <span class='ocr_line' id='line_1_20' title="bbox 241 3029 1653 3132; baseline -0.006 -22"><span class='ocrx_word' id='word_1_173' title='bbox 241 3035 399 3110; x_wconf 81' lang='lat' dir='ltr'>bawarie</span> <span class='ocrx_word' id='word_1_174' title='bbox 409 3043 608 3132; x_wconf 90' lang='lat' dir='ltr'>competunt</span> <span class='ocrx_word' id='word_1_175' title='bbox 622 3035 658 3108; x_wconf 92' lang='lat' dir='ltr'>in</span> <span class='ocrx_word' id='word_1_176' title='bbox 673 3034 885 3126; x_wconf 88' lang='lat' dir='ltr'>bominibus,</span> <span class='ocrx_word' id='word_1_177' title='bbox 899 3032 1189 3130; x_wconf 87' lang='lat' dir='ltr'>possessionibus,</span> <span class='ocrx_word' id='word_1_178' title='bbox 1197 3029 1507 3122; x_wconf 88' lang='lat' dir='ltr'>jurisdictionibus,</span> <span class='ocrx_word' id='word_1_179' title='bbox 1519 3029 1653 3120; x_wconf 88' lang='lat' dir='ltr'>eastris,</span> 
     </span>
     <span class='ocr_line' id='line_1_21' title="bbox 241 3154 1656 3253; baseline -0.004 -21"><span class='ocrx_word' id='word_1_180' title='bbox 241 3159 353 3249; x_wconf 91' lang='lat' dir='ltr'>bonis,</span> <span class='ocrx_word' id='word_1_181' title='bbox 369 3158 480 3234; x_wconf 90' lang='lat' dir='ltr'>feodis</span> <span class='ocrx_word' id='word_1_182' title='bbox 493 3179 553 3232; x_wconf 89' lang='lat' dir='ltr'>seu</span> <span class='ocrx_word' id='word_1_183' title='bbox 575 3160 677 3232; x_wconf 88' lang='lat' dir='ltr'>rebus</span> <span class='ocrx_word' id='word_1_184' title='bbox 690 3160 766 3232; x_wconf 92' lang='lat' dir='ltr'>aliis</span> <span class='ocrx_word' id='word_1_185' title='bbox 779 3159 1073 3253; x_wconf 87' lang='lat' dir='ltr'>quibuscumque,</span> <span class='ocrx_word' id='word_1_186' title='bbox 1088 3155 1171 3252; x_wconf 88' lang='lat' dir='ltr'>ipsis</span> <span class='ocrx_word' id='word_1_187' title='bbox 1187 3165 1222 3228; x_wconf 90' lang='lat' dir='ltr'>et</span> <span class='ocrx_word' id='word_1_188' title='bbox 1235 3175 1356 3228; x_wconf 88' lang='lat' dir='ltr'>eorum</span> <span class='ocrx_word' id='word_1_189' title='bbox 1369 3154 1523 3228; x_wconf 86' lang='lat' dir='ltr'>ecclesiis</span> <span class='ocrx_word' id='word_1_190' title='bbox 1535 3175 1656 3250; x_wconf 88' lang='lat' dir='ltr'>recog·</span> 
     </span>
     <span class='ocr_line' id='line_1_22' title="bbox 243 3277 1653 3377; baseline -0.002 -23"><span class='ocrx_word' id='word_1_191' title='bbox 243 3284 416 3356; x_wconf 90' lang='lat' dir='ltr'>noscimus</span> <span class='ocrx_word' id='word_1_192' title='bbox 429 3283 563 3376; x_wconf 85' lang='lat' dir='ltr'>integre</span> <span class='ocrx_word' id='word_1_193' title='bbox 581 3292 616 3355; x_wconf 90' lang='lat' dir='ltr'>et</span> <span class='ocrx_word' id='word_1_194' title='bbox 632 3283 667 3354; x_wconf 96' lang='lat' dir='ltr'>in</span> <span class='ocrx_word' id='word_1_195' title='bbox 686 3292 809 3374; x_wconf 90' lang='lat' dir='ltr'>totum,</span> <span class='ocrx_word' id='word_1_196' title='bbox 828 3294 863 3358; x_wconf 91' lang='lat' dir='ltr'>et</span> <span class='ocrx_word' id='word_1_197' title='bbox 881 3281 1097 3377; x_wconf 89' lang='lat' dir='ltr'>presentibus</span> <span class='ocrx_word' id='word_1_198' title='bbox 1121 3279 1322 3375; x_wconf 89' lang='lat' dir='ltr'>pollicemur</span> <span class='ocrx_word' id='word_1_199' title='bbox 1345 3277 1444 3373; x_wconf 91' lang='lat' dir='ltr'>quod</span> <span class='ocrx_word' id='word_1_200' title='bbox 1469 3277 1516 3352; x_wconf 91' lang='lat' dir='ltr'>ad</span> <span class='ocrx_word' id='word_1_201' title='bbox 1536 3299 1653 3351; x_wconf 92' lang='lat' dir='ltr'>eorum</span> 
     </span>
     <span class='ocr_line' id='line_1_23' title="bbox 243 3402 1655 3503; baseline -0.003 -21"><span class='ocrx_word' id='word_1_202' title='bbox 243 3416 441 3503; x_wconf 85' lang='lat' dir='ltr'>potestatem</span> <span class='ocrx_word' id='word_1_203' title='bbox 463 3419 498 3482; x_wconf 90' lang='lat' dir='ltr'>et</span> <span class='ocrx_word' id='word_1_204' title='bbox 520 3405 704 3502; x_wconf 91' lang='lat' dir='ltr'>imperinm</span> <span class='ocrx_word' id='word_1_205' title='bbox 722 3428 785 3480; x_wconf 90' lang='lat' dir='ltr'>seu</span> <span class='ocrx_word' id='word_1_206' title='bbox 810 3406 1004 3480; x_wconf 91' lang='lat' dir='ltr'>dominium</span> <span class='ocrx_word' id='word_1_207' title='bbox 1028 3403 1278 3499; x_wconf 89' lang='lat' dir='ltr'>quantocitius</span> <span class='ocrx_word' id='word_1_208' title='bbox 1299 3402 1488 3498; x_wconf 86' lang='lat' dir='ltr'>poterimus</span> <span class='ocrx_word' id='word_1_209' title='bbox 1509 3402 1655 3478; x_wconf 88' lang='lat' dir='ltr'>reduce·</span> 
     </span>
     <span class='ocr_line' id='line_1_24' title="bbox 244 3527 1656 3625; baseline -0.002 -22"><span class='ocrx_word' id='word_1_210' title='bbox 244 3551 338 3624; x_wconf 88' lang='lat' dir='ltr'>mus,</span> <span class='ocrx_word' id='word_1_211' title='bbox 354 3552 423 3605; x_wconf 94' lang='lat' dir='ltr'>non</span> <span class='ocrx_word' id='word_1_212' title='bbox 440 3531 598 3604; x_wconf 88' lang='lat' dir='ltr'>obstante</span> <span class='ocrx_word' id='word_1_213' title='bbox 608 3530 637 3603; x_wconf 88' lang='lat' dir='ltr'>si</span> <span class='ocrx_word' id='word_1_214' title='bbox 657 3531 702 3602; x_wconf 93' lang='lat' dir='ltr'>ab</span> <span class='ocrx_word' id='word_1_215' title='bbox 720 3531 897 3623; x_wconf 89' lang='lat' dir='ltr'>aliquibus</span> <span class='ocrx_word' id='word_1_216' title='bbox 914 3529 1113 3625; x_wconf 89' lang='lat' dir='ltr'>potentibus</span> <span class='ocrx_word' id='word_1_217' title='bbox 1129 3527 1167 3600; x_wconf 92' lang='lat' dir='ltr'>vi</span> <span class='ocrx_word' id='word_1_218' title='bbox 1182 3527 1238 3600; x_wconf 93' lang='lat' dir='ltr'>vel</span> <span class='ocrx_word' id='word_1_219' title='bbox 1256 3534 1349 3598; x_wconf 90' lang='lat' dir='ltr'>metu</span> <span class='ocrx_word' id='word_1_220' title='bbox 1362 3547 1426 3600; x_wconf 89' lang='lat' dir='ltr'>seo</span> <span class='ocrx_word' id='word_1_221' title='bbox 1440 3527 1559 3600; x_wconf 87' lang='lat' dir='ltr'>aliasa</span> <span class='ocrx_word' id='word_1_222' title='bbox 1579 3548 1656 3622; x_wconf 89' lang='lat' dir='ltr'>pre-</span> 
     </span>
     <span class='ocr_line' id='line_1_25' title="bbox 245 3650 1658 3750; baseline -0.004 -22"><span class='ocrx_word' id='word_1_223' title='bbox 245 3654 345 3728; x_wconf 87' lang='lat' dir='ltr'>dictis</span> <span class='ocrx_word' id='word_1_224' title='bbox 361 3655 499 3750; x_wconf 89' lang='lat' dir='ltr'>prelatis</span> <span class='ocrx_word' id='word_1_225' title='bbox 523 3653 568 3726; x_wconf 90' lang='lat' dir='ltr'>de</span> <span class='ocrx_word' id='word_1_226' title='bbox 585 3654 747 3749; x_wconf 88' lang='lat' dir='ltr'>predictis</span> <span class='ocrx_word' id='word_1_227' title='bbox 771 3654 872 3726; x_wconf 87' lang='lat' dir='ltr'>bonis</span> <span class='ocrx_word' id='word_1_228' title='bbox 892 3675 954 3725; x_wconf 91' lang='lat' dir='ltr'>seu</span> <span class='ocrx_word' id='word_1_229' title='bbox 974 3651 1249 3748; x_wconf 89' lang='lat' dir='ltr'>possessionibus</span> <span class='ocrx_word' id='word_1_230' title='bbox 1271 3650 1406 3745; x_wconf 91' lang='lat' dir='ltr'>aliquid</span> <span class='ocrx_word' id='word_1_231' title='bbox 1425 3651 1583 3745; x_wconf 90' lang='lat' dir='ltr'>improbe</span> <span class='ocrx_word' id='word_1_232' title='bbox 1604 3660 1658 3724; x_wconf 88' lang='lat' dir='ltr'>est</span> 
     </span>
     <span class='ocr_line' id='line_1_26' title="bbox 244 3775 1656 3874; baseline -0.001 -24"><span class='ocrx_word' id='word_1_233' title='bbox 244 3787 416 3852; x_wconf 81' lang='lat' dir='ltr'>extortum</span> <span class='ocrx_word' id='word_1_234' title='bbox 434 3775 502 3874; x_wconf 88' lang='lat' dir='ltr'>(l);</span> <span class='ocrx_word' id='word_1_235' title='bbox 526 3799 596 3872; x_wconf 91' lang='lat' dir='ltr'>que</span> <span class='ocrx_word' id='word_1_236' title='bbox 609 3777 743 3850; x_wconf 91' lang='lat' dir='ltr'>viribus</span> <span class='ocrx_word' id='word_1_237' title='bbox 765 3797 878 3850; x_wconf 92' lang='lat' dir='ltr'>vacua</span> <span class='ocrx_word' id='word_1_238' title='bbox 900 3798 975 3849; x_wconf 85' lang='lat' dir='ltr'>csse</span> <span class='ocrx_word' id='word_1_239' title='bbox 991 3777 1153 3850; x_wconf 91' lang='lat' dir='ltr'>volumus</span> <span class='ocrx_word' id='word_1_240' title='bbox 1167 3785 1202 3848; x_wconf 90' lang='lat' dir='ltr'>et</span> <span class='ocrx_word' id='word_1_241' title='bbox 1220 3776 1349 3848; x_wconf 90' lang='lat' dir='ltr'>nullius</span> <span class='ocrx_word' id='word_1_242' title='bbox 1372 3775 1500 3848; x_wconf 89' lang='lat' dir='ltr'>babere</span> <span class='ocrx_word' id='word_1_243' title='bbox 1523 3775 1656 3848; x_wconf 87' lang='lat' dir='ltr'>roboris</span> 
     </span>
     <span class='ocr_line' id='line_1_27' title="bbox 245 3898 1652 3996; baseline -0.001 -22"><span class='ocrx_word' id='word_1_244' title='bbox 245 3899 451 3976; x_wconf 85' lang='lat' dir='ltr'>firmitatem.</span> <span class='ocrx_word' id='word_1_245' title='bbox 472 3903 515 3974; x_wconf 81' lang='lat' dir='ltr'>b&#39;t</span> <span class='ocrx_word' id='word_1_246' title='bbox 532 3911 571 3974; x_wconf 89' lang='lat' dir='ltr'>ut</span> <span class='ocrx_word' id='word_1_247' title='bbox 584 3902 691 3974; x_wconf 89' lang='lat' dir='ltr'>animi</span> <span class='ocrx_word' id='word_1_248' title='bbox 705 3902 813 3976; x_wconf 92' lang='lat' dir='ltr'>nostri</span> <span class='ocrx_word' id='word_1_249' title='bbox 831 3911 963 3974; x_wconf 89' lang='lat' dir='ltr'>motum</span> <span class='ocrx_word' id='word_1_250' title='bbox 977 3923 1048 3996; x_wconf 90' lang='lat' dir='ltr'>quo</span> <span class='ocrx_word' id='word_1_251' title='bbox 1060 3901 1199 3974; x_wconf 89' lang='lat' dir='ltr'>eosdem</span> <span class='ocrx_word' id='word_1_252' title='bbox 1214 3901 1454 3996; x_wconf 88' lang='lat' dir='ltr'>amplectimur</span> <span class='ocrx_word' id='word_1_253' title='bbox 1468 3898 1652 3994; x_wconf 89' lang='lat' dir='ltr'>principes,</span> 
     </span>
     <span class='ocr_line' id='line_1_28' title="bbox 246 4023 1656 4120; baseline -0.001 -23"><span class='ocrx_word' id='word_1_254' title='bbox 246 4045 300 4097; x_wconf 89' lang='lat' dir='ltr'>ros</span> <span class='ocrx_word' id='word_1_255' title='bbox 316 4025 477 4119; x_wconf 91' lang='lat' dir='ltr'>loquatur</span> <span class='ocrx_word' id='word_1_256' title='bbox 491 4033 526 4096; x_wconf 87' lang='lat' dir='ltr'>at</span> <span class='ocrx_word' id='word_1_257' title='bbox 540 4025 654 4120; x_wconf 89' lang='lat' dir='ltr'>operis</span> <span class='ocrx_word' id='word_1_258' title='bbox 668 4025 814 4098; x_wconf 91' lang='lat' dir='ltr'>evidens</span> <span class='ocrx_word' id='word_1_259' title='bbox 829 4025 1023 4097; x_wconf 81' lang='lat' dir='ltr'>manifestet</span> <span class='ocrx_word' id='word_1_260' title='bbox 1043 4025 1201 4114; x_wconf 84' lang='lat' dir='ltr'>effectus,</span> <span class='ocrx_word' id='word_1_261' title='bbox 1222 4023 1409 4096; x_wconf 90' lang='lat' dir='ltr'>sententias</span> <span class='ocrx_word' id='word_1_262' title='bbox 1421 4034 1454 4095; x_wconf 91' lang='lat' dir='ltr'>et</span> <span class='ocrx_word' id='word_1_263' title='bbox 1473 4045 1656 4119; x_wconf 87' lang='lat' dir='ltr'>processus</span> 
     </span>
     <span class='ocr_line' id='line_1_29' title="bbox 245 4147 1656 4246; baseline 0 -26"><span class='ocrx_word' id='word_1_264' title='bbox 245 4169 332 4242; x_wconf 87' lang='lat' dir='ltr'>quos</span> <span class='ocrx_word' id='word_1_265' title='bbox 349 4148 454 4222; x_wconf 92' lang='lat' dir='ltr'>iidem</span> <span class='ocrx_word' id='word_1_266' title='bbox 473 4149 579 4222; x_wconf 90' lang='lat' dir='ltr'>nostri</span> <span class='ocrx_word' id='word_1_267' title='bbox 593 4149 767 4246; x_wconf 87' lang='lat' dir='ltr'>principes</span> <span class='ocrx_word' id='word_1_268' title='bbox 780 4148 950 4223; x_wconf 87' lang='lat' dir='ltr'>adversus</span> <span class='ocrx_word' id='word_1_269' title='bbox 963 4169 1022 4222; x_wconf 89' lang='lat' dir='ltr'>ecs</span> <span class='ocrx_word' id='word_1_270' title='bbox 1041 4148 1103 4243; x_wconf 94' lang='lat' dir='ltr'>qui</span> <span class='ocrx_word' id='word_1_271' title='bbox 1116 4149 1281 4243; x_wconf 73' lang='lat' dir='ltr'>&#39;premissa</span> <span class='ocrx_word' id='word_1_272' title='bbox 1302 4148 1359 4221; x_wconf 92' lang='lat' dir='ltr'>vel</span> <span class='ocrx_word' id='word_1_273' title='bbox 1379 4147 1494 4242; x_wconf 88' lang='lat' dir='ltr'>aliqua</span> <span class='ocrx_word' id='word_1_274' title='bbox 1513 4147 1656 4243; x_wconf 86' lang='lat' dir='ltr'>pramis-</span> 
     </span>
    </p>
   </div>
   <div class='ocr_carea' id='block_1_4' title="bbox 1411 4367 1652 4378">
    <p class='ocr_par' dir='ltr' id='par_1_4' title="bbox 1411 4367 1652 4378">
     <span class='ocr_line' id='line_1_30' title="bbox 1411 4367 1652 4378; baseline 0 0"><span class='ocrx_word' id='word_1_275' title='bbox 1411 4367 1652 4378; x_wconf 60' lang='grc' dir='ltr'>--ι--α-...η-...α</span> 
     </span>
    </p>
   </div>
   <div class='ocr_carea' id='block_1_5' title="bbox 249 4493 1657 4668">
    <p class='ocr_par' dir='ltr' id='par_1_5' title="bbox 249 4493 1657 4668">
     <span class='ocr_line' id='line_1_31' title="bbox 284 4493 1656 4572; baseline 0.004 -23"><span class='ocrx_word' id='word_1_276' title='bbox 284 4493 317 4566; x_wconf 80' lang='lat' dir='ltr'>(l)</span> <span class='ocrx_word' id='word_1_277' title='bbox 335 4493 480 4569; x_wconf 76' lang='lat' dir='ltr'>Alludltur,</span> <span class='ocrx_word' id='word_1_278' title='bbox 495 4503 526 4556; x_wconf 88' lang='lat' dir='ltr'>ut</span> <span class='ocrx_word' id='word_1_279' title='bbox 539 4497 710 4569; x_wconf 86' lang='lat' dir='ltr'>arbitramur,</span> <span class='ocrx_word' id='word_1_280' title='bbox 725 4499 760 4556; x_wconf 91' lang='lat' dir='ltr'>ad</span> <span class='ocrx_word' id='word_1_281' title='bbox 773 4497 884 4557; x_wconf 87' lang='lat' dir='ltr'>bellicos</span> <span class='ocrx_word' id='word_1_282' title='bbox 896 4505 984 4556; x_wconf 88' lang='lat' dir='ltr'>motus</span> <span class='ocrx_word' id='word_1_283' title='bbox 996 4512 1064 4570; x_wconf 89' lang='lat' dir='ltr'>quos</span> <span class='ocrx_word' id='word_1_284' title='bbox 1075 4497 1188 4556; x_wconf 85' lang='lat' dir='ltr'>comites</span> <span class='ocrx_word' id='word_1_285' title='bbox 1201 4497 1235 4557; x_wconf 87' lang='lat' dir='ltr'>de</span> <span class='ocrx_word' id='word_1_286' title='bbox 1248 4497 1430 4572; x_wconf 84' lang='lat' dir='ltr'>Wasserburg</span> <span class='ocrx_word' id='word_1_287' title='bbox 1445 4503 1472 4555; x_wconf 89' lang='lat' dir='ltr'>et</span> <span class='ocrx_word' id='word_1_288' title='bbox 1482 4496 1516 4554; x_wconf 90' lang='lat' dir='ltr'>da</span> <span class='ocrx_word' id='word_1_289' title='bbox 1528 4495 1656 4556; x_wconf 86' lang='lat' dir='ltr'>Scbaum·</span> 
     </span>
     <span class='ocr_line' id='line_1_32' title="bbox 249 4586 1657 4668; baseline 0.004 -23"><span class='ocrx_word' id='word_1_290' title='bbox 249 4586 317 4662; x_wconf 84' lang='lat' dir='ltr'>burg</span> <span class='ocrx_word' id='word_1_291' title='bbox 332 4589 359 4645; x_wconf 88' lang='lat' dir='ltr'>in</span> <span class='ocrx_word' id='word_1_292' title='bbox 374 4591 452 4648; x_wconf 85' lang='lat' dir='ltr'>terris</span> <span class='ocrx_word' id='word_1_293' title='bbox 464 4593 649 4668; x_wconf 87' lang='lat' dir='ltr'>episcoporum</span> <span class='ocrx_word' id='word_1_294' title='bbox 663 4596 791 4655; x_wconf 79' lang='lat' dir='ltr'>bavariae</span> <span class='ocrx_word' id='word_1_295' title='bbox 809 4596 934 4655; x_wconf 87' lang='lat' dir='ltr'>suasione</span> <span class='ocrx_word' id='word_1_296' title='bbox 946 4595 1049 4654; x_wconf 71' lang='lat' dir='ltr'>elberti</span> <span class='ocrx_word' id='word_1_297' title='bbox 1069 4595 1180 4653; x_wconf 79' lang='lat' dir='ltr'>bohemi</span> <span class='ocrx_word' id='word_1_298' title='bbox 1199 4595 1374 4654; x_wconf 87' lang='lat' dir='ltr'>suscitabant.</span> <span class='ocrx_word' id='word_1_299' title='bbox 1392 4595 1469 4654; x_wconf 88' lang='lat' dir='ltr'>Unde</span> <span class='ocrx_word' id='word_1_300' title='bbox 1489 4593 1657 4668; x_wconf 86' lang='lat' dir='ltr'>privilegium</span> 
     </span>
    </p>
   </div>
   <div class='ocr_carea' id='block_1_6' title="bbox 249 4685 1656 4842">
    <p class='ocr_par' dir='ltr' id='par_1_6' title="bbox 249 4685 1656 4842">
     <span class='ocr_line' id='line_1_33' title="bbox 249 4685 1656 4770; baseline 0.008 -31"><span class='ocrx_word' id='word_1_301' title='bbox 249 4685 325 4757; x_wconf 83' lang='lat' dir='ltr'>cujus</span> <span class='ocrx_word' id='word_1_302' title='bbox 340 4693 419 4744; x_wconf 85' lang='lat' dir='ltr'>notas</span> <span class='ocrx_word' id='word_1_303' title='bbox 435 4687 635 4766; x_wconf 89' lang='lat' dir='ltr'>chronologicas</span> <span class='ocrx_word' id='word_1_304' title='bbox 652 4691 751 4755; x_wconf 86' lang='lat' dir='ltr'>frustra</span> <span class='ocrx_word' id='word_1_305' title='bbox 764 4695 979 4770; x_wconf 77' lang='lat' dir='ltr'>disquisivimus,</span> <span class='ocrx_word' id='word_1_306' title='bbox 994 4691 1028 4752; x_wconf 90' lang='lat' dir='ltr'>ad</span> <span class='ocrx_word' id='word_1_307' title='bbox 1041 4693 1094 4752; x_wconf 91' lang='lat' dir='ltr'>boe</span> <span class='ocrx_word' id='word_1_308' title='bbox 1106 4702 1213 4769; x_wconf 91' lang='lat' dir='ltr'>tempus</span> <span class='ocrx_word' id='word_1_309' title='bbox 1229 4709 1282 4752; x_wconf 92' lang='lat' dir='ltr'>non</span> <span class='ocrx_word' id='word_1_310' title='bbox 1300 4695 1391 4769; x_wconf 90' lang='lat' dir='ltr'>inepte</span> <span class='ocrx_word' id='word_1_311' title='bbox 1406 4709 1436 4752; x_wconf 90' lang='lat' dir='ltr'>se</span> <span class='ocrx_word' id='word_1_312' title='bbox 1452 4692 1656 4752; x_wconf 87' lang='lat' dir='ltr'>accommodare</span> 
     </span>
     <span class='ocr_line' id='line_1_34' title="bbox 249 4796 397 4842; baseline 0.014 -2"><span class='ocrx_word' id='word_1_313' title='bbox 249 4796 397 4842; x_wconf 85' lang='lat' dir='ltr'>censemus.</span> 
     </span>
    </p>
   </div>
   <div class='ocr_carea' id='block_1_7' title="bbox 327 4884 1494 4952">
    <p class='ocr_par' dir='ltr' id='par_1_7' title="bbox 327 4884 1494 4952">
     <span class='ocr_line' id='line_1_35' title="bbox 327 4884 1494 4952; baseline -0.009 10"><span class='ocrx_word' id='word_1_314' title='bbox 327 4884 363 4946; x_wconf 85' lang='lat' dir='ltr'>V·</span> <span class='ocrx_word' id='word_1_315' title='bbox 385 4899 472 4947; x_wconf 65' lang='grc' dir='ltr'>ΡΜ</span> <span class='ocrx_word' id='word_1_316' title='bbox 1439 4899 1494 4952; x_wconf 75' lang='lat' dir='ltr'>ala</span> 
     </span>
    </p>
   </div>
   <div class='ocr_carea' id='block_1_8' title="bbox 0 0 2217 6004">
    <p class='ocr_par' dir='ltr' id='par_1_8' title="bbox 0 0 2217 6004">
     <span class='ocr_line' id='line_1_36' title="bbox 0 0 2217 6004; baseline 0 0"><span class='ocrx_word' id='word_1_317' title='bbox 0 0 2217 6004; x_wconf 95' lang='lat' dir='ltr'> </span> 
     </span>
    </p>
   </div>
  </div>
 </body>
</html>
