4384 6004
263 698 364 761 ruma.
382 697 444 776 ra]
711 693 909 754 ursuoura
934 694 1231 757 nrvnounvrcrt.
1599 691 1678 754 1103

264 828 363 911 lecta
382 827 441 910 vel
459 825 638 935 petitione
656 825 711 907 eis
730 825 779 908 ab
799 826 975 936 episcopo
994 853 1064 910 suo
1082 827 1260 935 imposita
1277 827 1468 908 immunes
1486 825 1526 906 in
1544 850 1677 933 perpe-

264 973 376 1044 tuum
395 959 649 1043 declarantur.

348 1202 472 1280 (lnedlt.
487 1217 526 1261 ex
539 1201 676 1282 orlglnsll
688 1203 767 1262 inter
782 1202 901 1264 docum.
918 1201 1073 1264 Constant.
1089 1203 1121 1262 in
1136 1197 1257 1262 archivo
1272 1198 1494 1272 Knrlsruhensl,
1509 1207 1542 1258 n⁰
1556 1206 1586 1275 9,
1600 1197 1679 1258 unde

386 1309 494 1386 pendet
507 1309 638 1388 slglllum
655 1325 773 1370 cereum
791 1309 850 1370 dlis
865 1311 965 1370 sericis
979 1308 1051 1369 davi
1063 1314 1093 1368 et
1111 1305 1311 1368 amarentblnl
1324 1306 1441 1366 coloris.
1457 1304 1547 1380 Culus
1561 1303 1678 1380 quidem

386 1414 533 1493 privilegii
554 1415 669 1476 nullam
690 1415 771 1494 apud
793 1423 927 1476 auctores
949 1431 1048 1475 rerum
1067 1416 1260 1477 suevicarum
1282 1416 1462 1474 mentionem
1486 1426 1579 1487 usqne
1599 1424 1679 1468 nune

386 1519 578 1599 invenimus)

316 1706 355 1777 ln
373 1706 513 1779 nomine
530 1715 647 1778 sancte
672 1715 707 1778 et
730 1705 916 1780 individue
935 1707 1121 1779 Trinitatis.
1147 1705 1341 1778 Fvidericus
1363 1701 1537 1777 secundus
1562 1701 1681 1774 divina

268 1831 406 1902 favente
427 1831 609 1903 clementia
627 1831 859 1904 Romanorum
880 1831 1066 1926 imperator
1085 1853 1221 1926 semper
1237 1839 1425 1920 augustus,
1445 1826 1631 1898 Jerusalem
1648 1834 1682 1898 et

267 1955 383 2026 Sicilie
403 1975 479 2026 rex.
500 1954 605 2028 Iustis
620 1953 777 2028 fidelium
796 1954 1019 2049 petitionibus
1037 1953 1315 2028 condescendere
1337 1962 1493 2024 tenemur
1512 1970 1599 2044 quas
1614 1948 1682 2020 nisi

268 2078 502 2151 favorabiliter
516 2077 738 2170 audiremus,
760 2079 929 2151 obaudire
945 2078 1041 2171 quod
1063 2078 1189 2172 petitur
1207 2099 1268 2172 per
1287 2076 1448 2169 injuriam
1467 2073 1679 2147 videremur.

267 2202 356 2274 Hinc
369 2209 422 2274 est
440 2202 545 2296 igitur
563 2202 659 2296 quod
676 2202 770 2274 cives
787 2202 1070 2274 Constaneienses
1094 2199 1216 2274 fideles
1234 2200 1339 2272 nostri
1355 2198 1401 2272 ad
1425 2208 1576 2272 nostram
1597 2218 1683 2292 pve-

268 2326 414 2398 sentiam
432 2325 634 2398 accedentes
651 2325 830 2420 quoddam
846 2325 1070 2421 privilegium
1090 2324 1221 2398 domini
1237 2323 1451 2420 imperatoris
1468 2323 1607 2396 Henrici
1621 2343 1682 2416 pa-

268 2449 329 2522 tris
355 2450 461 2523 nostri
491 2449 627 2523 dudum
649 2450 734 2545 ipsis
761 2450 935 2523 indultum
957 2459 1073 2523 nostro
1097 2449 1239 2522 culmini
1267 2457 1524 2545 presentarunt,
1552 2446 1684 2542 suppli·

271 2582 386 2646 cantes
405 2573 579 2646 humiliter
596 2584 631 2648 et
649 2575 774 2648 devote
792 2587 831 2648 ut
851 2575 938 2648 illud
959 2575 1009 2648 eis
1033 2576 1201 2647 innovare
1223 2583 1258 2648 et
1280 2572 1487 2646 confirmare
1507 2572 1553 2646 de
1568 2580 1685 2644 nostra

271 2699 379 2791 gratia
394 2697 636 2790 dignaremur,
653 2700 754 2791 cujus
768 2709 866 2773 tenor
881 2721 942 2796 per
959 2701 1075 2773 omnia
1089 2700 1167 2772 talis
1185 2708 1282 2771 erat:

319 2822 358 2892 ln
372 2822 512 2895 nomine
535 2833 654 2894 sancte
680 2833 715 2895 et
743 2823 929 2897 individue
951 2824 1135 2897 Trinitatis.
1161 2823 1330 2895 Henricus
1348 2831 1469 2895 sextus
1491 2821 1613 2895 divina
1639 2821 1688 2894 la·

270 2951 372 3017 vente
388 2947 572 3019 clementia
591 2947 822 3020 Romanorum
846 2948 1028 3042 imperator
1046 2956 1228 3040 augustus.
1256 2947 1479 3041 imperatorie
1499 2946 1686 3038 majestatis

272 3077 387 3142 nostre
400 3069 635 3164 circunspecta
651 3069 812 3143 discretio
827 3069 973 3164 dignum
985 3069 1132 3142 attendit
1150 3092 1191 3142 ea
1207 3091 1276 3164 que
1294 3069 1417 3142 ordine
1426 3069 1550 3163 judieii
1563 3070 1599 3140 in
1613 3090 1686 3163 pre·

272 3193 381 3265 sentia
394 3203 510 3266 nostra
523 3194 680 3266 discussa
695 3204 823 3268 suntet
838 3194 998 3282 diffinita,
1016 3195 1151 3266 litterali
1163 3194 1327 3266 memoria
1343 3194 1389 3266 ad
1402 3203 1558 3290 posteros
1572 3205 1684 3265 trans·

272 3316 423 3408 mittere,
443 3338 488 3388 ne
511 3339 674 3412 processu
692 3327 888 3413 temporum
908 3340 954 3390 ex
971 3317 1149 3390 oblivione
1166 3319 1281 3411 aliqua
1300 3327 1436 3412 propter
1459 3319 1686 3412 malignorum

271 3440 479 3534 proterviam
505 3441 722 3535 aliquatenus
745 3441 894 3514 debeant
913 3440 1094 3514 retardari.
1115 3441 1165 3514 Ea
1185 3455 1325 3537 propter
1348 3443 1508 3515 noverint
1530 3439 1687 3513 universi

272 3562 392 3638 fideles
407 3565 541 3659 imperii
557 3566 663 3637 nostri
684 3575 753 3637 tam
775 3577 952 3660 presentes
966 3587 1072 3661 quam
1091 3567 1216 3656 loturi,
1236 3566 1333 3660 quod
1350 3565 1463 3640 fidelis
1478 3576 1592 3640 noster
1606 3565 1686 3638 Die·

272 3688 421 3761 thelmus
432 3688 705 3762 constanciensis
714 3689 897 3784 episcopus
909 3711 957 3761 ex
969 3690 1199 3785 postulatione
1208 3691 1434 3784 burgensium
1444 3691 1686 3764 constamien-

273 3813 363 3884 sinm
374 3812 436 3906 qui
450 3813 628 3885 collectam
640 3812 698 3886 vel
715 3814 912 3909 petitionem
924 3835 1030 3908 qnam
1044 3815 1151 3888 ineos
1167 3817 1278 3889 lacere
1290 3817 1400 3890 voluit
1415 3816 1483 3911 ipsi
1499 3815 1685 3912 negabant,

273 3935 318 4007 ad
335 3944 485 4009 nostram
501 3935 597 4032 apud
612 3935 777 4009 leodium
791 3937 958 4010 accedeus
982 3940 1208 4033 presentiam,
1233 3961 1338 4012 cansa
1360 3939 1421 4012 diu
1440 3941 1530 4013 inter
1550 3963 1610 4014 eos
1626 3963 1688 4036 per

270 4059 438 4150 justitiam
447 4061 624 4150 ventilata,
635 4081 748 4133 coram
760 4063 939 4154 majestate
948 4071 1064 4135 nostra
1073 4072 1107 4134 et
1115 4063 1331 4158 principibus
1342 4065 1478 4160 imperii
1489 4066 1688 4159 recognovit

275 4181 371 4275 quod
394 4183 517 4255 civitas
541 4192 575 4256 et
596 4185 787 4279 burgenses
815 4185 1096 4260 Constancienses
1123 4209 1170 4260 ex
1195 4189 1385 4284 privilegiis
1407 4199 1442 4262 et
1466 4191 1688 4265 concessione

274 4314 529 4379 antecessorum
550 4318 743 4381 nostrorum
765 4308 926 4382 divorum
953 4321 1198 4405 angustorum,
1223 4313 1315 4406 regis
1337 4315 1521 4407 Dagoberti
1544 4329 1578 4388 et
1598 4317 1688 4390 alio·

274 4449 365 4520 rum,
381 4429 511 4502 nullam
528 4431 726 4526 petitionem
740 4453 803 4504 seu
821 4434 995 4506 collectam
1010 4435 1076 4528 ipsi
1089 4435 1252 4528 episcopo
1267 4438 1325 4508 vel
1347 4436 1517 4510 advocato
1537 4438 1688 4512 civitatis

274 4552 329 4623 vel
352 4553 611 4626 successoribus
639 4555 712 4627 suis
737 4555 848 4628 lacere
867 4556 1027 4629 debeant.
1049 4556 1160 4641 Quam
1178 4561 1447 4653 recognitionem
1470 4570 1601 4655 gratam
1626 4562 1688 4636 ha·

274 4673 408 4766 beritos,
432 4677 476 4750 de
496 4679 598 4773 plena
617 4681 794 4753 voluntate
818 4680 899 4752 dicti
922 4681 1076 4778 episcopi
1100 4691 1135 4756 et
1157 4684 1274 4757 lavore
1297 4685 1529 4778 burgensibus
1549 4696 1584 4759 et
1601 4689 1688 4760 civi-

275 4799 336 4871 tati
369 4799 625 4876 constanciensi
653 4804 743 4878 hanc
769 4805 959 4879 libertatem
992 4817 1160 4902 perpetuo
1184 4811 1263 4900 jure
1291 4809 1457 4904 imperiali
1488 4812 1688 4885 auctoritate
