4524 6012
541 670 603 733 654
1042 684 1255 748 l'lllllElllCl
1282 688 1456 750 ssctrtnt
1764 695 1844 772 [Aur.
1863 697 1948 760 12⁴0.

541 805 625 878 mini
650 818 764 882 vestm
791 814 965 907 sequentis
991 819 1073 889 anni
1096 819 1141 893 de
1165 829 1296 910 rectore
1320 822 1459 920 ydoneo
1486 822 1653 898 duximus
1676 829 1945 922 procurandum.

539 929 631 1002 Licet
645 931 752 1025 igitur
773 957 889 1010 comes
909 939 1079 1016 Galterius
1099 943 1144 1017 de
1161 947 1401 1042 Manuppello,
1426 948 1515 1020 sacri
1538 949 1672 1044 imperii
1697 952 1733 1022 in
1752 953 1949 1028 Romuuiola

537 1055 689 1130 vicarius
707 1067 742 1131 et
763 1057 876 1134 tidelis
899 1074 1015 1138 noster
1031 1065 1098 1162 (l),
1124 1071 1320 1160 generalem
1344 1072 1453 1166 ipsius
1477 1073 1656 1167 provincie
1674 1075 1947 1166 jurisdictionem

535 1181 722 1272 presideat,
743 1195 781 1255 ut
799 1185 929 1258 bonum
950 1199 1076 1263 statum
1091 1202 1242 1265 vestrum
1260 1193 1450 1289 specialiter
1467 1206 1565 1289 regat
1582 1206 1616 1269 et
1635 1196 1763 1292 dirigat
1781 1199 1896 1294 ipsum
1911 1201 1947 1272 in

535 1313 736 1400 potestatem
749 1319 902 1382 vestrum
919 1315 1080 1406 proximo
1094 1317 1200 1388 loturi
1218 1319 1300 1391 anni
1317 1317 1563 1392 deliberatione
1579 1321 1726 1414 provida
1740 1329 1945 1412 statuentes,

534 1429 740 1504 mandamus
758 1441 792 1504 et
809 1435 1019 1530 precipimus
1037 1437 1194 1512 fidelitati
1216 1449 1332 1514 vestre
1353 1451 1525 1536 quatenus
1541 1444 1605 1516 etsi
1623 1444 1709 1516 alias
1730 1445 1762 1517 ei
1780 1455 1944 1540 tunquam

532 1554 685 1644 generali
706 1548 837 1628 vicario
841 1611 1052 1632 ......
1083 1617 1093 1654 ,
1113 1563 1358 1637 nichilominus
1378 1566 1537 1660 potestati
1562 1575 1677 1640 vestro
1702 1569 1863 1662 pmximo
1881 1591 1945 1642 se·

531 1679 651 1770 quenti
666 1700 758 1751 auno
777 1702 798 1752 a
816 1681 916 1754 nobis
932 1685 1069 1778 proviso
1088 1696 1123 1759 et
1142 1689 1272 1761 vicario
1294 1690 1370 1780 ejus
1387 1711 1494 1784 quem
1511 1691 1547 1760 in
1567 1691 1722 1762 absentia
1738 1712 1801 1763 sna
1817 1701 1944 1765 statuet

529 1799 686 1892 loco'sui,
703 1802 881 1878 intendere
896 1815 930 1878 et
944 1805 1087 1880 obedire
1103 1810 1229 1883 curetis
1245 1812 1280 1882 iu
1297 1811 1544 1908 omnibusque
1561 1812 1608 1886 ud
1621 1813 1786 1886 honorem
1808 1824 1842 1887 et
1855 1813 1942 1890 fide·

529 1925 658 1998 litatem
687 1937 899 2002 nostramet
932 1932 1071 2006 salubre
1102 1935 1258 2026 regimen
1294 1945 1404 2009 status
1432 1937 1537 2010 vestri
1567 1937 1716 2010 debeant
1744 1940 1938 2032 provenire.

529 2049 743 2124 Confidimus
756 2052 849 2124 enim
867 2053 963 2148 quod
981 2065 1075 2130 tanto
1091 2058 1306 2132 commodius
1328 2062 1507 2154 provisum
1527 2063 1599 2134 lore
1621 2062 1722 2135 vobis
1746 2061 1943 2156 gaudebitis

528 2175 564 2246 in
590 2175 713 2249 eodem
738 2186 868 2270 quanto
895 2201 957 2274 per
988 2183 1185 2275 generalem
1207 2184 1482 2276 jurisdictionem
1506 2186 1647 2280 speciali
1668 2185 1853 2259 subveniet
1876 2183 1938 2284 [et]

527 2301 674 2396 speciale
693 2301 845 2374 ollioium
866 2305 1043 2398 potestatis
1063 2307 1245 2380 salubriter
1268 2307 1514 2403 et‘speciatitar
1537 2310 1763 2404 promovebit.
1790 2310 1940 2384 blanda-

526 2448 604 2498 mus
628 2427 770 2521 insuper
793 2429 825 2500 ei
851 2437 891 2501 ut
909 2431 1052 2504 formam
1074 2433 1259 2524 juramenti
1278 2433 1374 2528 quod
1399 2433 1445 2508 de
1471 2434 1667 2508 exercenda
1691 2435 1871 2530 potestariu
1895 2435 1940 2510 de
2071 2413 2078 2428 ⁹

525 2573 620 2625 more
638 2537 801 2652 prestabit
820 2553 940 2643 faciat,
958 2555 1057 2629 salvo
1072 2555 1236 2630 mandato
1252 2565 1287 2630 et
1303 2556 1520 2631 ordinatione
1537 2565 1665 2630 nostru.

326 3143 480 3251 epm,
575 3124 736 3207 Litterae
753 3133 925 3234 patentes
943 3133 981 3206 et
998 3125 1151 3207 clausae
1169 3127 1217 3207 de
1234 3126 1379 3209 mutuis
1396 3135 1652 3208 mercatorum
1674 3124 1934 3208 Romanorum

522 3256 624 3364 apud
643 3256 903 3338 Landrianum
921 3283 1095 3340 camerae
1113 3259 1299 3367 imperiali
1318 3258 1447 3366 factis,
1468 3285 1634 3368 quorum
1658 3257 1796 3342 solutio
1813 3284 1934 3368 usque

521 3389 571 3471 ad
590 3387 782 3496 proximas
806 3387 991 3472 kalendas
1013 3391 1105 3471 maii
1128 3391 1249 3474 extitit
1270 3399 1494 3499 prorogata,
1519 3391 1570 3472 ad
1596 3391 1699 3471 hunc
1727 3390 1932 3472 terminum

520 3545 543 3600 a
561 3519 714 3604 secretis
727 3519 907 3603 Panormi
926 3530 964 3603 et
980 3521 1177 3606 Messanae
1194 3533 1232 3608 et
1249 3523 1298 3606 ab
1317 3522 1464 3632 Angelo
1481 3521 1645 3605 Frisario
1670 3546 1759 3603 oum
1781 3521 1933 3602 damnis

519 3661 556 3735 et
574 3652 754 3736 interesse
770 3651 1045 3761 persolvendis.

599 3871 730 3955 (degeat.
744 3874 848 3954 imper.
863 3871 983 3936 Fredcr.
999 3875 1039 3952 11,
1051 3875 1101 3937 tol.
1117 3885 1152 3937 et
1167 3883 1262 3950 rect03
1277 3879 1309 3936 ln
1322 3877 1393 3937 edit.
1410 3877 1546 3951 cumam,
1560 3891 1589 3952 p.
1608 3883 1665 3936 tlt
1676 3880 1707 3935 et
1718 3873 1815 3952 seqq.)

567 4071 615 4141 De
634 4070 800 4165 imperiali
822 4071 978 4142 mandore
999 4072 1088 4162 sacto
1099 4091 1162 4164 per
1180 4073 1377 4164 magistrum
1399 4069 1565 4142 eilbertum
1585 4069 1717 4162 scripsit
1738 4067 1778 4138 G.
1801 4067 1841 4136 de
1862 4066 1928 4136 Cu·

519 4194 621 4265 sentia
627 4205 777 4286 potentes
792 4195 924 4264 listerus
937 4195 974 4265 io
990 4194 1052 4266 buc
1066 4197 1198 4287 fundu:

568 4315 786 4408 Fredericus,
808 4325 873 4389 etc.
898 4317 1025 4390 Notum
1047 4317 1192 4390 iacimus
1210 4316 1380 4390 universis
1398 4313 1496 4410 quod
1513 4317 1666 4388 Romano
1686 4311 1830 4406 Angeli,
1853 4314 1927 4383 Ste-

553 4605 590 4678 tt)
608 4603 695 4674 Quem
709 4604 743 4662 ad
758 4619 821 4662 anu.
841 4605 910 4664 tuae
932 4619 993 4662 curn
1011 4603 1064 4662 hoc
1076 4605 1135 4679 ipso
1146 4603 1223 4662 titulo
1234 4609 1411 4662 memoratum
1424 4603 1575 4662 invenimus
1585 4619 1630 4678 sp.
1644 4603 1752 4675 Femur,
1767 4602 1880 4660 llantur.
1896 4599 1927 4658 dt

516 4701 659 4760 resana.
671 4701 748 4760 Circa
760 4701 813 4760 boo
824 4699 914 4775 potius
923 4705 1030 4776 tempus
1038 4718 1121 4776 quum
1132 4701 1159 4758 in
1170 4702 1298 4759 extremis
1311 4702 1386 4776 regni
1398 4701 1524 4760 Fridsrioi
1536 4701 1625 4772 suuis,
1636 4700 1733 4774 quibus
1744 4699 1831 4757 denuo
1844 4697 1925 4756 Guel-

517 4797 599 4857 torius
614 4797 684 4856 idem
698 4797 814 4856 officium
824 4797 853 4855 in
866 4797 1020 4857 ltomaniolu
1027 4797 1186 4870 exercuerit,
1202 4797 1339 4872 imperiale
1354 4798 1509 4857 mundatum
1524 4796 1706 4872 reponendum
1718 4809 1870 4855 censemus.
