4358 5996
520 579 599 643 loct
1020 575 1234 640 sntnselct
1258 575 1429 638 sectant
1741 573 1825 654 [dnn.
1844 573 1933 636 tato.

519 713 824 804 subdelegatorum
840 731 1061 806 quocumque
1079 719 1233 808 tempore
1247 713 1465 786 obtentorum
1484 711 1520 782 in
1536 731 1592 784 me
1607 710 1802 800 fulminent,
1820 731 1934 805 ιιιιιιι·

518 839 629 912 tooius
647 845 786 910 revocet
806 835 947 927 litteris,
966 843 1001 908 et
1021 857 1104 908 snas
1123 838 1210 910 latas
1229 837 1415 910 sententias
1436 835 1473 906 in
1486 835 1745 930 Moguntinnm,
1765 834 1937 910 Salzbnr-

519 983 679 1056 genssm,
713 959 969 1048 Pataviansem,
999 959 1302 1054 llatisponensem,
1329 959 1581 1054 frisingensem
1600 955 1821 1058 [episcopos],
1846 981 1937 1054 quas

519 1087 586 1182 ipsi
601 1083 764 1174 irrident,
782 1083 902 1156 litteris
921 1083 994 1156 suis
1007 1082 1187 1178 adprobet.

569 1209 760 1298 Caeterum,
774 1215 870 1302 pater
882 1215 1013 1296 sancte,
1029 1207 1119 1279 scire
1135 1206 1240 1302 cupio
1258 1206 1473 1280 sanctitatem
1486 1213 1637 1280 vestram
1653 1204 1716 1300 (ita
1731 1213 1861 1289 tamem
1877 1205 1937 1302 pie

520 1341 630 1429 pater,
651 1341 690 1404 ut
708 1329 881 1426 sepultum
901 1338 1037 1404 maneat
1054 1331 1092 1402 in
1109 1329 1301 1426 netemum)
1315 1329 1410 1424 qnod
1429 1330 1550 1403 electio
1565 1328 1658 1422 regis
1677 1328 1713 1399 in
1730 1327 1937 1402 Alamannia

520 1453 714 1530 retardetur
732 1453 816 1547 qnia
830 1453 948 1546 junior
968 1474 1033 1526 rex
1047 1452 1174 1526 Daciae
1189 1475 1210 1525 a
1227 1453 1403 1549 proposito
1423 1453 1564 1526 omnino
1579 1451 1741 1538 recemit,
1762 1461 1859 1546 patre
1871 1473 1937 1526 sno

521 1577 745 1654 dissuadente
762 1585 797 1648 et
816 1577 913 1671 lapsu
937 1575 1029 1669 regis
1049 1575 1234 1650 Bobemiae
1256 1577 1419 1660 iaciente;
1443 1575 1483 1648 fit
1503 1587 1620 1648 mmcn
1635 1593 1749 1648 novus
1771 1584 1938 1648 tractatus

523 1723 627 1800 snper
650 1701 718 1775 boc
739 1700 830 1774 circa
847 1699 973 1772 ducam
989 1698 1150 1773 Austriae
1167 1709 1201 1772 et
1219 1697 1328 1772 lilium
1345 1708 1484 1772 musae
1506 1697 1684 1772 Elisabeth
1703 1696 1770 1794 (l),
1794 1707 1830 1772 et
1851 1699 1937 1792 quid

523 1825 631 1924 possit
648 1823 744 1920 apud
761 1823 838 1896 illos
854 1821 1004 1896 inveniri
1024 1821 1141 1896 adbuc
1161 1822 1374 1915 ignoramus.
1388 1822 1436 1914 Et
1449 1822 1479 1894 si
1490 1821 1759 1894 secretissimum
1780 1823 1937 1896 cordium

448 2013 450 2018 ,
524 1949 721 2046 principum
741 1945 966 2018 Alamanniae
982 1945 1211 2040 spiritualium
1228 1953 1263 2018 et
1282 1947 1492 2018 secularium
1509 1944 1598 2018 scire
1616 1944 1742 2040 cupitis
1752 1953 1789 2016 ct
1803 1945 1850 2018 de
1865 1967 1938 2020 om·

524 2073 630 2146 nibus
649 2069 695 2144 ad
718 2069 893 2142 Ecclesiae
912 2069 1080 2142 bonorem
1103 2068 1296 2162 informari,
1322 2068 1468 2164 quodsi
1487 2077 1522 2142 et
1543 2089 1607 2164 per
1628 2089 1691 2142 vos
1711 2076 1848 2142 tantum
1864 2069 1940 2144 sine

525 2195 691 2269 electione
708 2192 904 2288 principum
924 2203 960 2265 et
977 2199 1110 2265 autum
1128 2191 1174 2266 ds
1192 2193 1286 2266 bona
1301 2193 1479 2266 voluntate
1494 2193 1648 2289 ipsorum
1665 2213 1797 2266 novum
1815 2193 1938 2290 cupitis

524 2339 641 2413 regem
654 2337 771 2390 creare
786 2315 964 2390 autetiam
982 2316 1201 2412 capitaneum
1216 2317 1328 2390 lacere
1341 2315 1567 2390 Lombardiae
1579 2313 1637 2388 vel
1650 2314 1808 2405 Tusciae,
1823 2315 1936 2388 virum

524 2440 687 2514 videlieet
703 2448 896 2531 strennum,
916 2447 1086 2533 potentem
1102 2439 1137 2510 in
1156 2440 1261 2512 armis
1275 2447 1310 2512 et
1321 2440 1501 2532 militibus,
1516 2437 1563 2512 ad
1580 2437 1749 2512 honorem
1764 2439 1937 2514 Ecclesiae

525 2567 699 2639 Romanae
713 2565 819 2656 juxta
834 2561 1048 2638 desiderium
1072 2561 1186 2636 cordis
1208 2563 1333 2652 vestri,
1356 2563 1497 2638 domino
1518 2563 1762 2656 Argentinsnsi
1779 2563 1938 2660 episeopo

526 2687 751 2762 incontinenti
772 2688 848 2760 sine
865 2708 963 2762 mora
985 2687 1111 2759 vestris
1129 2686 1250 2760 litteris
1268 2687 1458 2782 injungatis
1481 2695 1520 2759 ut
1533 2686 1635 2760 robis
1657 2685 1809 2758 nobilem
1824 2687 1937 2760 virum

524 2813 710 2886 ilenricum
728 2808 774 2884 de
791 2810 912 2884 Neilen
931 2809 1162 2884 transmittere
1184 2830 1255 2884 non
1274 2809 1421 2884 omittat.
1444 2811 1546 2884 Illum
1559 2809 1653 2883 enim
1668 2809 1715 2883 ad
1730 2810 1798 2884 boc
1814 2811 1938 2888 induxi

525 2945 560 3010 et
571 2936 686 3032 ipsum
700 2934 800 3009 vobis
812 2935 1008 3026 juramento
1023 2931 1158 3008 firmavi
1175 2941 1213 3005 ut
1231 2933 1262 3006 si
1276 2933 1459 3030 episcopus
1479 2932 1740 3027 Argentinensis
1752 2934 1829 3027 ejus
1844 2937 1939 3034 prin·

525 3060 647 3157 cipalis
657 3059 839 3147 amicus,a
859 3057 961 3131 vobis
979 3057 1221 3149 commonitus,
1235 3057 1301 3130 sibi
1313 3059 1472 3148 suaserit,
1488 3057 1603 3132 statim
1618 3058 1765 3153 propriis
1778 3061 1941 3154 expensis

525 3182 572 3258 ad
589 3181 827 3278 paternitatem
840 3190 990 3254 vestram
1007 3181 1072 3253 iter
1084 3180 1249 3276 arriperet
1265 3181 1476 3256 festinanter.
1493 3181 1707 3256 {ellenricus
1724 3181 1769 3256 de
1782 3183 1941 3280 Nympha

526 3305 572 3380 de
590 3303 839 3400 potentioribus
855 3313 891 3376 et
908 3303 1135 3377 nobilioribus
1148 3323 1241 3374 unus
1254 3311 1324 3394 est;
1345 3303 1603 3398 grammaticam
1616 3303 1716 3378 novit
1729 3313 1765 3378 et
1779 3307 1940 3401 gallicum

526 3429 609 3502 satis
620 3427 722 3500 bene.

574 3547 1941 3650 nominumsuundncemssavrriaoadplennmoomposniscs(2)cunepiscopo

526 3672 747 3767 Frisingensi,
766 3692 831 3744 nec
848 3679 964 3744 tamen
983 3669 1104 3742 induci
1121 3671 1235 3767 potnit
1256 3669 1303 3744 ad
1318 3679 1450 3768 partem
1470 3683 1633 3748 veebum.
1647 3673 1740 3748 Ante
1760 3675 1943 3769 quadrien·

526 3796 625 3868 nium
642 3797 730 3869 inter
751 3795 953 3892 episcopum
971 3803 1006 3868 et
1026 3793 1206 3868 dominum
1222 3815 1340 3868 meum
1364 3794 1490 3870 ducem
1510 3817 1616 3892 super
1632 3797 1843 3892 quibusdam
1858 3800 1941 3874 arti·

528 3919 615 3992 culis
633 3919 789 4015 quaestio
806 3917 947 4013 agitata
962 3917 1148 4013 Postquam
1164 3917 1202 3990 in
1220 3926 1291 3992 tota
1305 3917 1437 3992 diocesi
1449 3918 1657 4014 Frislngensi
1672 3921 1856 4019 episeopus
1868 3923 1942 3996 Fri·

527 4043 698 4136 singensis
727 4041 898 4116 interdicti
925 4041 1112 4115 sententias
1139 4041 1359 4132 fulminavit,
1389 4041 1467 4116 dux
1496 4042 1545 4118 ad
1575 4043 1695 4118 Mam
1721 4046 1942 4144 apostolieum

527 4167 690 4262 appellat,
706 4167 891 4263 episcopus
904 4162 953 4238 ad
965 4167 1179 4258 majestatem
1192 4165 1344 4263 imperii.
1361 4165 1554 4260 Sedjirdox
1571 4169 1779 4265 apostolicus
1797 4169 1945 4245 auctori·

528 4299 598 4362 tate
624 4299 737 4362 vestra
757 4287 803 4362 de
820 4308 925 4361 cansa
944 4287 1098 4382 legitime
1119 4309 1332 4383 cognoscens
1354 4289 1526 4366 interdicti
1546 4294 1732 4370 sententias
1751 4269 1939 4384 relaxarit,

564 4489 600 4566 (t)
618 4487 724 4548 Scilicet
736 4489 910 4546 llermannns
920 4487 1036 4546 llassiae
1048 4487 1234 4562 landgravius,
1247 4488 1295 4564 qni
1309 4504 1379 4548 anno
1394 4491 1474 4564 4444,
1490 4490 1610 4550 mundo
1627 4491 1743 4566 januarii
1755 4491 1800 4550 die
1812 4491 1889 4550 obiit.

565 4585 602 4662 (2)
621 4586 692 4644 llaec
704 4585 865 4658 compositio
877 4592 939 4645 acta
952 4583 1004 4643 brit
1017 4591 1112 4646 maro
1123 4592 1151 4646 et
1164 4585 1296 4648 uicesimo
1307 4585 1353 4646 die
1366 4587 1473 4662 angusti
1483 4591 1563 4647 tato.
1582 4588 1626 4649 cl.
1639 4589 1854 4664 aucensem,
1867 4591 1942 4649 dist.

529 4682 741 4756 Fritinp.,t.ll,
755 4697 783 4757 p.
798 4683 844 4742 47.
962 4753 968 4766 ι
1234 4687 1235 4694 ’
