4524 6012
295 697 392 758 lmen
409 693 471 773 la]
738 693 940 756 lllsloltln
958 695 1254 758 clanculariae.
1641 689 1697 750 ’111

295 839 333 902 ut
355 826 551 923 predictum
574 834 627 900 est
650 827 768 922 aliquo
791 827 969 904 accidente
995 851 1099 918 casu,
1126 829 1302 926 predictus
1327 826 1508 900 solutionis
1536 823 1703 896 terminus

297 950 527 1048 pertransiret,
540 948 669 1024 deinde
684 951 720 1022 in
735 961 837 1025 antea
852 951 1024 1046 quamdiu
1042 955 1118 1048 ipsu
1135 953 1261 1028 solutio
1272 950 1481 1040 differretur,
1496 948 1540 1023 de
1557 946 1703 1042 singulis

297 1085 433 1150 cantum
459 1074 573 1148 unciis
600 1082 671 1148 tres
701 1075 824 1148 uncias
850 1077 925 1150 auri
951 1076 998 1148 ad
1020 1077 1178 1170 mnemia
1204 1075 1341 1171 pondus
1370 1095 1431 1170 per
1456 1091 1609 1146 mensem
1639 1091 1703 1166 pru

298 1195 457 1292 dampnis
473 1206 508 1270 et
524 1197 687 1270 interesse
702 1197 747 1270 de
761 1197 885 1272 eadem
903 1199 1051 1292 pecunia
1064 1199 1165 1272 erarii
1180 1200 1287 1272 nostri
1304 1197 1446 1270 solvatis
1456 1193 1586 1268 eisdem
1599 1219 1608 1279 ;
1623 1215 1702 1289 prc-
1729 1207 1731 1219 “

301 1321 540 1394 visuri'tamen
564 1329 601 1392 ut
623 1319 781 1416 predicto
802 1321 947 1394 termino
961 1322 1173 1416 quietantur,
1190 1343 1235 1395 ne
1257 1341 1460 1416 permoram
1474 1317 1569 1392 curia
1585 1325 1703 1390 nostra

300 1443 520 1539 dispendium
536 1465 718 1518 usurarum
741 1445 905 1518 incurrat.
923 1445 993 1518 Vos
1016 1455 1131 1518 autem
1154 1446 1265 1519 soluta
1283 1445 1359 1539 ipsa
1381 1442 1528 1538 pecunia
1551 1448 1704 1536 patentes

299 1569 430 1641 licteras
454 1577 588 1640 nostras
603 1589 691 1662 quas
712 1568 764 1640 ais
785 1567 830 1642 de
850 1567 926 1662 ipso
949 1577 1070 1640 mutuo
1093 1567 1167 1642 lieri
1191 1567 1349 1658 lecimus,
1368 1565 1538 1662 recipiatis
1560 1565 1605 1637 ab
1631 1565 1701 1656 eis,

300 1689 418 1763 lecturi
430 1689 526 1762 aliud
539 1699 736 1785 competens
756 1691 920 1784 scriptum
939 1688 986 1764 de
1002 1691 1172 1764 solutione
1187 1691 1262 1786 ipsa
1278 1689 1325 1763 ad
1345 1689 1440 1762 curie
1456 1697 1571 1763 nostre
1588 1697 1703 1760 caute·

300 1815 378 1885 lam.
399 1814 435 1886 Si
455 1835 539 1886 vero
552 1813 655 1886 ambo
673 1821 847 1908 presentes
864 1811 1065 1907 ueneritis,
1081 1835 1223 1909 presens
1237 1811 1439 1890 mandatum
1452 1821 1607 1888 nostrum
1621 1813 1705 1884 alter

300 1945 449 2010 vescum
465 1959 569 2032 quem
585 1937 756 2012 invenerit
772 1948 978 2033 exequatur.
1133 1917 1146 1930 ”

345 2063 470 2134 Datum
490 2057 537 2157 [ut
549 2058 681 2158 ruma}

345 2183 480 2256 Similes
493 2193 562 2256 tam
580 2192 716 2280 apertas
732 2207 839 2280 quam
857 2185 993 2258 clausas
1008 2183 1144 2279 scripsit
1161 2183 1315 2278 Angelus
1336 2182 1382 2256 de
1398 2181 1515 2278 Capua
1534 2204 1596 2278 pro
1613 2183 1707 2255 Mat-

301 2307 376 2380 theo
390 2307 573 2380 Stancione
585 2308 631 2382 de
647 2309 745 2381 libris
763 2309 808 2383 de
821 2309 1020 2384 Venetianis
1028 2309 1163 2403 gressis
1178 2317 1316 2382 centurn
1334 2317 1463 2402 septem
1480 2306 1601 2380 solidis
1614 2306 1708 2380 duo·

300 2432 364 2503 bus
379 2441 414 2502 et
427 2429 543 2504 medio
554 2453 615 2527 pro
631 2433 744 2504 unciis
758 2433 835 2505 auri
849 2431 1112 2528 quadringentis
1123 2431 1247 2525 viginti
1263 2439 1340 2504 octo
1358 2439 1394 2502 et
1409 2429 1523 2504 media
1537 2429 1584 2502 ad
1601 2451 1707 2524 gene·

301 2553 370 2626 rale
386 2553 537 2648 pondus.

346 2676 483 2750 Similes
494 2685 564 2749 tam
576 2687 713 2774 apertas
725 2700 831 2774 quam
843 2678 978 2752 clausas
990 2677 1125 2774 scripsit
1138 2677 1230 2750 idem
1242 2675 1285 2748 Α.
1301 2697 1362 2772 pro
1375 2676 1525 2749 Mattheo
1535 2675 1709 2770 Angelerii

304 2808 337 2873 at
356 2801 456 2874 Petro
472 2799 646 2893 Angelerii
666 2803 828 2875 iratribus
844 2823 907 2899 pro
924 2793 1019 2874 libris
1032 2801 1301 2874 Venetianorum
1319 2821 1514 2894 grossorum
1529 2800 1709 2894 sexaginta

303 2945 426 2997 novem
442 2934 476 2997 et
491 2920 610 2998 solidis
627 2925 827 3020 quindecim
845 2947 908 3023 pru
923 2925 1034 2998 unciis
1046 2925 1122 2998 anri
1138 2924 1325 2997 ducentum
1342 2921 1562 3019 septuaginta
1584 2943 1709 3000 novem

304 3048 347 3122 ad
358 3049 519 3144 generale
533 3048 685 3144 pondus.

352 3540 531 3628 Mandata
555 3545 605 3627 ed
623 3545 814 3655 Angelum
845 3547 893 3629 de
910 3546 1035 3634 Marna
1065 3556 1108 3630 ut
1134 3547 1320 3630 rationem
1351 3545 1466 3628 saciat
1495 3569 1585 3628 cum
1613 3541 1711 3627 Gilic
1773 3625 1877 3684 aaran,
1969 3665 1974 3674 ⁸

306 3673 469 3784 Tynioso
490 3684 528 3760 et
549 3675 634 3760 eliis
661 3679 935 3763 mercatoribus
965 3679 1146 3764 Romanis
1177 3681 1225 3762 de
1247 3681 1428 3762 interesse
1462 3687 1500 3761 et
1534 3675 1711 3785 dampnis
1756 3684 1893 3729 ”affl

305 3807 565 3914 quaeratione
584 3809 709 3892 mutui
727 3809 815 3894 facti
832 3811 947 3895 iidem
964 3813 1105 3896 habere
1120 3811 1295 3896 debeant.

383 4001 507 4099 (depost
522 4005 624 4086 imper.
639 4003 759 4067 diedo.
772 4007 816 4080 11,
832 4005 884 4070 iol.
900 4017 937 4070 oa
952 4013 1048 4084 recto3
1064 4011 1095 4068 ln
1109 4008 1181 4095 edit.
1194 4007 1329 4084 carran„
1342 4024 1372 4084 p.
1390 4015 1473 4086 aaa.)

350 4169 397 4240 De
407 4170 564 4244 mundato
574 4172 741 4267 imperiali
755 4175 842 4266 fecto
851 4197 915 4270 por
924 4175 1119 4269 mcporrum
1129 4175 1296 4246 ailbertum
1309 4175 1444 4268 scripsit
1456 4175 1498 4244 P.
1512 4173 1552 4244 ds
1563 4173 1705 4268 Capua:

349 4291 567 4385 Fredericus,
583 4305 666 4388 etc,
687 4294 821 4392 Angelo
839 4299 884 4372 de
901 4298 1031 4389 lisura,
1048 4307 1114 4371 etc.
1136 4297 1244 4370 Gilius
1259 4298 1428 4394 Tynicsus
1451 4271 1618 4370 mercatdr
1637 4299 1709 4371 llu-

306 4435 439 4508 manus,
456 4415 569 4490 fidelis
582 4431 709 4512 noster,
727 4419 774 4494 ad
788 4422 920 4494 curiam
934 4430 1085 4495 nostram
1097 4420 1265 4496 accedens
1279 4421 1446 4514 majestati
1463 4428 1578 4494 nostre
1592 4421 1707 4494 humi-

307 4537 380 4610 liter
400 4541 610 4634 supplicavit
633 4545 728 4637 quod
751 4567 832 4622 uum
852 4545 988 4620 dudum
1009 4543 1237 4618 demandato
1260 4545 1510 4618 venerabilium
1531 4544 1708 4640 archiepi-

307 4663 402 4758 eropi
420 4663 572 4760 Capuani
586 4676 621 4740 et
635 4669 788 4764 episcopi
806 4669 1033 4758 davaliensis,
1050 4669 1250 4742 dilectorum
1270 4668 1489 4740 familiarium
1505 4676 1541 4740 ct
1554 4667 1707 4740 fidelium

308 4796 514 4884 nostrorum,
532 4791 790 4868 restitueremus
809 4793 842 4868 ei
862 4796 1045 4890 pecuniam
1066 4814 1171 4889 quam
1197 4801 1312 4866 nostre
1333 4812 1468 4866 camere
1485 4799 1657 4865 mutuarat
1675 4801 1709 4866 et
