4468 6010
544 663 605 724 788
1047 671 1257 734 carnanter
1279 673 1450 734 SECUNM
1770 673 1851 758 [Aac.
1871 675 1956 740 12⁴⁰.

543 797 670 906 pensis
688 796 983 883 salconenornm
1006 811 1045 886 et
1069 802 1253 912 aliorum,
1274 804 1323 886 de
1341 804 1516 913 expensis
1536 803 1709 914 ejusdem
1724 805 1955 910 Alexandri,

543 930 591 1012 de
605 930 726 1038 pretio
745 931 850 1014 salis.

624 1167 1128 1251 (aopst.smpa.mcder.11,rot.
1145 1180 1182 1234 to
1201 1189 1302 1246 vcrso;
1318 1174 1351 1234 tn
1364 1172 1436 1235 ants.
1452 1173 1588 1248 onaan,
1604 1191 1635 1252 p.
1652 1175 1735 1254 sot.)

590 1378 637 1446 De
661 1378 829 1472 imperiali
855 1379 1013 1452 mandato
1035 1383 1124 1474 [octo
1145 1403 1210 1474 per
1234 1379 1384 1452 medem
1407 1382 1604 1474 mopistrum
1631 1379 1797 1452 Toddcum
1823 1383 1957 1476 scripsit

540 1501 627 1572 idem
646 1489 878 1605 Laurentius:
1287 1581 1292 1590 ,
1748 1509 1751 1514 ’

590 1625 809 1718 Fredericus,
830 1637 914 1716 atc.,
932 1625 1132 1700 Alexandro
1145 1625 1214 1702 fltto
1228 1628 1386 1720 Haurici,
1407 1638 1473 1700 etc.
1493 1629 1641 1700 Licteras
1657 1638 1693 1700 ct
1705 1627 1872 1722 capitula,
1890 1639 1956 1700 etc.

540 1749 641 1834 Quod
659 1760 793 1839 autern,
815 1750 905 1820 sicut
925 1750 1144 1845 significasti,
1170 1753 1205 1823 in
1232 1753 1385 1824 ecclesiis
1405 1752 1611 1824 vacantibus
1624 1752 1874 1844 jurisdictionis
1900 1763 1959 1826 tue

539 1883 779 1969 procuratores
791 1873 934 1947 idoneos
946 1875 1126 1968 ordinasti,
1144 1877 1224 1950 licet
1238 1877 1273 1948 in
1288 1878 1545 1972 Monopolitana
1564 1888 1600 1948 et
1616 1876 1785 1949 Meliiensi
1803 1875 1958 1950 ecclesiis

539 2009 574 2071 et
589 1997 796 2070 monasterio
813 1998 928 2070 Sancti
946 2000 1110 2095 Stephani
1131 2000 1175 2073 de
1186 2001 1376 2095 Monopnlo
1393 2002 1462 2073 sint
1475 2001 1572 2072 electi
1589 2022 1609 2071 a
1625 2011 1740 2074 nostra
1756 2001 1958 2096 celsitudine
2055 2045 2058 2052 ·

525 2117 751 2210 confirmati,
776 2117 938 2193 volumus
957 2132 995 2194 ut
1019 2123 1063 2194 ab
1081 2124 1236 2196 ecclesiis
1259 2127 1407 2218 quarum
1429 2135 1546 2196 nostra
1563 2127 1729 2197 serenitas
1745 2124 1960 2199 confirmavit

540 2244 686 2334 electos,
711 2255 949 2339 procuratores
966 2268 1131 2320 amoveas
1145 2257 1180 2319 et
1194 2249 1312 2322 electis
1327 2248 1458 2321 eisdem
1475 2248 1657 2342 permistas
1673 2247 1718 2321 de
1736 2249 1809 2321 suis
1820 2249 1959 2340 juribus

541 2369 752 2463 responderi,
770 2390 890 2442 omnes
903 2379 1093 2464 proventus
1108 2371 1301 2468 percipiens
1316 2371 1489 2468 usquead
1504 2373 1734 2466 receptionem
1747 2373 1957 2467 presentium

453 2569 456 2574 A
541 2495 595 2564 vet
611 2513 721 2585 usqne
739 2491 785 2564 ad
804 2491 841 2562 id
859 2493 1021 2587 temporis
1041 2493 1297 2590 percipiendos3
1321 2515 1470 2567 necnon
1496 2494 1542 2568 ad
1557 2516 1646 2588 opus
1661 2505 1815 2567 nostrum
1830 2516 1956 2592 procu·

541 2627 691 2689 ratarum
702 2615 752 2712 (a)
762 2616 893 2688 ratione
905 2625 1056 2712 recepta,
1071 2617 1155 2690 alias
1170 2639 1290 2690 omnes
1303 2617 1525 2712 quantitates,
1540 2628 1576 2690 et
1589 2619 1618 2690 si
1637 2640 1706 2689 non
1718 2618 1958 2713 exprimantur

541 2741 576 2811 in
591 2741 719 2811 lictoris
734 2739 797 2810 tibi
812 2739 939 2832 missis,
955 2741 1010 2813 vel
1024 2763 1112 2835 quas
1128 2763 1252 2814 vacare
1268 2742 1474 2834 contingerit
1492 2763 1639 2814 necnon
1654 2741 1819 2815 beneficia
1834 2753 1871 2814 et
1883 2764 1957 2838 pre·

540 2863 674 2939 bendas
697 2887 766 2959 que
785 2865 987 2937 vacaverint
1002 2887 1064 2938 seu
1088 2875 1213 2939 vacant
1234 2866 1269 2937 in
1288 2865 1492 2938 vacantibus
1510 2865 1663 2939 ecclesiis
1681 2867 1767 2961 ipsis
1790 2865 1958 2961 recipiens

464 2970 469 2978 ¹
541 3003 575 3062 et
600 2989 648 3062 ad
677 3012 767 3085 opus
792 2989 887 3061 curie
917 3000 1031 3063 nostre
1056 2993 1159 3084 juxta
1186 2991 1340 3086 priorum
1366 2991 1561 3064 lieterarum
1588 3001 1785 3064 nostrarum
1813 2993 1955 3063 sormam

525 3115 671 3188 iaciens
688 3097 834 3186 fideliter
849 3115 1043 3208 procurari,
1067 3113 1323 3208 significaturus
1343 3115 1443 3188 nobis
1460 3117 1618 3188 vacantia
1635 3114 1803 3188 beneficia
1825 3128 1860 3188 et
1882 3136 1957 3210 pre·

541 3239 674 3312 bendas
691 3247 726 3311 et
748 3237 906 3310 redditus
925 3259 1058 3308 annuos
1079 3238 1302 3330 eorumdem,
1322 3238 1436 3310 statim
1456 3237 1552 3334 quod
1573 3239 1708 3332 aliquas
1734 3239 1850 3311 vacari
1871 3259 1959 3310 con·

542 3365 661 3458 tingat.
685 3365 733 3434 De
751 3340 850 3434 tertia
868 3371 963 3457 parte
981 3363 1075 3435 nauli
1089 3363 1349 3458 peregrinorum
1364 3365 1656 3436 transfretantium
1676 3365 1765 3436 ultra
1780 3385 1872 3437 marc
1886 3373 1955 3434 tam

541 3490 578 3560 in
596 3489 746 3560 navibus
770 3487 866 3560 curie
879 3497 994 3559 nostre
1011 3509 1115 3582 quam
1133 3489 1283 3562 navibus
1300 3499 1551 3579 mercatorum,
1570 3511 1675 3584 quam
1694 3487 1895 3561 Thomasius
1911 3487 1957 3560 de

540 3611 736 3684 Brundusio
752 3625 905 3706 tempore
919 3611 1021 3684 officii
1036 3613 1090 3684 sui
1105 3613 1257 3708 recipere
1274 3613 1457 3686 consuevit
1476 3623 1515 3685 ut
1530 3613 1667 3710 scribis,
1684 3623 1718 3686 et
1735 3611 1872 3685 danuvi
1885 3634 1956 3706 que

541 3735 673 3831 pridem
693 3733 740 3832 (d)
755 3735 946 3808 Thermulis
968 3737 1034 3807 fuit
1051 3759 1154 3830 passa
1175 3737 1416 3826 naufragium,
1441 3759 1544 3830 quarn
1569 3757 1648 3810 cum
1676 3735 1830 3832 predicta
1858 3737 1955 3808 tertia

541 3871 636 3956 parte
653 3860 747 3930 nauli
762 3867 884 3954 petunt
900 3858 1063 3931 officiales
1079 3860 1250 3932 ammirati
1265 3859 1420 3934 dicentes
1433 3858 1480 3933 ad
1494 3861 1623 3952 jussui
1641 3861 1745 3933 officii
1763 3860 1953 3955 pertinere,

540 3983 746 4056 mandamus
765 3990 804 4053 ut
816 3983 891 4076 ipsa
911 3983 1028 4054 omnia
1039 3985 1119 4074 jura
1139 3983 1285 4078 recipias
1301 3983 1391 4055 sicut
1411 4005 1472 4078 per
1488 3983 1619 4056 dictum
1637 3983 1856 4055 Thomasium
1873 4003 1956 4054 oon-

539 4116 728 4181 susvernnt
745 4105 849 4200 recipi
871 4105 917 4178 ad
935 4127 1023 4200 opus
1035 4107 1130 4178 curie
1148 4116 1283 4196 nostre3
1302 4117 1337 4179 et
1354 4127 1435 4179 ecce
1449 4106 1544 4200 quod
1562 4107 1722 4180 eumdem
1747 4106 1954 4179 admiratum

540 4231 585 4304 ad
597 4253 661 4304 nos
676 4231 797 4303 venire
813 4229 1018 4302 mandamus
1037 4239 1074 4300 nt
1091 4250 1209 4302 secum
1228 4229 1358 4304 exinde
1375 4231 1612 4314 conseramus,
1633 4230 1728 4324 quod
1747 4231 1895 4302 nolimus
1909 4228 1955 4301 de

539 4355 660 4428 officiis
686 4363 720 4427 et
742 4353 930 4427 officiorum
951 4359 1144 4424 nostrorum
1168 4354 1394 4448 proventibus
1419 4353 1602 4448 usquead
1629 4353 1726 4426 aliud
1753 4353 1955 4426 mandatum

539 4487 655 4552 nostre
671 4475 884 4549 celsitudinis
902 4474 1037 4570 aliquid
1052 4475 1242 4550 immutari.
1263 4477 1366 4564 Quod
1384 4499 1558 4572 expensas
1580 4485 1724 4550 statutas
1746 4476 1821 4549 dari
1846 4475 1954 4549 iecisti
2016 4543 2019 4551 .

580 4687 621 4767 (a)
641 4689 832 4766 mrmpaso
843 4629 1108 4766 apameorum.

581 4792 622 4875 (ι)
641 4795 678 4856 nr
690 4795 832 4873 impono
840 4789 948 4873 paco.
