4384 6004
176 684 274 745 lmtcr.
294 675 354 760 ln]
626 666 822 729 HISTORIA
847 666 1140 729 nlrnonnrlcs
1509 664 1587 728 1095

228 816 388 890 Albartne
407 809 523 883 eidem
539 801 760 898 conqueritur
780 801 875 897 quod
897 804 971 897 ipse
989 802 1036 875 ad
1053 803 1336 898 Ratisponeusem
1351 800 1502 894 benigne
1522 803 1589 873 ira-

180 952 265 1012 trem
286 933 516 1010 venerabilem
533 925 741 1024 appellando
756 926 860 1019 eique
880 947 935 998 ras
954 926 1123 1020 quasdam
1137 925 1382 998 committendo
1397 924 1588 1019 scripserit;

182 1083 288 1158 quem
305 1071 421 1132 tamma
446 1049 819 1139 excommunicaverit,
839 1058 874 1121 et
890 1049 969 1121 licet
992 1049 1037 1122 ab
1061 1051 1137 1144 ipso
1157 1049 1294 1121 alienati
1317 1048 1443 1120 ineunt
1459 1047 1533 1118 dux
1557 1056 1592 1119 et

181 1187 338 1260 mannes
359 1179 510 1253 Stultum
523 1197 580 1249 me
596 1173 719 1246 dicunt
735 1170 832 1268 qnod
849 1193 915 1265 ego
931 1169 1022 1270 [tuli]
1036 1182 1156 1246 contra
1174 1173 1355 1270 episcopos
1368 1171 1589 1261 sententiam,

184 1333 247 1384 vos
265 1329 327 1381 eos
342 1302 522 1402 appellatis
536 1301 657 1410 fratres
671 1295 895 1369 venerabiles.
998 1371 1001 1378 ,

234 1427 453 1540 [Datumllll
471 1424 552 1498 idus
571 1405 733 1496 februarii
749 1420 796 1492 ll.
815 1418 877 1492 CC.
898 1419 984 1493 XLl.

245 2017 453 2128 Gregorius
477 2041 577 2126 papa
601 2016 735 2100 loanni
760 2017 808 2099 de
831 2015 1003 2100 civitella
1028 2015 1262 2098 subdiacono
1284 2038 1356 2097 suo
1382 2013 1540 2096 mandat
1561 2021 1606 2095 ut

193 2159 282 2234 rota
307 2149 659 2260 crucesignatorum
682 2174 706 2231 a
735 2147 907 2231 subsidio
934 2148 1071 2230 Terrae
1099 2147 1259 2230 Sanctae
1284 2147 1326 2228 in
1348 2145 1605 2230 defensionem

194 2281 388 2365 Ecclesiae
421 2293 554 2365 conca
585 2280 820 2364 Fridericum
849 2290 1087 2363 commutare
1118 2279 1261 2388 valeat,
1293 2280 1504 2363 dummodo
1537 2303 1609 2360 ex-

196 2439 337 2525 pensas
355 2439 454 2524 quas
474 2414 516 2495 in
536 2413 841 2523 peregrinatione
858 2411 995 2496 facturi
1013 2422 1157 2521 essent,
1181 2413 1222 2496 in
1248 2411 1508 2496 defensionem
1530 2410 1610 2494 hu-

197 2546 368 2656 jusmodi
385 2545 659 2628 transmittant.

283 2759 402 2839 (Edldtt
413 2759 552 2838 florum,
566 2757 651 2823 doit.
671 2754 789 2820 Ναίν.
807 2757 847 2836 11,
861 2758 1003 2838 append„
1022 2767 1055 2819 n·
1074 2766 1124 2834 ns,
1138 2773 1156 2818 c
1168 2764 1276 2838 regest.
1290 2755 1425 2837 drogon,
1438 2771 1517 2818 anno
1528 2755 1611 2830 xlv,

323 2864 358 2926 n‘
373 2864 458 2944 ²¹⁷.)

254 3049 452 3141 Gregorius,
468 3059 552 3140 stc,
568 3049 691 3122 loanni
708 3048 754 3121 de
767 3047 921 3121 civitella
937 3047 1149 3121 subdiacono
1161 3057 1195 3120 et
1210 3047 1386 3142 capellano
1401 3058 1531 3136 nostro,
1546 3055 1612 3120 ete.

206 3173 292 3246 Cum
305 3172 371 3245 tibi
388 3171 595 3245 duxerimus
610 3170 864 3265 injungendum
881 3178 1051 3244 utcontra
1065 3170 1275 3244 Fridericum
1292 3172 1329 3242 in
1345 3171 1493 3263 Ungarie
1511 3191 1618 3264 regno

210 3297 353 3370 verbum
369 3297 481 3368 crucis
498 3315 707 3390 proponeres
721 3305 756 3368 et
770 3295 928 3368 nonnulli
944 3295 980 3368 in
999 3295 1092 3369 dicto
1106 3317 1216 3388 regno
1234 3295 1270 3365 in
1286 3295 1387 3368 Terre
1398 3295 1522 3367 Sancte
1537 3293 1620 3366 sub-

209 3420 338 3494 sidium
354 3418 568 3513 susceperint
585 3419 723 3512 signum
740 3419 873 3510 crucis,
891 3440 939 3491 ex
955 3440 1028 3514 quo
1044 3418 1331 3514 impedimentum
1350 3439 1420 3491 non
1444 3417 1621 3491 modicum

210 3553 271 3616 tno
284 3543 460 3638 proposito
474 3550 673 3636 generatur,
692 3563 755 3616 nos
772 3541 949 3615 devotioni
964 3551 1023 3615 tue
1040 3551 1079 3613 ut
1094 3553 1176 3615 vota
1193 3541 1509 3636 crucesignatorum
1527 3541 1621 3637 ipso·

211 3687 288 3738 rum
307 3665 345 3736 in
362 3664 600 3738 defensionem
614 3665 766 3738 Ecclesia
783 3673 901 3738 contra
913 3665 1127 3738 Fridericum
1143 3664 1322 3755 eumdem,
1343 3665 1373 3739 si
1389 3685 1508 3738 eorum
1522 3663 1568 3737 ad
1586 3663 1624 3738 id

212 3809 403 3862 consensus
419 3788 612 3881 accesserit,
633 3799 845 3862 commutare
861 3791 992 3882 valeas,
1013 3811 1055 3863 ac
1070 3790 1155 3885 ipsis
1171 3800 1207 3862 et
1220 3790 1363 3884 reliquis
1374 3787 1626 3862 redimentibus

213 3921 295 3986 vota
310 3933 388 4001 sua,
404 3909 595 3986 dnmmodo
613 3934 788 4009 expensas
805 3933 894 4009 quas
909 3913 1033 3986 lactari
1050 3921 1167 3987 essent
1177 3911 1293 3986 eundo
1312 3913 1349 3984 in
1361 3915 1500 3986 Terram
1518 3913 1626 3987 Sanc·

215 4044 299 4122 um,
317 4031 487 4104 morando
510 4031 596 4105 inibi
615 4043 651 4106 et
672 4033 804 4108 exinde
823 4033 1027 4126 redeundo,
1050 4036 1086 4106 in
1108 4035 1269 4108 manibus
1293 4036 1363 4106 tuis
1382 4043 1417 4108 et
1431 4035 1547 4109 dilecti
1565 4035 1627 4108 filii

217 4153 352 4227 abbatis
370 4153 415 4228 de
431 4154 521 4226 Palis
543 4155 779 4230 cisterciencis
802 4157 935 4230 ordinis
957 4169 992 4231 et
1013 4157 1189 4231 Benedicti
1210 4159 1369 4232 canonici
1387 4159 1629 4254 Strigoniensis

218 4278 393 4371 assignent
406 4277 443 4348 in
464 4277 699 4352 defensionem
726 4280 926 4374 hujusmodi
942 4280 1240 4374 transmittendas,
1263 4283 1358 4356 illam
1379 4283 1490 4378 possis
1513 4284 1629 4357 indul·

220 4421 299 4496 gere
318 4400 458 4473 veniam
483 4412 701 4496 peccatorum
725 4425 796 4498 que
815 4405 968 4500 predicte
992 4415 1082 4478 terre
1107 4406 1388 4479 succurrentibus
1414 4407 1452 4478 in
1479 4409 1630 4502 generali

222 4523 365 4597 concilio
381 4533 435 4598 est
452 4543 634 4619 concessa,
660 4527 805 4600 liberam
826 4530 1027 4604 auctoritate
1047 4529 1258 4625 presentium
1279 4529 1502 4605 concedimus
1519 4533 1632 4606 facul-

169 4649 185 4681 ¹
223 4655 339 4719 tatem.

271 4769 396 4842 Datum
413 4769 589 4864 Laterani,
609 4771 734 4846 llidus
751 4773 932 4866 februarii,
952 4795 1044 4848 anno
1060 4775 1152 4849 XIV.

1644 2023 1795 2126 diffie
