4358 5996
221 695 401 781 irnrcr.13.}
670 697 866 757 HISTORIA
891 696 1184 758 DIPLOiillTiCA.
1553 693 1633 757 1023

221 841 275 904 rat
292 852 354 904 eos
367 849 500 923 regere,
517 828 715 915 deffendere
729 840 763 903 et
776 831 925 923 salvare,
940 831 1020 904 ideo
1036 831 1196 904 dominns
1213 851 1327 904 comes
1338 831 1457 904 Tolosa
1472 832 1631 926 require-

220 954 281 1028 bat
296 955 343 1026 ab
358 953 435 1049 ipso
450 953 573 1025 comite
584 951 734 1025 Galterio
745 953 841 1047 qnod
854 954 929 1048 ipss
942 954 1121 1026 desisteret
1134 975 1155 1026 a
1171 954 1333 1048 petitione
1350 955 1532 1048 potestarie
1549 977 1630 1050 pre·

218 1077 316 1151 dicte
329 1077 386 1150 uel
400 1075 638 1172 supersederet
649 1098 670 1149 a
683 1075 845 1170 petitione
860 1075 1025 1172 predicta,
1037 1075 1149 1150 donec
1161 1076 1323 1151 dominus
1338 1077 1632 1174 imperatnrsnper

220 1201 289 1274 hoc
301 1223 400 1274 suam
416 1197 599 1272 mandaret
611 1199 839 1290 voluntatem,
857 1201 940 1294 quia
959 1199 1121 1272 dominns
1136 1221 1251 1274 comes
1266 1202 1386 1274 Tolosa
1401 1211 1541 1297 paratus
1557 1211 1631 1276 crat

221 1325 441 1421 potestariam
455 1323 589 1396 tradere
599 1331 634 1395 et
645 1321 840 1416 relinquere
850 1324 916 1418 ipsi
927 1324 1043 1396 comiti
1053 1324 1212 1415 Galterio,
1225 1325 1255 1396 si
1267 1323 1429 1396 dominus
1443 1325 1631 1420 imperator

220 1446 421 1536 mandaret;
447 1456 483 1520 et
504 1445 584 1520 ideo
604 1445 804 1518 consulebat
827 1446 894 1541 ipsi
922 1447 1038 1519 comiti
1060 1447 1207 1520 Galtaric
1231 1448 1328 1542 quod
1350 1447 1630 1543 supersedereta

220 1571 386 1666 petitione
402 1569 584 1664 potestatis
605 1568 717 1642 donec
733 1563 895 1643 dominus
917 1569 1100 1664 imperator
1117 1591 1224 1666 snper
1242 1571 1309 1644 hoc
1320 1593 1432 1644 ¹snam
1452 1572 1633 1646 mandaret

219 1694 447 1767 voluntatem.
469 1695 514 1766 Et
529 1693 614 1788 qnia
639 1714 755 1767 comas
772 1692 942 1766 Galturins
963 1693 1190 1789 supersedere
1211 1695 1338 1788 noluit,
1359 1694 1472 1768 donec
1494 1697 1632 1770 ueniret

220 1818 371 1890 nuncius
385 1816 515 1890 domini
529 1817 744 1912 imperatoris
757 1838 823 1890 nec
834 1816 1052 1911 acquiescere
1068 1837 1171 1912 snper
1186 1819 1253 1890 hoc
1268 1819 1409 1893 consilio
1425 1819 1556 1894 domini
1571 1841 1630 1893 oo·

221 1941 328 2030 mitis,
343 1940 463 2014 dicens
474 1941 569 2035 qnod
584 1941 760 2014 adomino
772 1940 975 2035 imperatore
987 1949 1162 2036 receperat
1174 1941 1210 2012 in
1224 1940 1395 2015 mandatis
1408 1943 1502 2037 qnod
1516 1957 1630 2038 potes·

221 2065 343 2138 taniam
355 2063 548 2159 predictam
559 2065 725 2160 reciperet
737 2071 773 2137 et
784 2072 925 2155 teneret,
941 2071 975 2137 et
987 2063 1066 2136 ideo
1080 2085 1150 2138 non
1166 2076 1256 2138 osset
1268 2087 1375 2138 ansus
1390 2066 1627 2162 supersedere,

221 2187 384 2262 dominns
401 2209 516 2262 comes
533 2190 653 2261 Tolosa
669 2187 793 2261 uolens
811 2186 955 2260 obedire
972 2187 1009 2259 in
1026 2188 1187 2260 omnibus
1201 2199 1235 2260 et
1252 2190 1444 2284 peremnia
1461 2191 1632 2287 preceptis

220 2322 257 2384 et
280 2312 454 2386 mandatis
477 2311 610 2386 comitis
632 2311 791 2402 Galterii,
820 2311 940 2382 vicarii
965 2310 1096 2384 domini
1121 2312 1353 2408 imperatoris,
1374 2314 1543 2386 concessit
1564 2315 1631 2408 ipsi

219 2436 340 2508 comiti
361 2436 510 2508 Galterio
528 2435 749 2531 potestatium
764 2433 957 2507 Avinionis.
974 2435 1115 2507 Factum
1134 2435 1201 2506 luit
1218 2435 1285 2508 hoc
1306 2435 1401 2530 apud
1419 2437 1570 2510 Insulam
1592 2440 1630 2512 in

220 2559 383 2633 claustro
411 2561 526 2632 Testes
552 2559 784 2632 interfuerunt
806 2558 970 2631 dominns
991 2559 1031 2630 Β.
1053 2579 1168 2631 comes
1184 2558 1444 2649 Convenarum,
1468 2559 1632 2634 dominns

220 2683 383 2756 Bnrralus
397 2681 443 2755 de
460 2683 601 2775 Baucio,
620 2683 815 2754 Wiilelmns
831 2680 1017 2755 mondus
1030 2680 1075 2754 de
1087 2683 1242 2771 Tantalo,
1260 2682 1454 2755 Willelmus
1472 2683 1518 2756 dc
1542 2686 1630 2758 Bar-

219 2807 327 2899 asria,
348 2806 495 2880 Poncius
516 2805 701 2895 Astoandi,
720 2806 913 2879 Willelmus
936 2805 1121 2900 Augen'ns.
1146 2805 1225 2878 Post
1250 2805 1316 2878 hec
1338 2805 1468 2879 scilicet
1492 2808 1551 2881 die
1575 2829 1629 2882 se·

221 2931 359 3026 quenti,
381 2930 558 3026 predictus
579 2929 740 3002 dominns
754 2949 868 3002 comes
887 2930 1008 3002 Tolose
1025 2929 1167 3004 tradidit
1179 2929 1333 3024 predicto
1348 2929 1464 3002 comiti
1482 2929 1629 3003 Galterio

220 3053 442 3150 potestariam
459 3052 657 3144 Aninionis,
680 3053 716 3124 in
739 3053 879 3152 consilio
901 3052 1082 3126 Arinionis
1100 3055 1251 3146 generali
1275 3063 1310 3126 et
1335 3055 1371 3125 in
1395 3055 1626 3149 parlamento,

222 3176 291 3248 illis
304 3175 520 3271 presentibus
535 3175 581 3249 de
593 3174 748 3271 predicto
761 3175 903 3248 consilio
919 3184 954 3248 et
968 3176 1085 3248 multis
1097 3175 1173 3248 aliis
1191 3176 1282 3250 dicte
1295 3177 1444 3250 civitatis
1458 3177 1519 3271 qni
1531 3185 1630 3250 erant

219 3299 257 3371 in
269 3300 481 3397 pnrlamcnto
493 3297 661 3394 predicto.

269 3425 345 3518 Ego
361 3443 447 3496 vero
463 3424 583 3495 Petrus
605 3421 740 3494 Olricus
753 3421 907 3493 noerius
924 3420 1085 3516 publicus
1106 3420 1237 3494 domini
1256 3423 1391 3495 comitis
1408 3423 1569 3496 omnibns
1585 3424 1629 3498 iis

222 3567 364 3643 precem
375 3545 528 3637 interfui,
543 3545 605 3641 qni
618 3543 782 3618 mandato
797 3553 832 3617 et
844 3544 1027 3619 autoritate
1044 3545 1175 3618 domini
1190 3546 1325 3619 comitis
1333 3547 1454 3620 Tolosa
1466 3546 1626 3644 predicti,

222 3671 312 3744 hanc
325 3677 452 3743 cartam
465 3668 599 3764 scripsi,
619 3668 771 3758 bullavi,
790 3669 968 3764 composui
982 3678 1017 3741 et
1036 3668 1184 3760 signavi.

273 4135 455 4220 Aibertns
476 4136 668 4220 Bohemns
687 4137 868 4249 Gregorio
885 4165 1006 4249 papae
1023 4139 1175 4224 nuntiat
1191 4149 1286 4250 quot
1302 4139 1540 4226 difficultates
1557 4167 1627 4253 pro
1653 4167 1834 4220 terreamus

221 4265 402 4352 electione
419 4269 508 4353 novi
525 4269 627 4378 regis
645 4271 685 4352 in
704 4271 929 4354 Alemannis
951 4285 1178 4383 exsurgant3
1198 4299 1359 4358 monens
1380 4275 1474 4386 quid
1499 4303 1626 4386 agen·
1674 4228 1810 4279 anamma

222 4399 315 4482 dnm
334 4399 444 4484 silut
461 4401 724 4510 episcopomm
743 4405 1018 4489 Germanorum
1043 4407 1283 4490 contumacia
1303 4408 1458 4492 tandem
1479 4409 1625 4492 inirin-

221 4539 347 4640 gutur.

303 4690 399 4770 (Edit.
414 4707 453 4753 cx
465 4691 570 4756 Amat.
586 4703 713 4776 accpi.
727 4703 786 4761 act.
801 4695 868 4761 alt.
884 4696 1015 4776 Baiani,
1030 4715 1079 4778 up.
1094 4699 1222 4774 onnam,
1238 4699 1361 4782 script,
1375 4707 1400 4762 t.
1415 4703 1444 4774 1,
1459 4719 1492 4780 p.
1512 4709 1582 4782 rer,
1596 4705 1626 4764 et

340 4815 391 4877 sp.
408 4799 543 4876 Horam,
557 4803 590 4862 ln
603 4799 680 4864 atet.
696 4801 745 4866 dar
758 4801 836 4867 liter.
857 4805 972 4868 Vereins
984 4822 1040 4868 uon
1051 4808 1208 4888 srcttpart,
1224 4812 1247 4868 t.
1264 4805 1347 4887 XYI,
1362 4823 1392 4884 p.
1410 4815 1509 4869 tate.
