4384 6004
215 689 323 749 lrrnrcr.
340 679 402 764 14]
676 671 875 735 HISTORIA
900 671 1196 736 urreounrlce.
1569 679 1646 744 1051

217 819 376 916 portium
389 810 574 888 instantius
586 807 885 895 evocabant,illnc
895 805 1078 880 victoriose
1088 808 1325 900 transivimus,
1339 829 1381 882 ac
1393 809 1534 886 obsessa
1547 813 1650 888 nndi·

217 963 291 1037 que
304 949 340 1014 et
356 945 466 1013 mtate
482 937 647 1009 Ravenna
660 955 730 1027 qne
747 930 884 1005 dudum
897 951 960 1026 per
972 933 1164 1028 proditores
1178 941 1312 1004 nostros
1325 953 1347 1004 a
1358 933 1513 1007 dominic
1531 947 1649 1012 nosbo

218 1065 400 1136 subtracta
419 1060 551 1145 fuerat,
578 1054 668 1126 inlre
692 1055 739 1126 Vl
761 1053 838 1127 dies
865 1061 1022 1149 optenta,
1046 1055 1127 1127 licet
1147 1054 1361 1150 propositum
1386 1054 1516 1130 itineris
1542 1060 1649 1132 nostri

220 1186 350 1259 fuisset
364 1181 499 1279 pridem
519 1199 624 1272 super
643 1177 797 1250 Bononio
817 1175 999 1250 obsidione
1019 1187 1244 1272 conceptum,
1266 1177 1350 1271 qnia
1370 1185 1486 1252 tamen
1511 1181 1649 1277 interja-

219 1311 323 1383 cebat
349 1307 449 1380 velut
472 1303 592 1396 vipera
615 1299 832 1395 persecutrix
855 1299 1057 1374 Romaniole
1082 1311 1118 1372 et
1142 1300 1247 1372 nostri
1273 1300 1416 1374 honoris
1441 1311 1476 1377 et
1498 1307 1649 1380 nominis

218 1432 378 1520 inimica,
396 1426 508 1501 infida
521 1424 701 1515 Ferentio,
718 1423 764 1498 de
776 1423 878 1514 cujus
892 1423 1010 1496 levore
1022 1433 1058 1498 et
1072 1423 1235 1498 societate
1246 1425 1400 1498 Bononia
1411 1437 1555 1502 cccmus
1566 1451 1648 1504 suos

219 1557 259 1627 in
276 1553 416 1628 nostros
431 1550 551 1624 fideles
563 1547 681 1643 sepius
696 1545 925 1640 exprimebat,
943 1546 1054 1618 leticia
1068 1555 1180 1620 cestra
1192 1557 1307 1622 nostru
1320 1548 1355 1619 in
1376 1551 1453 1641 ejus
1466 1551 1649 1628 obsidione

220 1677 376 1752 vidimus
391 1675 552 1770 primitur
566 1669 792 1768 prefigenda3
812 1690 919 1764 qoam
934 1670 985 1742 sic
1001 1680 1113 1761 arcte,
1131 1671 1182 1744 sio
1195 1681 1353 1766 potenter
1367 1673 1568 1748 obsedimus
1585 1700 1648 1772 par

219 1801 395 1874 infinitum
410 1797 545 1892 copiam
565 1795 772 1866 bellatorum
787 1803 823 1866 et
836 1792 986 1866 diversis
1001 1795 1172 1867 machinis
1188 1805 1222 1867 ct
1236 1795 1312 1868 aliis
1325 1796 1560 1873 instrumentis
1574 1802 1648 1876 bel·

218 1925 297 1998 licis
310 1925 576 2016 circumseptam
593 1917 690 2012 qnod
701 1918 760 1990 vel
782 1937 844 2011 per
860 1917 1027 1990 insultum
1042 1919 1100 1990 vel
1116 1918 1329 1994 deditionem
1344 1921 1573 1996 voluntariam
1587 1936 1648 1998 aut

220 2048 383 2136 invitam,
399 2045 428 2115 ai
443 2065 519 2117 enm
534 2043 571 2114 in
584 2040 857 2116 misericordiam
869 2050 1022 2114 nostrum
1037 2042 1194 2136 recipere
1208 2031 1434 2136 voluerimus,
1450 2049 1646 2142 proximem

221 2193 300 2244 esse
330 2167 506 2243 credimus
535 2165 709 2261 captioni;
735 2165 934 2238 nullatenus
960 2165 1090 2238 abinde
1113 2167 1280 2240 recessuri
1307 2168 1375 2240 nisi
1404 2191 1480 2242 enm
1506 2183 1647 2248 auctore

219 2295 388 2382 Domino,
409 2292 532 2388 previo
557 2299 673 2363 nostre
686 2289 826 2382 justicie
846 2311 888 2362 ac
912 2299 1005 2362 recto
1025 2289 1145 2382 judice
1168 2290 1401 2386 perfidorum,
1423 2294 1468 2366 ed
1493 2307 1646 2372 nostrum

221 2419 419 2494 dominium
435 2415 652 2488 edomemus.
672 2411 809 2486 Amatis
820 2413 912 2484 enim
926 2415 1045 2486 castris
1060 2415 1186 2488 nostrie
1201 2437 1247 2488 ex
1264 2426 1379 2489 nostre
1395 2420 1646 2496 constitutionis

222 2543 340 2616 edicto
355 2537 447 2640 [pro]
465 2536 655 2632 temptoriis
672 2534 797 2608 domos
815 2536 851 2608 in
868 2539 943 2630 ejus
960 2538 1107 2610 circuitu
1122 2545 1202 2610 sunt
1224 2539 1466 2614 universaliter
1484 2543 1645 2620 fabricate

222 2667 285 2739 ubi
306 2687 421 2738 rerum
436 2661 706 2734 necessariarum
724 2668 759 2731 et
776 2659 979 2731 victualium
999 2661 1098 2754 copia
1112 2661 1354 2757 prebebnndat
1367 2662 1431 2758 (t).
1453 2666 1645 2740 liedennti-

222 2789 292 2860 bns
302 2789 405 2862 etiam
418 2785 463 2860 ad
475 2782 678 2856 mandatum
693 2791 851 2855 nostrum
862 2795 1011 2876 quatuor
1023 2781 1068 2854 de
1078 2783 1277 2855 civitatibus
1289 2783 1452 2876 biarchis,
1467 2787 1644 2882 inquibus

208 2896 290 2984 'init
307 2932 387 3006 spes
402 2909 587 3005 papalibus
607 2907 707 2978 eluse
722 2927 801 2977 cum
820 2927 879 2978 eas
898 2904 1114 2978 intenderent
1129 2914 1247 2978 contra
1267 2907 1450 3002 imperium
1465 2908 1640 3003 detinere,

221 3037 283 3108 via
298 3035 455 3108 euntium
470 3041 504 3105 et
516 3029 733 3104 venientium
749 3050 829 3101 cum
848 3029 952 3101 rebus
965 3028 1149 3102 venalibus
1169 3038 1222 3101 est
1239 3030 1379 3124 penitus
1393 3044 1561 3127 reserata,
1580 3036 1644 3110 sic·

221 3179 295 3253 que
315 3179 337 3230 n
356 3169 466 3248 regno
490 3155 661 3227 nostruin
685 3153 878 3227 exercitum
896 3162 985 3225 terre
1008 3153 1164 3246 marique
1182 3167 1244 3249 per
1264 3161 1369 3226 totam
1392 3153 1643 3234 Anconitanum

221 3281 412 3358 marchiam
427 3279 608 3352 effluenter
625 3276 823 3351 necessarie
836 3275 975 3368 singula
994 3275 1219 3370 delerentur,
1235 3287 1273 3350 ut
1290 3277 1424 3352 firmata
1443 3281 1493 3354 sic
1516 3292 1551 3356 et
1569 3283 1642 3358 dis·

221 3405 337 3501 pcslta
353 3423 457 3499 snper
470 3400 609 3475 excidio
626 3399 791 3474 Faventie
807 3420 904 3474 mora
927 3409 1060 3493 nostre,
1081 3422 1154 3473 non
1173 3422 1284 3497 yeme,
1303 3403 1436 3510 grando
1450 3407 1506 3478 vel
1524 3408 1644 3503 pluvia

222 3549 289 3602 nos
303 3526 494 3600 movebunt
508 3546 622 3622 usque
640 3523 687 3598 ad
704 3524 858 3622 ipsorum
881 3531 1074 3596 nostrorum
1093 3523 1271 3598 rebellium
1291 3528 1527 3602 confusionem
1545 3531 1644 3605 debi-

222 3661 293 3723 tam
311 3660 346 3723 et
363 3659 567 3722 extremam.
588 3646 701 3720 Altius
720 3646 813 3720 enim
835 3647 927 3718 illatc
944 3647 1045 3720 nobis
1062 3670 1123 3742 per
1147 3670 1207 3721 eos
1223 3651 1348 3743 injurie
1370 3652 1523 3725 subeunt
1543 3676 1642 3728 men·

222 3783 292 3848 tem
308 3783 478 3864 nostram;
495 3793 575 3844 nam
591 3771 692 3844 nobis
707 3771 789 3842 olim
806 3791 969 3865 prospere
985 3770 1205 3843 venientibus
1223 3771 1269 3845 ed
1284 3773 1462 3868 imperiale
1480 3775 1642 3852 diadema

222 3893 433 3970 sumendum
447 3896 611 3991 opposuit
632 3915 671 3967 se
691 3893 869 3988 processui
884 3903 998 3966 nostro
1012 3895 1217 3968 contrariam
1235 3894 1303 3992 (ἲ),
1316 3897 1451 3992 luitque
1468 3909 1546 3993 post
1562 3901 1642 3974 ble-

223 4021 403 4095 diclanum
425 4021 561 4094 auctrix
585 4031 620 4092 ct
641 4020 782 4114 sequela
804 4028 842 4090 nt
869 4027 1024 4114 tempore
1045 4021 1253 4114 procedente
1273 4029 1307 4094 et
1329 4023 1428 4095 nobis
1451 4023 1487 4094 in
1507 4025 1642 4098 eisdem

220 4144 382 4240 partibus
396 4165 475 4216 cum
494 4143 651 4216 exercitu
664 4151 784 4215 nostro
797 4143 943 4216 transire
955 4145 1228 4239 proponentibus
1238 4167 1300 4241 per
1315 4145 1487 4239 eamdem,
1499 4147 1642 4243 publice

257 4397 294 4470 (tl
316 4417 329 4451 ι
342 4397 373 4455 ln
388 4396 508 4471 proximo
521 4413 617 4454 mense
634 4395 770 4468 octobris,
783 4397 932 4470 imperator
944 4395 1058 4454 medens
1071 4395 1109 4454 ibi
1120 4413 1232 4471 yemare
1246 4399 1341 4456 statuit
1354 4399 1412 4458 lieri
1427 4399 1528 4460 lossete
1541 4401 1568 4460 in
1581 4403 1640 4478 giro

220 4493 318 4552 castris
329 4499 358 4552 et
375 4493 477 4567 speldin
494 4501 522 4551 st
536 4493 689 4551 bertsscbis
701 4493 808 4552 mnnita
820 4500 849 4550 et
860 4493 954 4552 domos
967 4493 994 4550 in
1005 4493 1073 4568 ipsis
1085 4493 1143 4552 lieri
1156 4495 1229 4554 lecit.
1241 4513 1256 4550 a
1269 4496 1395 4555 Obronic.
1412 4496 1445 4554 de
1458 4497 1514 4557 reb.
1529 4501 1561 4557 in
1572 4501 1638 4562 ltol.

220 4598 300 4664 pert„
314 4607 342 4665 p
360 4593 422 4649 ret.
436 4591 501 4649 lnde
512 4591 640 4649 mmmm
651 4590 798 4664 quamdam
811 4589 937 4647 bellicam
955 4590 1095 4648 civitatem
1113 4592 1171 4666 jam
1184 4593 1212 4648 in
1229 4593 1369 4653 obsidione
1381 4594 1526 4656 Fauentiae
1539 4597 1575 4656 ab
1587 4599 1638 4657 im·

221 4695 346 4762 peratore
360 4687 443 4746 luisse
456 4693 593 4761 statutm,
608 4689 679 4746 sicut
691 4693 787 4762 postca
800 4688 827 4744 in
840 4687 979 4745 obsidione
989 4689 1104 4747 Parmae
1120 4689 1179 4747 fleri
1192 4689 1286 4748 voluit.

256 4785 294 4858 (2)
312 4784 353 4844 Cl.
365 4801 460 4860 sopra,
472 4791 493 4843 t.
507 4787 529 4858 l,
544 4803 573 4861 p.
588 4789 652 4858 ota,
667 4793 724 4845 not.
740 4789 768 4860 t,
780 4793 809 4844 et
819 4802 848 4861 p.
865 4787 928 4857 87⁸,
942 4791 999 4844 not.
1012 4789 1040 4846 2.
