4358 5996
579 657 640 720 972
1078 655 1294 720 ralusutct
1317 655 1493 720 SECUNDI
1804 654 1892 740 [An.
1912 655 2000 718 latu

626 791 808 866 masone
825 789 953 862 dommo
975 791 1172 884 imperatore
1182 815 1247 888 pcc
1265 794 1414 888 judicem
1440 791 1630 866 Ttuddcam
1650 801 1682 864 ct
1702 791 1907 886 minnere
1923 793 2002 866 iiic-

580 917 717 990 cordum
731 917 861 1009 scripsit
874 915 1022 988 notumne
1039 917 1082 988 u.
1103 915 1143 988 cic
1157 916 1328 990 Sclcruu:

627 1039 843 1128 Fredericus,
862 1047 945 1129 etc,
963 1039 1155 1130 justiciario
1172 1039 1335 1137 Aprucii,
1351 1049 1417 1115 etc.
1436 1039 1606 1114 Fidelitati
1630 1048 1690 1114 tue
1711 1039 1927 1114 mundamus
1945 1049 2000 1114 at·

580 1187 649 1258 que
675 1163 883 1260 precipimus
906 1173 1079 1257 quatenus
1100 1165 1248 1260 receptis
1273 1165 1338 1260 hys
1360 1165 1507 1250 lictoris,
1531 1165 1693 1259 injungas
1716 1163 1862 1238 firmiter
1885 1165 2000 1259 judici

578 1288 724 1362 Johanui
755 1285 917 1361 saladino
947 1286 993 1360 de
1024 1287 1163 1361 civitate
1191 1287 1352 1380 Teatina,
1380 1285 1493 1382 judici
1520 1283 1685 1362 Silvestre
1715 1295 1751 1360 et
1777 1286 1924 1362 Oddoni
1953 1286 1999 1361 dc

578 1415 736 1486 {anzano
753 1420 791 1482 ut
814 1409 910 1483 omui
929 1419 1078 1484 morast
1097 1410 1278 1484 occasione
1297 1411 1455 1500 manetis,
1479 1411 1657 1485 conterant
1674 1433 1713 1485 se
1732 1410 1780 1485 ad
1802 1413 1999 1508 symonem

578 1536 741 1610 comitem
761 1534 959 1626 Teuticum,
975 1545 1168 1609 moraturus
1184 1555 1266 1608 cum
1287 1555 1329 1610 eo
1348 1543 1389 1606 ut
1405 1534 1496 1608 circe
1517 1555 1598 1608 sum
1615 1533 1756 1608 servitia
1771 1541 1892 1608 nostra
1908 1531 1999 1608 tide·

479 1700 482 1704 ·
579 1663 655 1735 liter
679 1667 914 1753 exequantur,
936 1660 1041 1750 juxta
1070 1657 1167 1752 quod
1192 1657 1288 1732 idem
1311 1679 1428 1732 comcs
1451 1657 1519 1730 sibi
1550 1657 1693 1731 duxerit
1716 1656 1995 1752 injungendum,

579 1785 644 1856 uisi
662 1783 732 1856 siut
752 1781 944 1878 specialiter
964 1781 1089 1854 nostris
1113 1781 1264 1854 servitiis
1287 1779 1444 1876 deputati
1465 1781 1523 1855 vel
1543 1791 1660 1854 nostre
1684 1781 1780 1856 curie
1804 1781 1998 1854 ratiociniis

577 1907 731 2001 obligati.

625 2034 750 2104 Datum
765 2030 881 2124 Fugie,
905 2031 934 2100 V
952 2027 1073 2118 madii,
1097 2028 1175 2100 xltt
1190 2026 1399 2101 indictionis.

626 2156 710 2228 ltcm
723 2151 768 2228 de
787 2153 955 2249 superiori
978 2151 1142 2225 mandato
1160 2151 1255 2226 idem
1270 2151 1422 2225 neurius
1440 2149 1578 2246 scripsit
1592 2149 1778 2241 justitiario
1801 2149 1995 2246 Capitinate

578 2277 675 2373 quod
695 2279 813 2350 miotat
829 2276 876 2350 ad
891 2279 1077 2372 Symouem
1097 2275 1260 2350 comitem
1275 2274 1455 2348 teatinum
1474 2273 1659 2370 Rogerium
1674 2273 1720 2348 de
1739 2276 1866 2351 Sancta
1883 2273 1994 2348 Cruoe

577 2402 623 2476 de
640 2401 785 2474 Ciuitate
802 2401 838 2472 in
856 2401 964 2474 iorme
978 2399 1180 2496 prescripta.

781 2693 1782 2707 —ffivffl

451 3001 513 3086 ⁸¹⁸5
628 2969 849 3056 Mandatum
869 2965 919 3049 ad
938 2963 1108 3074 judicem
1135 2965 1382 3050 Thomasium
1401 2968 1449 3050 de
1465 2965 1610 3078 Bojano
1628 2977 1672 3052 ut
1689 2994 1730 3053 se
1746 2969 1921 3054 conferat
1941 2969 1989 3051 ad

576 3114 761 3188 secretum
781 3098 948 3204 Siciliae,
970 3095 1162 3204 cumipse
1183 3108 1417 3182 moraturus.

655 3331 778 3412 (licoat.
793 3327 895 3407 imper.
911 3321 1031 3386 metm
1047 3324 1091 3398 11,
1107 3323 1159 3387 iol.
1175 3333 1193 3385 c
1207 3341 1310 3401 versc3
1326 3327 1357 3386 tn
1371 3325 1443 3388 edit.
1456 3325 1592 3405 Caram„
1604 3343 1635 3404 p.
1652 3335 1736 3404 tto.)

622 3533 669 3602 Dc
685 3527 855 3623 imperiali
870 3523 1029 3596 mundato
1040 3547 1103 3618 por
1116 3526 1275 3597 Pcoorru.
1293 3521 1375 3620 (sic)
1387 3523 1438 3622 (a)
1448 3524 1597 3620 judicem
1610 3523 1658 3597 P.
1674 3525 1716 3598 do
1733 3527 1836 3600 Vinea
1851 3531 1986 3624 scripsit

572 3653 721 3725 notumne
735 3655 776 3725 ii.
794 3651 834 3722 te
846 3648 982 3720 Soteirso
997 3673 1008 3718 .·

621 3775 836 3864 Fredericus,
860 3781 943 3861 etc,
964 3769 1074 3863 iudici
1090 3768 1274 3842 'thomasio
1290 3768 1336 3842 de
1356 3771 1505 3864 Boiano,
1524 3781 1592 3845 etc.
1612 3771 1779 3848 Fidelitcti
1799 3785 1859 3850 tue
1883 3799 1986 3850 mau-

573 3901 696 3973 dumus
714 3907 818 3992 atque
843 3893 1054 3998 precipimus
1075 3902 1251 3987 quatenus
1270 3892 1416 3989 receptis
1441 3892 1508 3990 hys
1528 3893 1672 3986 lictoris,
1699 3897 1854 3972 conteras
1878 3909 1913 3975 te
1938 3899 1985 3974 ad

572 4023 760 4096 obbertum
787 4016 1089 4092 Foliamouachum
1106 4015 1211 4088 tonus
1232 4015 1347 4088 Sicilie
1363 4014 1565 4088 docuerium
1590 4015 1637 4091 ds
1660 4021 1799 4093 secretis
1821 4031 1857 4094 et
1880 4041 1983 4118 ques·

571 4159 685 4220 torum
699 4143 917 4238 magistrum,
934 4148 1148 4212 moraturum
1169 4135 1359 4230 cumipse,
1375 4148 1409 4210 et
1421 4135 1599 4230 judicatus
1609 4139 1761 4213 officium
1777 4153 1813 4214 et
1824 4144 1893 4217 alia
1909 4165 1979 4219 ser·

571 4271 656 4342 vitiu
674 4276 790 4341 nostra
812 4265 902 4338 circa
923 4282 1004 4334 eum
1027 4279 1191 4334 exerceas
1211 4277 1281 4353 que
1302 4257 1364 4354 tibi
1386 4259 1595 4336 commiserit
1609 4263 1821 4356 exercenda,
1840 4266 1889 4340 ad
1914 4266 1983 4340 ho-

572 4413 693 4464 norem
710 4399 745 4463 et
762 4386 960 4461 fidelitatem
980 4393 1143 4457 nostram.

619 4519 743 4588 Datum
762 4509 881 4604 iugis,
897 4509 926 4581 V
942 4507 1062 4595 madii,
1080 4506 1158 4580 xllt
1171 4503 1383 4579 indictionis.

612 4759 655 4841 (o)
675 4758 814 4821 Forsitan
827 4753 985 4836 legendum
1000 4771 1009 4815 ε
1019 4767 1080 4834 par
1091 4750 1337 4814 Pauormitouuos
1350 4745 1592 4833 archiepiscopum
1603 4749 1776 4834 ctjtdiotot.
