4564 6038
489 654 568 718 1166
989 653 1206 716 retonuit!
1232 651 1408 712 SECUNDI
1713 653 1793 738 [dnn.
1811 658 1900 720 1241.

485 788 639 883 recipere
659 785 871 884 denegabat,
899 787 947 864 ad
969 787 1201 863 universalem
1224 784 1474 860 dissensionem
1492 787 1668 882 aspirans,
1694 789 1759 863 vix
1781 792 1903 865 ultoris

485 912 634 1007 Augusti
646 923 755 987 metas
773 912 972 1006 excederet,
986 913 1049 1009 qui
1064 911 1263 1006 Augustum
1273 907 1450 984 offendere
1469 910 1654 984 nitebatur.
1669 913 1801 986 llcvera
1811 936 1903 987 mor·

486 1047 568 1110 tuns
580 1045 645 1130 ost,
662 1059 725 1134 per
744 1059 850 1134 quem
866 1059 939 1134 pax
954 1045 1044 1110 terre
1056 1036 1188 1128 decrat,
1204 1041 1240 1108 et
1255 1033 1397 1128 vigebat
1413 1033 1611 1124 dissidium,
1627 1044 1662 1108 et
1678 1039 1903 1132 quamplures

486 1161 524 1232 in
538 1161 659 1235 mortis
675 1163 868 1257 periculum
882 1159 1082 1235 incidebant
1099 1187 1109 1232 a
1127 1158 1173 1233 de
1185 1159 1286 1252 cujus
1307 1167 1416 1234 morte
1436 1158 1545 1230 multa
1563 1161 1802 1255 compassione
1819 1183 1902 1234 oon·

487 1281 661 1377 ducimur,
682 1293 716 1358 et
733 1285 813 1358 licet
829 1283 937 1378 digno
955 1292 1075 1358 contra
1093 1303 1174 1356 enm
1194 1279 1277 1354 odio
1297 1301 1537 1372 moveremur,
1553 1281 1649 1353 velut
1664 1281 1709 1354 ab
1729 1304 1773 1356 eo
1790 1285 1901 1356 mani·
1938 1361 1942 1368 ,

487 1407 581 1482 iestis
609 1408 744 1500 injuriis
772 1418 807 1480 et
835 1407 1006 1481 evidentis
1038 1405 1214 1478 inimicitie
1239 1403 1536 1499 persecutionibus
1562 1405 1730 1494 lacessiti,
1763 1418 1901 1499 gratum

487 1542 601 1605 wmen
614 1533 806 1628 compassio
819 1540 935 1606 nostra
952 1530 1128 1620 duxisset,
1144 1529 1174 1601 si
1188 1527 1311 1601 diebus
1330 1527 1403 1600 suis
1417 1527 1539 1600 luisset
1553 1529 1598 1600 ab
1621 1529 1766 1602 authore
1782 1531 1901 1605 salutis

486 1653 659 1728 indultum
687 1655 784 1751 quod
808 1653 1036 1729 reverendam
1065 1663 1210 1726 matrem
1238 1661 1410 1740 nostram,
1433 1661 1685 1725 sacrosanctam
1711 1655 1901 1727 Romanam

487 1779 687 1872 Ecclesiam,
705 1789 741 1851 et
758 1779 906 1854 Romani
922 1777 1042 1852 sedem
1062 1775 1217 1872 imperii,
1234 1777 1304 1867 cui,
1322 1775 1466 1848 authore
1485 1776 1645 1868 Domino,
1668 1777 1899 1872 presidemus,

486 1901 651 1996 inoptata
666 1923 752 1998 pace
763 1901 886 1998 sopitis
898 1900 1167 1975 dissentionibus
1180 1901 1366 1992 statuisset,
1385 1909 1420 1972 et
1436 1883 1548 1972 ortum
1562 1899 1608 1972 de
1621 1921 1685 1972 suo
1698 1911 1794 1973 motu
1806 1924 1903 1974 scan-

487 2023 607 2098 dalum
623 2027 804 2120 generale,
827 2025 923 2120 quod
941 2024 1045 2100 valde
1064 2025 1130 2097 luit
1153 2022 1330 2098 modernis
1356 2023 1568 2119 temporibus
1589 2023 1713 2096 Christi
1739 2023 1902 2097 fidelibus

486 2168 685 2239 onerosum,
699 2170 764 2222 suo
776 2158 930 2244 tempore
944 2147 1145 2244 quievisset.
1162 2145 1232 2220 Sed
1247 2169 1328 2220 cum
1346 2147 1445 2218 aliter
1458 2147 1574 2219 risum
1589 2148 1690 2220 luerit
1703 2148 1739 2219 in
1754 2149 1902 2220 excelsis

486 2270 583 2366 apud
598 2271 753 2344 omnium
766 2273 992 2365 conditorem,
1006 2273 1067 2367 qui
1082 2271 1180 2344 novit
1194 2271 1230 2344 in
1244 2270 1448 2345 abscondito
1460 2263 1602 2344 consilia
1620 2271 1898 2364 malignantium,

487 2394 593 2468 rebus
611 2393 860 2468 dissidentibus
879 2395 1048 2491 providit,
1066 2394 1163 2470 etad
1182 2395 1362 2470 clamorem
1380 2393 1562 2468 Christiani
1580 2394 1701 2490 populi
1720 2396 1901 2466 consolan-

488 2517 586 2606 dum,
608 2517 765 2614 disponet
781 2519 817 2590 in
833 2519 1018 2614 apostolica
1032 2519 1115 2593 sede
1127 2519 1242 2592 virum
1261 2517 1453 2592 secundum
1472 2539 1531 2590 cor
1544 2539 1661 2608 suum,
1676 2518 1737 2611 qui
1752 2520 1806 2588 sui
1823 2540 1900 2612 pre·

488 2642 678 2716 decessoris
696 2641 865 2716 indirecta
881 2642 1008 2736 dirigat
1030 2653 1064 2716 et
1083 2643 1263 2716 malefacta
1284 2643 1451 2733 corrigat,
1470 2641 1575 2714 totius
1590 2640 1713 2713 mundi
1731 2642 1807 2735 paci
1823 2663 1903 2736 pro-

487 2765 618 2859 rideat,
636 2775 671 2840 et
684 2787 748 2840 nos
766 2767 803 2838 in
821 2773 1011 2840 maternam
1036 2765 1256 2840 dilectionem
1278 2765 1431 2838 Ecclesia
1454 2764 1580 2858 dirigat
1605 2775 1640 2835 et
1655 2765 1828 2837 reformet.
1847 2763 1901 2838 Ad

487 2887 584 2982 quod
608 2889 697 2963 votis
722 2889 926 2963 ardentibus
947 2890 1098 2984 totisque
1119 2890 1301 2963 conatibus
1317 2887 1539 2979 insudamus,
1564 2897 1602 2958 ut
1623 2887 1719 2984 pacis
1736 2888 1849 2960 amico
1868 2897 1902 2960 et

484 3013 620 3104 justicie
645 3015 790 3086 zelatore
807 3013 843 3085 in
861 3013 925 3086 Dei
938 3013 1089 3086 Ecclesia
1101 3013 1299 3104 substituto,
1318 3011 1363 3085 ad
1378 3010 1673 3086 honorificentiam
1694 3011 1778 3084 nori
1797 3011 1902 3105 patrie

489 3137 634 3212 devotus
649 3137 740 3210 iilius
759 3137 1003 3230 adsurgamns,
1021 3137 1211 3211 dummodo
1229 3137 1481 3234 predecessoris
1500 3137 1629 3208 crimen
1647 3135 1814 3209 etodium
1832 3157 1900 3208 non

488 3271 666 3354 sequatur,
688 3262 721 3334 ei
739 3261 975 3334 omnimodam
989 3261 1280 3352 benevolentiam,
1300 3259 1535 3334 defensionem
1553 3269 1589 3332 et
1600 3259 1827 3354 patrocinium
1841 3259 1900 3328 im-

488 3384 629 3478 pensuri
654 3383 700 3457 ad
727 3385 906 3457 tuitionem
930 3385 1098 3458 catholice
1126 3382 1206 3456 fidei
1233 3393 1268 3456 et
1288 3383 1519 3456 ecclesiastice
1543 3383 1727 3470 libertatis;
1754 3403 1834 3453 cum
1855 3379 1901 3454 ad

487 3505 569 3598 hoc,
592 3507 795 3602 disponente
814 3508 978 3595 Domino,
999 3507 1134 3602 imperii
1164 3514 1346 3600 sceptrum,
1358 3506 1631 3602 susceperimus,
1650 3515 1685 3580 et
1709 3507 1902 3578 Romanum

488 3629 673 3723 imperium
687 3637 844 3702 nostrum
861 3631 907 3703 ad
924 3630 1192 3725 predicationem
1210 3631 1390 3725 Evangelii
1408 3631 1453 3702 sit
1466 3639 1704 3726 preparatum,
1723 3639 1762 3700 ut
1783 3629 1901 3701 catho-

487 3751 587 3824 licam
604 3749 710 3825 lidem
727 3761 762 3826 et
778 3761 922 3827 matrem
940 3754 1125 3827 Ecclesiam
1144 3777 1165 3827 a
1182 3755 1315 3826 cunctis
1329 3753 1480 3826 hostium
1494 3753 1691 3825 incursibus
1708 3762 1902 3825 nostrarum

487 3874 616 3948 virium
656 3877 836 3950 conatibus
865 3900 1039 3951 eruamus.
1072 3877 1254 3950 Prcsertim
1283 3898 1362 3949 cum
1399 3899 1445 3950 ex
1478 3875 1702 3949 orientalibus
1745 3877 1902 3971 partibus

487 3997 707 4073 Tartarorum
723 3999 831 4072 hostis
851 3999 1036 4090 adveniat,
1056 4001 1118 4094 qui
1135 3999 1316 4072 destructis
1336 4000 1493 4095 partibus
1515 4001 1685 4094 cujusque
1698 3999 1817 4093 regni,
1842 4020 1902 4092 per

487 4143 576 4218 quas
597 4123 778 4195 transitum
798 4122 985 4217 habuerat,
1004 4133 1039 4196 et
1057 4123 1272 4198 diversarum
1291 4123 1511 4196 multitudine
1527 4123 1682 4217 gentium
1700 4123 1902 4195 conculcata

488 4268 530 4320 ac
543 4246 645 4342 copia
659 4248 885 4343 populorum,
916 4245 1071 4320 funditus
1091 4247 1228 4322 abolere
1249 4248 1375 4342 satagit
1390 4256 1461 4319 tam
1480 4267 1606 4320 nomen
1627 4267 1733 4340 quam
1754 4245 1901 4318 cultores

486 4368 569 4444 fidei
582 4369 782 4462 christiane,
800 4371 857 4443 cui
874 4369 919 4444 de
934 4369 1150 4466 providentia
1166 4370 1251 4444 novi
1268 4371 1373 4466 patris
1390 4371 1525 4444 romani
1541 4367 1772 4443 substituendi
1786 4369 1902 4464 ponti-

486 4491 575 4582 licis,
591 4492 779 4566 adsistente
794 4493 895 4566 nobis
913 4493 1066 4588 potentia
1083 4515 1206 4588 regum
1222 4503 1257 4566 ot
1271 4493 1465 4590 principum
1483 4494 1578 4566 orbis
1590 4503 1697 4582 terre,
1715 4490 1902 4586 magnifice

486 4613 703 4710 disponimus
719 4615 876 4710 obviare;
900 4615 1121 4690 adsumentes
1139 4615 1343 4690 fiducialiter
1363 4639 1503 4690 causam
1521 4617 1596 4706 Dei,
1624 4617 1686 4710 qui
1702 4623 1835 4688 nostros
1856 4615 1901 4687 de

487 4737 604 4814 medio
616 4739 730 4814 aufert
753 4739 924 4835 inimicos,
940 4751 979 4815 ut
994 4741 1168 4837 expositas
1186 4740 1232 4816 ad
1248 4741 1324 4835 ejus
1341 4742 1521 4816 servitium
1539 4739 1709 4836 impedire
1727 4747 1901 4833 nequeant
