4358 5996
553 637 614 698 ttltt
1049 627 1262 690 lutunulct
1287 627 1460 692 sttcttltttl
1774 626 1860 704 [Ans.
1878 627 1973 690 12⁴⁰.

555 768 700 869 predicti
724 764 858 840 Paulini
881 785 1053 860 expensas
1076 749 1147 838 non
1172 765 1343 862 recepisse
1364 765 1410 839 ab
1433 785 1495 854 eo,
1519 783 1583 859 pro
1600 783 1672 837 uno
1689 769 1810 836 'mense
1827 763 1977 858 quoad

556 894 688 968 curiam
699 901 848 965 nostram
863 911 943 962 cum
962 889 1154 964 falconibus
1167 890 1252 986 ipsis
1266 911 1304 964 sc
1315 890 1504 980 conferant,
1521 909 1585 985 pro
1599 909 1651 978 ss,
1666 887 1766 982 equis
1777 895 1813 960 et
1826 888 1978 962 falconi·

556 1019 624 1092 bus
635 1035 806 1111 expensas
825 1012 954 1088 debeas
969 1011 1152 1104 exhibere,
1170 1013 1315 1088 daturus
1332 1015 1383 1088 eis
1396 1013 1512 1087 statim
1528 1011 1625 1108 quod
1641 1021 1724 1084 tunc
1738 1009 1784 1084 ad
1796 1020 1831 1085 te
1844 1033 1977 1107 perve-

558 1141 683 1228 nerint,
695 1138 880 1212 vassellum
895 1145 1093 1232 competens
1107 1159 1178 1231 quo
1188 1137 1256 1210 cito
1269 1157 1308 1212 se
1320 1139 1497 1211 conferant
1507 1156 1618 1228 usque
1627 1135 1777 1208 ttuan
1790 1135 1978 1229 Expensas

559 1273 674 1339 autern
695 1261 824 1335 debent
848 1259 1001 1354 recipere
1024 1258 1196 1332 falecuerii
1220 1259 1287 1354 ipsi
1313 1259 1395 1332 sier
1421 1258 1624 1332 Guillelmus
1644 1257 1801 1330 Rudinus
1823 1279 1889 1354 pro
1912 1281 1974 1351 se,

559 1386 697 1460 duobus
717 1383 916 1458 hominibus
936 1391 972 1456 et
988 1381 1098 1454 tribus
1113 1383 1230 1476 equis,
1253 1382 1454 1458 Guillelmus
1473 1382 1520 1456 dc
1538 1381 1713 1456 bisiniano
1734 1403 1796 1478 pro
1817 1405 1875 1472 se,
1901 1405 1977 1456 uno

559 1509 698 1583 bomine
708 1517 744 1580 ct
758 1505 896 1579 duobus
913 1505 1025 1600 equis,
1040 1504 1148 1578 Gilius
1162 1526 1223 1600 pru
1238 1527 1290 1597 se,
1309 1527 1380 1579 uno
1394 1505 1535 1579 homine
1548 1505 1734 1580 et'duobus
1749 1507 1862 1600 equis,
1877 1506 1978 1580 Ana-

561 1633 668 1706 cletus
686 1651 748 1726 pro
769 1650 825 1720 se,
844 1615 916 1700 uno
938 1627 1079 1702 bonius
1102 1638 1137 1701 et
1161 1628 1299 1702 duobus
1323 1629 1441 1723 equIs,
1463 1629 1642 1702 Panacius
1668 1649 1731 1723 pro
1753 1649 1812 1720 se,
1831 1627 1978 1704 duobus

560 1753 759 1830 hominibus
771 1763 805 1826 et
825 1752 935 1824 tribus
948 1735 1060 1846 equis,
1075 1751 1249 1826 Iohannes
1265 1751 1309 1825 ds
1321 1752 1470 1824 Pallootu
1482 1773 1544 1848 pro
1557 1773 1607 1844 se,
1623 1750 1761 1824 duobus
1773 1751 1979 1827 homiuibus

555 1849 596 1954 et
621 1876 734 1950 tribus
762 1875 882 1970 equIs,
911 1875 1114 1948 Guillelmus
1141 1875 1315 1969 Englisius
1340 1887 1403 1971 pro
1426 1897 1483 1965 se,
1514 1896 1584 1947 uno
1607 1874 1750 1948 homine
1773 1885 1808 1948 et
1834 1875 1978 1952 duobus

562 2001 679 2096 equis,
698 1999 891 2074 Gualterius
907 1999 1011 2070 frater
1030 2000 1105 2092 ejus
1122 2019 1185 2094 pro
1207 2020 1263 2091 se,
1283 1997 1423 2072 homins
1439 2020 1510 2072 uno
1525 2007 1561 2071 et
1581 1997 1719 2072 duobus
1740 2000 1860 2095 equis,
1880 2001 1979 2076 Ade-

563 2123 678 2196 nulfus
692 2123 737 2196 de
755 2121 907 2196 Balcanc
925 2143 989 2219 pro
1009 2143 1065 2214 se,
1082 2120 1221 2194 duobus
1236 2121 1435 2194 hominibus
1450 2131 1484 2194 et
1507 2121 1617 2194 uibus
1641 2123 1760 2218 equis,
1779 2122 1979 2200 Gualtcrius

564 2247 608 2321 de
623 2245 768 2319 Castello
785 2266 848 2340 pro
865 2267 921 2338 ss,
941 2266 1013 2318 uno
1034 2245 1175 2318 horniue
1199 2255 1234 2318 et
1257 2244 1396 2318 duobus
1411 2244 1527 2340 equis,
1547 2245 1811 2341 llaymundInus
1830 2269 1893 2342 pro
1914 2271 1972 2338 se,

565 2368 701 2442 duobus
713 2367 912 2442 homiuibus
926 2377 961 2440 et
974 2367 1083 2440 tribus
1097 2367 1210 2462 equis,
1223 2367 1425 2440 Thomasius
1437 2368 1597 2463 Paganus
1609 2390 1673 2464 pro
1687 2390 1738 2462 se,
1752 2367 1891 2444 homine
1903 2395 1977 2451 uno

564 2501 599 2565 et
615 2491 754 2566 duobus
770 2490 885 2585 equis
899 2490 1021 2563 Daniel
1034 2511 1096 2584 pro
1114 2510 1165 2580 se,
1181 2509 1254 2563 uno
1269 2489 1410 2564 homine
1424 2499 1459 2564 et
1474 2491 1613 2564 duobus
1628 2491 1745 2586 equis,
1766 2493 1911 2568 blicbael
1930 2495 1978 2570 dc

566 2615 715 2711 Aprucio
730 2634 792 2709 pro
807 2634 856 2706 se,
877 2633 946 2685 uno
961 2613 1100 2687 homins
1111 2622 1147 2687 et
1161 2613 1298 2686 duobus
1311 2614 1425 2708 equis,
1436 2614 1615 2712 Philippus
1630 2614 1676 2689 de
1688 2615 1825 2690 Cascrta
1839 2641 1903 2714 pro
1920 2641 1973 2711 se,

566 2761 637 2814 uno
649 2738 789 2812 bonulus
802 2747 837 2812 et
852 2736 990 2810 duobus
1005 2737 1120 2832 equis,
1134 2737 1269 2810 Firmus
1279 2758 1343 2832 pro
1356 2758 1407 2828 se,
1421 2758 1492 2816 uno
1504 2738 1644 2832 bomine
1658 2749 1693 2812 et
1705 2739 1844 2814 duobus
1858 2743 1975 2838 equis,

565 2863 712 2936 lacobus
727 2859 916 2934 blustaoius
938 2882 999 2954 pro
1013 2881 1065 2951 ss,
1081 2882 1151 2934 uno
1163 2860 1303 2934 bomine
1320 2869 1354 2934 et
1372 2860 1512 2934 duobus
1530 2862 1642 2957 equis.
1664 2863 1837 2938 Prodictas
1858 2877 1977 2940 autern

566 3007 737 3083 expensas
758 2984 891 3058 eisdem
909 2983 1102 3058 falcousriis
1125 2982 1172 3058 ad
1191 2985 1352 3078 generale
1377 2984 1516 3081 pondus
1537 2984 1666 3060 debeas
1686 2987 1868 3082 exhibes,
1886 2991 1978 3066 elcut

568 3106 1510 3188 danturincurianostreomnibusdefamilianostra.
1841 3115 1844 3122 ’

615 3235 741 3305 Datum
753 3231 875 3326 Fugio,
889 3231 919 3303 V
934 3227 1059 3322 madii,
1072 3230 1149 3302 Xlll
1160 3229 1370 3304 indictionis.

615 3356 737 3428 Eodem
758 3351 843 3453 [die]
858 3353 898 3426 de
910 3353 1056 3447 ejusdcm
1071 3353 1228 3428 mundato
1241 3356 1373 3450 scripsit
1387 3355 1476 3428 idem
1493 3357 1533 3430 G.
1550 3382 1560 3429 t

616 3477 834 3572 fredericus,
857 3487 941 3567 ete,
970 3477 1115 3550 Pauttno
1136 3477 1183 3552 de
1204 3477 1327 3568 blalta,
1355 3487 1422 3554 ete.
1444 3479 1530 3553 Cum
1556 3479 1775 3554 Guillelmum
1800 3483 1978 3558 Rudinum

568 3602 788 3678 falconarium
812 3609 848 3674 st
868 3598 1007 3676 fidelem
1023 3609 1178 3674 nostrum
1200 3621 1280 3676 eum
1303 3601 1381 3676 aliis
1403 3599 1513 3677 XVIII
1530 3603 1725 3679 fuleoneriis
1741 3603 1979 3682 mietamus'in

568 3727 705 3800 blattam
718 3746 781 3820 pro
803 3723 995 3798 falconibus
1013 3722 1061 3798 ad
1076 3733 1227 3800 nostram
1238 3726 1446 3821 presentiam
1462 3726 1679 3818 deferendis,
1697 3749 1778 3803 ecce
1794 3731 1980 3806 scribimus

569 3849 717 3922 Obberto
742 3846 1008 3920 Fallamonacho
1031 3855 1164 3920 secreto
1188 3847 1224 3920 in
1247 3848 1362 3924 SiciIIa
1384 3857 1425 3922 ut
1444 3871 1507 3946 per
1526 3869 1650 3924 manus
1671 3851 1780 3947 ipsius
1804 3853 1979 3928 Guillelmi

569 3993 740 4068 expensas
760 3993 822 4069 pro
838 3991 895 4062 se,
915 3969 1107 4044 fulconeriis
1123 3979 1158 4042 et
1180 3971 1281 4065 cquis
1303 3993 1424 4048 eorum
1441 3993 1505 4069 pro
1522 3973 1661 4048 duobus
1682 3976 1860 4050 mensibus
1878 3977 1980 4072 aprili

569 4105 604 4170 et
614 4095 729 4170 madio
743 4104 778 4168 et
793 4093 980 4168 vasscllurn
992 4113 1063 4188 quo
1076 4113 1115 4166 se
1129 4113 1242 4187 usque
1254 4093 1393 4168 Malum
1404 4096 1593 4191 conferant,
1608 4115 1744 4172 necnon
1760 4109 1941 4196 postquam
1956 4123 1979 4175 a

570 4221 674 4293 lllalta
693 4215 863 4290 redierint
878 4239 900 4290 a
914 4217 1070 4292 Moesum
1091 4238 1205 4312 usque
1220 4216 1266 4293 ad
1282 4218 1414 4292 curiam
1428 4229 1597 4314 nostram,
1616 4243 1680 4318 pru
1695 4243 1752 4316 ss,
1768 4225 1976 4317 falconerib,

569 4341 669 4436 oquin
688 4349 723 4414 et
747 4339 938 4414 falconibus
961 4339 1088 4416 debeat
1107 4339 1156 4438 (a)
1171 4341 1352 4418 exhibere.
1369 4342 1485 4429 Quare
1504 4341 1659 4420 fidelitati
1678 4356 1738 4420 tue
1754 4343 1979 4446 precipiendo

570 4461 775 4538 mandemus
792 4471 964 4557 qnatenus
984 4483 1047 4558 per
1069 4484 1194 4538 manus
1214 4463 1361 4556 predicti
1382 4465 1553 4542 Gnillclrni
1572 4488 1635 4564 prc
1650 4489 1707 4560 se,
1729 4471 1847 4565 equis,
1874 4471 1979 4545 falco-

611 4707 655 4791 (e)
674 4711 711 4772 ln
723 4710 865 4788 tnprerso
879 4705 989 4790 olm,
1004 4709 1092 4776 male.
