4468 6010
275 642 375 705 trum.
395 642 460 721 to]
726 643 923 704 HISTORIA
948 639 1241 702 nlunouuttcu
1629 637 1691 700 829

277 774 437 869 stitutus,
458 797 564 871 quem
581 796 660 848 curu
677 776 833 850 inutilem
856 786 891 852 et
915 777 1178 850 insufficientem
1195 775 1325 849 adhoc
1341 773 1691 869 invenerisutscrip·

279 899 351 972 sisti
370 909 511 996 propter
535 921 678 995 gravem
696 911 730 974 et
752 904 950 975 continuam
974 900 1207 973 infirmitatem
1224 921 1330 994 quam
1353 899 1501 995 patitur,
1522 919 1691 972 unacum

279 1023 316 1094 u.
337 1024 481 1098 Pimouo
492 1025 677 1118 justitiario
692 1025 829 1122 llprutii
853 1025 1033 1115 amovisti,
1055 1047 1103 1098 ex
1120 1045 1191 1118 quo
1212 1025 1263 1098 sic
1279 1023 1409 1095 inutilis
1425 1033 1461 1096 et
1479 1021 1693 1094 insufficiens

279 1156 350 1218 erat
363 1148 426 1238 ibi,
443 1149 555 1244 placet
565 1148 676 1222 nobis.
694 1151 859 1222 Miramur
874 1159 989 1222 tumen
1003 1160 1038 1222 et
1053 1158 1087 1221 te
1100 1147 1341 1242 redarguimus
1354 1167 1423 1220 non
1440 1144 1584 1238 indigue
1596 1145 1692 1240 quod

279 1291 356 1342 cum
383 1271 562 1366 scripserIs
580 1283 614 1344 te
642 1273 748 1344 alium
774 1272 994 1346 substituisse
1019 1271 1170 1360 ibidem,
1198 1269 1294 1364 quod
1321 1278 1357 1342 ot
1382 1269 1458 1342 sino
1484 1269 1693 1342 conscientia

279 1404 393 1466 nostra
414 1395 529 1468 tacere
547 1415 617 1468 non
635 1395 825 1487 debueras,
851 1417 976 1470 nomeu
998 1396 1075 1488 ejus
1095 1403 1131 1468 et
1153 1394 1248 1466 unde
1270 1394 1314 1465 sit
1333 1402 1450 1465 nostre
1472 1413 1692 1486 nequaquam

278 1517 482 1592 excellentie
502 1517 687 1592 nunciasti.
706 1518 870 1614 significa
892 1519 998 1612 igitur
1024 1539 1152 1592 nomen
1178 1519 1255 1610 ejus
1277 1528 1312 1589 et
1334 1517 1379 1590 de
1399 1537 1470 1611 quo
1494 1517 1570 1588 loco
1594 1517 1695 1589 tuerit

280 1639 400 1728 nobis,
417 1647 451 1712 et
475 1650 558 1713 tunc
580 1640 728 1734 quidde
750 1663 792 1716 ee
812 1641 913 1716 nobis
935 1641 1101 1739 placuerit
1123 1641 1372 1730 rescribemus,
1392 1649 1428 1712 et
1448 1639 1494 1712 de
1512 1649 1625 1712 celem
1645 1641 1696 1713 sic

279 1763 496 1856 negligenter
514 1764 550 1836 in
571 1764 699 1838 talibus
720 1786 789 1838 non
809 1763 996 1861 procedas,
1018 1774 1052 1837 et
1069 1785 1150 1837 occe
1165 1763 1262 1858 quod
1281 1763 1435 1858 predicto
1452 1763 1551 1836 Petro
1572 1763 1696 1857 quide

280 1886 476 1960 medendo
491 1898 646 1960 nostrum
664 1899 824 1986 expectat
839 1887 1062 1982 mandatum,
1082 1889 1216 1963 listerus
1236 1889 1409 1961 mictimus
1426 1887 1522 1982 quod
1540 1886 1692 1960 recedat.

328 2017 455 2088 Datum
473 2013 526 2114 [ut
541 2014 674 2116 repro}

350 2137 358 2234 Ι
378 2140 465 2210 Item
481 2141 639 2233 scripsit:
1723 2158 1810 2204 ΡΜ
1821 2163 1888 2205 mro.

328 2262 550 2354 hadericus,
568 2271 652 2355 etc,
672 2263 771 2337 Petro
787 2264 1035 2360 archiepiscopi
1055 2263 1304 2350 liussanensis,
1327 2273 1393 2336 etc.
1415 2262 1696 2356 significantibus

281 2384 382 2458 uobis
395 2387 436 2458 B.
455 2385 598 2460 Pissono
612 2387 799 2480 justitiario
822 2387 958 2484 Aprutii
981 2397 1016 2460 et
1034 2386 1190 2460 Iohanne
1208 2385 1253 2458 de
1270 2388 1402 2482 Raymo
1418 2386 1463 2459 de
1484 2387 1599 2482 Capua
1617 2407 1695 2481 pro·

281 2509 396 2582 visure
413 2519 603 2596 castrorum
619 2519 813 2583 nostrorum
828 2511 865 2582 in
878 2511 1038 2608 partibus
1049 2509 1241 2605 Aprutinis,
1259 2509 1419 2583 fidelibus
1430 2512 1568 2600 nostris,
1581 2521 1697 2584 nostra

281 2632 451 2706 serenitas
473 2633 644 2706 intellexit
669 2633 766 2728 quod
791 2655 870 2706 cum
895 2643 932 2706 tu
955 2631 1108 2728 quadam
1131 2633 1228 2728 gravi
1253 2643 1288 2704 et
1310 2634 1472 2706 contiuua
1500 2633 1698 2708 infirmitate

283 2755 435 2844 labores,
460 2765 723 2852 propterquam
749 2757 795 2830 ad
814 2757 1007 2832 custodium
1025 2757 1252 2830 nostrinostri
1271 2755 1385 2828 Casuli
1403 2779 1507 2852 qoam
1526 2759 1588 2830 tibi
1604 2780 1696 2832 oom-

282 2879 442 2952 misimus
459 2901 528 2952 non
547 2889 645 2976 potes
664 2879 862 2971 intendere,
880 2882 988 2954 alium
1006 2882 1043 2954 in
1064 2891 1175 2954 castro
1191 2881 1266 2976 ipso
1282 2881 1504 2954 castellanum
1523 2881 1697 2955 duxerunt

281 3023 344 3096 pro
362 3017 461 3099 purte
477 3013 591 3076 nostre
608 3005 705 3078 curie
721 3003 966 3092 statuendum
985 3015 1022 3078 tu
1047 3014 1163 3078 lumen
1187 3003 1269 3077 inde
1292 3004 1453 3079 recedere
1472 3005 1597 3078 metuis
1620 3007 1696 3079 sine

283 3135 403 3199 nostro
417 3126 559 3220 speciali
577 3125 753 3202 mandato.
767 3129 897 3202 Verum
916 3150 995 3200 cum
1006 3137 1043 3201 ct
1057 3149 1121 3201 nos
1138 3128 1397 3201 necessitatibus
1413 3127 1566 3202 fidelium
1579 3129 1696 3223 provi-

283 3246 368 3321 dere
382 3247 551 3340 delectet,
574 3247 731 3324 lidelilati
752 3261 812 3324 tue
834 3251 1041 3326 mundamus
1060 3260 1231 3346 quatenus
1246 3273 1293 3324 ex
1309 3273 1380 3346 quo
1396 3251 1594 3325 infirmitate
1617 3277 1697 3348 gra·

283 3379 389 3442 rante
405 3370 442 3440 in
464 3371 621 3465 predicto
641 3382 759 3448 nostro
778 3375 919 3448 servitio
936 3375 1059 3450 morari
1078 3396 1148 3448 uon
1170 3385 1267 3470 potes
1282 3385 1321 3446 ut
1338 3375 1462 3470 debes,
1488 3377 1533 3450 ad
1558 3379 1697 3474 propria

282 3494 482 3566 revertaris.

332 3617 460 3688 onum
477 3611 527 3714 [n
542 3615 674 3716 optat

341 4243 503 4327 litterae
520 4257 690 4354 putentes
712 4266 751 4334 et
768 4251 922 4337 clausae
948 4281 1018 4364 pro
1035 4256 1194 4340 diversis
1217 4263 1491 4346 mercatoribus
1517 4264 1699 4352 Romanis
1761 4289 1871 4342 vunnu,

288 4373 337 4456 de
353 4377 514 4484 pecunia
535 4405 654 4487 quem
670 4381 857 4492 imperiali
877 4411 1050 4472 camerae
1076 4399 1370 4504 mutuaverunt,
1391 4397 1441 4477 ud
1465 4408 1587 4482 certos
1615 4411 1699 4486 ter-
1754 4345 1780 4388 ¹⁸
1795 4344 1878 4388 w

289 4505 413 4590 minos
429 4509 571 4593 ibidem
594 4539 792 4624 expressos
810 4519 1040 4627 quietandis

367 4707 496 4878 (vlleqm.
511 4711 614 4793 impu.
627 4713 746 4777 Fredm
763 4715 802 4790 11,
817 4717 869 4780 tol.
886 4727 924 4780 85
939 4737 1039 4796 verso,
1054 4725 1085 4782 ln
1100 4723 1172 4785 edit.
1188 4723 1325 4802 Curcum,
1339 4745 1371 4808 p.
1387 4738 1444 4792 atr
1458 4739 1488 4794 et
1502 4735 1584 4814 att.)

394 4856 405 4877 .
426 4831 514 4878 rma
1485 4848 1540 4900 tot
