4384 6004
565 683 642 746 1130
1030 723 1033 730 ι
1061 685 1278 750 rutosutct
1305 687 1482 750 succum
1789 687 1872 766 [An.
1891 687 1975 750 1241.

561 819 667 915 wirst,
682 817 779 892 Cuno
791 816 836 891 de
851 817 1024 914 Stophete,
1042 821 1193 895 Wiricns
1208 821 1254 896 de
1270 824 1371 897 Dnno
1384 822 1449 920 (t),
1465 819 1652 896 Gohiridus
1668 820 1714 896 de
1725 819 1976 910 Fteckenstein,

561 943 675 1016 Helias
694 941 739 1016 de
751 941 935 1040 Bopardia,
956 945 1124 1018 Hernicus
1134 944 1180 1019 de
1194 945 1341 1040 Grewit,
1357 946 1538 1020 Heinricns
1552 945 1598 1020 de
1615 943 1886 1041 Scarpienbnrc,
1904 945 1980 1018 Otto

563 1066 608 1141 de
622 1067 861 1158 Sconenbnrc,
879 1068 1029 1142 loannes
1044 1069 1090 1144 de
1104 1070 1374 1164 Wachenshein,
1389 1070 1494 1144 etalii
1510 1069 1747 1165 quamplures.

611 1191 735 1264 Actum
753 1191 930 1282 Faventia,
948 1215 1056 1285 anno,
1076 1217 1197 1270 mense
1215 1207 1250 1268 et
1266 1193 1456 1270 indictione
1473 1192 1683 1290 prescriptis.

769 1479 910 1493 m
916 1483 1246 1492 -m-ff--o--u
1252 1477 1780 1492 ‚ma—nm.

618 1739 853 1848 Fridericus,
890 1739 1150 1824 Romanorum
1188 1742 1415 1852 imperator,
1446 1739 1613 1852 capitulo
1649 1739 1829 1824 eeclesiae
1860 1741 1982 1824 Pata-

565 1873 704 1958 viensis
726 1874 885 1956 mandat
902 1883 947 1956 ut
965 1873 1164 1956 Albertum
1188 1873 1400 1958 Bohemum
1423 1899 1557 1958 eorum
1576 1871 1826 1982 confratrem,
1847 1901 1919 1984 pro
1937 1901 1984 1958 eo

565 2005 670 2114 quod
687 2005 727 2086 in
746 2005 941 2114 episcopos
959 2004 1142 2089 Bavariae
1159 2006 1420 2112 insurrexerit,
1440 2005 1659 2090 excludant.

647 2220 741 2297 (Edit.
756 2237 795 2282 ex
806 2219 944 2282 licentio.
959 2226 1086 2300 excerpt.
1098 2226 1189 2282 actor.
1200 2217 1269 2282 Att.
1283 2217 1411 2294 Boiorut',
1424 2237 1474 2297 ep.
1485 2219 1614 2298 OEma,
1625 2219 1784 2300 scriptor,
1794 2226 1818 2282 t.
1830 2219 1858 2294 1,
1867 2237 1900 2298 p.
1911 2225 1985 2296 795,
2052 2263 2056 2270 .

684 2333 715 2386 et
727 2343 778 2404 ap.
794 2326 927 2406 Horren,
940 2329 972 2387 tn
986 2323 1064 2388 utut.
1079 2324 1128 2388 der
1141 2325 1220 2390 liter.
1235 2343 1361 2388 carmon
1373 2329 1534 2408 Stuttport,
1548 2333 1572 2388 t.
1589 2326 1673 2406 xvl,
1689 2343 1718 2406 p.
1734 2323 1796 2405 to.)

614 2511 660 2584 IX
677 2511 841 2586 kalendas
858 2513 998 2607 augusti
1015 2513 1063 2584 Μ.
1083 2511 1147 2585 CC.
1169 2513 1256 2585 XLI.
1271 2511 1476 2586 Pataviense
1500 2511 1691 2608 capitutum
1710 2510 1844 2585 decano
1859 2509 1912 2606 (a)
1923 2513 1984 2584 W.

566 2633 611 2708 de
626 2637 845 2730 Stennangen
857 2635 1016 2731 spiritum
1030 2635 1164 2708 consilii
1182 2635 1342 2708 sanioris.
1357 2635 1496 2708 Mittunt
1508 2635 1637 2708 litteras
1653 2635 1881 2730 imperatoris.

614 2759 820 2851 Fridericns,
838 2761 899 2833 Dei
916 2761 1023 2854 gratia
1036 2761 1270 2834 Romanomm
1285 2760 1468 2855 imperator
1485 2781 1622 2855 semper
1639 2769 1826 2854 augustus,
1845 2759 1989 2832 Jerusa-

566 2885 631 2958 lem
649 2896 684 2957 et
702 2885 817 2958 Sicilie
833 2905 915 2975 rex,
934 2884 1123 2980 preposito,
1146 2883 1295 2971 decano,
1312 2883 1463 2978 capitulo
1479 2883 1690 2958 Patariensi.
1705 2882 1763 2956 Ait
1784 2903 1823 2956 sa
1841 2882 1987 2956 audisse

566 3008 743 3082 Atbertum
761 3011 938 3101 B0j0mum
953 3009 1130 3104 quondam
1151 3008 1357 3081 confratrem
1375 3017 1410 3081 et
1426 3007 1698 3082 concanonicum
1713 3027 1855 3097 eorum,
1873 3009 1909 3078 in
1923 3029 1988 3079 ar-

566 3131 821 3230 chiepiscopum
833 3133 1132 3226 salzburgensem,
1145 3132 1398 3224 pataviensem,
1412 3131 1665 3232 Frisingensem
1677 3131 1860 3228 episcopos
1873 3131 1988 3204 insur-

567 3258 711 3330 rexisse.
733 3257 875 3331 Mandat
892 3257 1094 3331 excludant.

616 3381 732 3476 lpsnm
759 3381 865 3476 igitur
891 3379 1102 3472 excludunt3
1136 3389 1279 3454 monent
1302 3395 1337 3454 et
1362 3390 1481 3476 rogant
1507 3401 1553 3456 ne
1572 3380 1632 3454 ille
1654 3387 1820 3473 sequutum
1841 3397 1926 3450 eum
1952 3388 1987 3450 et

567 3503 720 3599 recipiat.

1419 3731 1456 3740 -ιι
1461 3728 1765 3738 ——a—--u—--w-—o

402 4075 414 4106 ,
473 4020 503 4107 0,
621 4001 852 4106 Fridericus,
878 3999 1137 4083 Romanorum
1160 3999 1382 4108 imperator,
1401 3996 1504 4082 clero
1527 4007 1565 4080 et
1582 3997 1728 4082 civibus
1749 3997 1989 4082 Wormntiac

567 4135 725 4218 mandat
761 4143 964 4216 utcontra
995 4131 1203 4240 quemdam
1240 4129 1553 4216 archidiaconum
1580 4130 1814 4240 proditorem
1846 4157 1987 4242 suum,

567 4265 819 4354 uerisimiliter
847 4263 1048 4348 Albertum
1074 4263 1305 4374 Bohemum,
1326 4263 1503 4374 quintam
1527 4273 1676 4373 partem
1702 4263 1989 4350 ecclesiastico-

567 4427 656 4486 rum
673 4407 927 4512 proventuum
947 4406 1172 4508 extorquere
1189 4396 1395 4506 nitentem,
1416 4395 1575 4482 viriliter
1592 4397 1808 4508 insurgant.

608 4587 651 4670 (a)
673 4589 709 4650 ln
722 4588 872 4666 impressis
886 4582 1024 4657 mour,
1038 4583 1126 4646 male.

566 4739 647 4750 n—-o

602 4829 638 4902 (tt
657 4825 765 4886 scilicet
775 4823 808 4883 dr
822 4825 912 4884 ocur.
925 4823 986 4883 vid.
1002 4822 1086 4881 iactis
1100 4823 1206 4895 beck„
1219 4821 1256 4881 ad
1269 4821 1347 4882 verb.
