4564 6038
302 757 402 816 lucrm.
420 751 482 830 la]
751 741 947 803 HISTORIA
972 744 1270 808 birbomerrcu.
1637 742 1715 804 1199

305 889 514 964 decisionem
546 879 665 954 venire
690 886 920 972 presumeret,
948 877 1013 951 hec
1043 881 1141 954 alteri
1165 901 1267 978 passe
1292 879 1454 972 injuriam
1476 878 1513 950 in
1541 877 1715 972 quinqua·

305 1013 401 1106 ginta
414 1009 459 1082 lll
477 1014 512 1079 et
528 1001 641 1078 cidem
657 999 821 1096 pincerne
834 1000 863 1070 si
879 1001 1120 1096 superviveret
1136 1006 1195 1079 vel
1216 1003 1345 1078 tenenti
1360 1001 1510 1093 insignia
1526 1001 1718 1096 imperialia

305 1143 384 1232 post
396 1133 472 1224 ejus
487 1128 619 1201 obitum
635 1125 672 1194 in
690 1123 813 1194 marcis
831 1125 963 1215 argenti
991 1125 1134 1199 totidem
1149 1147 1212 1222 pro
1228 1125 1497 1221 transgressione
1517 1124 1720 1216 hujusmodi

308 1265 496 1342 teneretur,
517 1249 574 1321 vel
591 1267 652 1342 per
670 1245 890 1318 amissionem
904 1245 1103 1339 prediorum
1126 1270 1268 1321 suorum
1287 1249 1323 1320 iu
1340 1248 1522 1320 Miilbuscn
1545 1257 1606 1320 aut
1619 1247 1718 1322 Sibo-

309 1376 412 1452 naicb
437 1374 613 1470 puniatur.
641 1367 867 1442 Attendentes
892 1369 1008 1463 itaque
1029 1371 1247 1468 devotionem
1265 1371 1348 1444 dicti
1368 1372 1546 1466 pincerne,
1572 1372 1721 1466 qualiter

312 1501 357 1576 ad
371 1501 537 1571 honorem
554 1495 614 1566 Dei
632 1501 668 1564 et
684 1511 747 1586 pro
764 1493 958 1566 reverentia
980 1493 1115 1590 imperii
1137 1496 1353 1568 laboraverat
1369 1493 1405 1564 in
1421 1495 1486 1566 boc
1504 1493 1607 1584 fecto,
1626 1497 1724 1588 ejde-

313 1645 383 1719 que
398 1616 707 1716 supplicationibus
720 1614 906 1708 benignius
925 1617 1091 1711 inclinati,
1110 1619 1319 1692 decisionem
1332 1619 1533 1715 premissam
1548 1628 1650 1712 prout
1661 1620 1726 1691 rite

315 1748 403 1819 iacta
424 1753 477 1816 est
491 1764 552 1837 per
569 1742 702 1836 ipsum,
723 1741 926 1812 auctoritate
945 1741 1076 1813 domini
1096 1752 1130 1814 et
1148 1745 1254 1838 petris
1267 1743 1373 1815 nostri
1394 1752 1429 1814 ct
1448 1751 1563 1814 nostra
1583 1740 1727 1815 ratifica-

316 1891 394 1942 mus
408 1876 442 1940 ct
461 1864 629 1962 presentis
644 1863 762 1956 scripti
780 1863 969 1935 munimine
983 1863 1238 1938 confirmamus.
1260 1866 1352 1936 Nulli
1370 1887 1453 1959 ergo
1466 1865 1607 1938 omnino
1620 1865 1728 1938 bomi-

317 2013 402 2064 num
422 1989 524 2061 liceat
541 1987 632 2058 bunc
647 1984 831 2056 decisionis
854 1985 1085 2058 ratificationis
1108 1997 1222 2062 nostro
1243 1988 1404 2082 peginam
1420 1989 1607 2082 infringere
1622 1988 1679 2060 vel
1697 1989 1729 2061 ei

318 2136 407 2189 ausu
426 2109 608 2186 temerario
622 2107 805 2180 contraire.
823 2108 926 2192 Quod
946 2110 1007 2202 qui
1023 2112 1273 2206 presumpserit
1287 2112 1558 2202 indignationem
1576 2113 1733 2207 omnipo·

320 2237 423 2310 tentis
439 2234 521 2324 Dei,
539 2231 674 2327 imperii
693 2239 727 2303 et
743 2239 892 2302 nostram
909 2253 947 2303 se
967 2235 1104 2306 noverit
1120 2234 1315 2306 incurrisse.

369 2361 487 2432 Testes
504 2357 609 2448 bujus
622 2355 672 2426 rei
684 2363 765 2425 sunt
778 2353 961 2427 Cunradus
972 2355 1017 2429 de
1034 2358 1266 2450 Metuenziess,
1282 2357 1507 2430 Volcbmarus
1522 2357 1568 2430 de
1585 2357 1737 2431 Cbome-

322 2493 392 2570 ten,
411 2481 593 2554 Heinricus
606 2476 925 2570 dictusliiedarius,
942 2479 1124 2554 Cunradus
1139 2481 1253 2554 dictus
1265 2480 1416 2573 Thriich,
1432 2482 1648 2556 Hermannus
1661 2505 1738 2578 pre·

325 2606 457 2704 positus
476 2604 522 2677 de
538 2605 754 2696 Scbongow,
776 2601 957 2674 Cnuradus
979 2604 1226 2696 Frisingcnsis,
1246 2605 1307 2698 qui
1327 2625 1405 2676 cum
1430 2605 1550 2678 codem
1578 2607 1741 2701 pincerna

327 2751 433 2825 super
451 2727 627 2800 decisione
643 2725 842 2818 hujusmodi
858 2728 1084 2820 juraverunt3
1104 2729 1239 2801 Ulricus
1257 2729 1450 2824 prepositus
1469 2737 1587 2802 sancte
1604 2731 1738 2826 Crucis,

327 2855 462 2928 Ulricus
482 2851 652 2946 plebanus
672 2850 810 2941 meJ'oris
828 2851 989 2941 ecclesie,
1014 2852 1212 2925 Waltberus
1232 2853 1420 2926 canonicus
1437 2851 1684 2946 Augustensis,
1707 2865 1743 2929 et

330 2979 389 3051 alii
404 2977 640 3071 quamplures.

378 3101 434 3172 Ad
449 3099 661 3172 evidentiam
677 3119 819 3191 quoque
830 3099 960 3190 negotii
972 3099 1129 3193 prelibati
1143 3097 1235 3170 banc
1248 3098 1409 3194 pagiuam
1423 3099 1536 3191 sigillo
1549 3109 1664 3173 nostre
1679 3103 1744 3174 cel·

332 3223 492 3296 situdinis
509 3222 654 3294 lecimus
671 3220 841 3292 roborari.

382 3347 465 3419 Acta
480 3355 562 3418 sunt
584 3345 648 3416 hec
672 3365 764 3416 anuo
781 3343 917 3416 Domini
935 3345 979 3416 M.
995 3343 1057 3416 CC.
1071 3346 1146 3437 XL,
1168 3367 1286 3420 mense
1298 3347 1395 3439 julii,
1415 3347 1514 3419 tertia
1532 3347 1667 3421 decimu
1684 3351 1746 3422 iu-

334 3471 497 3545 dictione.

383 3595 509 3665 Datum
538 3590 634 3686 apud
656 3589 904 3684 Memmingen,
933 3612 1045 3676 anno,
1070 3613 1206 3684 meuse,
1238 3592 1427 3666 indictione
1453 3593 1664 3690 prescriptis,
1691 3619 1750 3670 re-

338 3725 465 3810 gnante
480 3715 622 3787 domino
646 3722 681 3786 et
700 3714 852 3807 genitore
874 3723 991 3787 nostro
1014 3715 1248 3789 Romanorum
1272 3715 1478 3812 imperatore
1500 3717 1672 3792 Friderico
1694 3741 1750 3792 se-

339 3839 473 3930 cundo,
494 3838 650 3910 feliciter.
666 3836 789 3910 Amen.

401 4417 619 4522 Ccuredus,
643 4417 684 4511 in
708 4415 971 4500 Romanorum
999 4443 1128 4528 regem
1155 4419 1316 4525 electuS,
1345 4419 1601 4502 vetustissimo
1625 4419 1756 4530 diplo-

347 4559 449 4632 mate
475 4549 600 4659 regie,
620 4551 726 4658 quod
743 4548 892 4657 vulgari
914 4549 1048 4660 lingue
1070 4562 1266 4634 exaratum
1284 4551 1438 4662 legitur,
1458 4553 1665 4665 quemdem
1691 4579 1760 4635 er·
1782 4528 1789 4545 ’
1825 4509 1926 4566 ffl'

348 4679 452 4762 bitrii
478 4681 637 4763 modum
661 4681 881 4790 promulget
905 4689 943 4763 et
965 4681 1183 4792 confirmat,
1203 4709 1282 4794 quo
1305 4683 1527 4768 Folcmerus
1546 4685 1595 4768 de
1621 4685 1762 4769 Keme-

350 4813 512 4915 nethen,
542 4812 664 4896 fidelis
692 4839 810 4922 suus,
839 4822 876 4896 ct
904 4814 1035 4899 civitas
1062 4817 1206 4900 suade
1234 4815 1476 4901 lleufbcuren
1507 4828 1764 4903 convenerunt
