4468 6010
542 715 602 778 'idi
1040 723 1256 785 calculator
1279 723 1453 785 secutor
1765 723 1845 808 [dau.
1864 727 1948 787 1240.

540 849 630 924 drali
655 850 798 925 ecclesia
818 853 966 929 civitatis
987 857 1150 952 Fuligne‚
1167 860 1270 951 jussit
1286 869 1322 933 et
1341 859 1493 955 precepit
1519 879 1565 932 ax
1589 869 1686 955 parte
1710 857 1794 931 dicti
1820 859 1949 933 domini

539 973 755 1068 imperatoris
778 972 911 1048 firmam
930 986 964 1050 et
987 999 1105 1051 veram
1123 1002 1244 1074 pacem
1267 981 1356 1055 inter
1378 1003 1498 1055 omnes
1518 978 1637 1054 fideles
1660 981 1950 1077 imparilitatem

538 1096 635 1194 apud
650 1097 795 1190 Fuligne
815 1100 852 1170 in
870 1098 962 1173 dicta
985 1104 1147 1195 ecclesia,
1165 1105 1382 1200 presentibus
1406 1104 1547 1178 dominc
1572 1104 1697 1178 Eurioo
1714 1127 1798 1199 rege
1827 1161 1836 1178 .
1855 1159 1864 1176 .
1883 1159 1892 1176 .
1918 1119 1951 1177 ct

538 1223 643 1296 totius
661 1222 756 1296 italie
770 1224 899 1317 legato,
920 1221 1018 1324 [etc]

758 1515 1083 1534 mano-
1090 1525 1134 1534 ιιι-ιε
1142 1525 1731 1536 -ιοο-οο-ι-ιο-ο-οο-...ι-ιι--ι-ι-ι

588 1764 767 1850 Mandata
788 1767 959 1850 venado
980 1767 1174 1878 capiendis
1192 1767 1299 1878 gruis
1317 1767 1412 1852 vivis
1434 1767 1537 1851 etde
1559 1765 1737 1848 domibus
1756 1763 1949 1848 Cisternas

535 1899 772 2008 reparandis.

616 2097 744 2182 (Rapere.
757 2099 861 2180 imper.
875 2096 993 2161 F'rcder.
1008 2099 1050 2178 11,
1065 2099 1117 2162 lul.
1135 2109 1172 2162 to
1189 2107 1286 2176 recto;
1301 2103 1333 2163 ln
1346 2101 1417 2164 edlt.
1433 2101 1569 2174 Curcum,
1584 2117 1614 2178 p.
1633 2099 1715 2178 tat.)

582 2275 629 2344 De
649 2275 805 2346 mundato
829 2274 998 2369 imperiali
1017 2277 1106 2368 [octo
1127 2298 1190 2370 per
1208 2275 1404 2368 cruciatuum
1423 2277 1465 2347 lt.
1486 2275 1526 2346 de
1545 2251 1803 2346 Petrostomnilc
1818 2275 1947 2368 scripsit

531 2399 668 2472 lacobus
686 2397 726 2469 de
743 2401 895 2470 Bactra:

580 2521 796 2612 Fredericus,
815 2533 898 2609 etc,
920 2521 962 2593 R.
983 2520 1029 2595 de
1044 2521 1261 2614 lllontenigm
1272 2520 1460 2613 justitiario
1475 2521 1578 2592 Terre
1596 2519 1753 2608 laboris,
1773 2529 1840 2593 etc.
1859 2519 1944 2591 Cum

531 2667 593 2742 pro
625 2643 822 2719 afleitandie
850 2645 1045 2718 laloonibus
1072 2645 1196 2718 nostris
1222 2645 1371 2718 velimus
1400 2641 1499 2738 quod
1521 2663 1610 2735 grue
1639 2642 1722 2716 vive
1749 2644 1942 2738 capiantur,

530 2769 686 2844 fidelitati
705 2779 764 2842 tue
780 2767 1002 2865 precipiendo
1021 2768 1228 2841 mandamus
1246 2777 1417 2862 quatenus
1433 2788 1495 2863 per
1509 2775 1619 2840 terras
1634 2767 1876 2860 justitiariatus
1894 2768 1943 2840 tui

531 2916 637 2990 grnas
656 2893 757 2965 vivas
774 2893 999 2990 quamplures
1018 2901 1179 2988 poterunt
1201 2892 1278 2988 capi
1297 2892 1423 2984 facias,
1450 2899 1486 2965 et
1507 2891 1600 2988 ipsas
1623 2891 1664 2963 ll.
1686 2890 1732 2964 de
1750 2891 1945 2964 Moutalas-

528 3021 609 3094 culo
631 3018 817 3111 justitiario
843 3017 1034 3112 Capitinate
1059 3015 1303 3090 custodiendas
1330 3017 1437 3089 iacias
1466 3014 1636 3110 assignari
1661 3025 1700 3086 ut
1722 3013 1943 3087 devotionern

528 3151 641 3231 tuam,
662 3153 729 3215 etc.

577 3265 702 3336 Datum
721 3263 909 3338 Cocceione
926 3263 992 3360 (l),
1014 3263 1062 3336 lx
1080 3263 1259 3356 februarii,
1279 3264 1356 3336 Xlll
1374 3262 1587 3336 indictionis.

577 3388 713 3460 Similes
731 3389 867 3482 scripsit
884 3386 976 3460 idem
994 3389 1035 3460 L.
1051 3387 1097 3460 de
1111 3388 1241 3460 Franco
1256 3387 1441 3480 justitiario
1458 3397 1547 3459 terra
1561 3385 1652 3458 Bari.

577 3511 713 3584 Similes
736 3511 871 3607 scripsit
891 3509 984 3584 idem
1004 3512 1046 3583 ll.
1067 3511 1112 3584 de
1132 3511 1381 3585 Montelusculo
1394 3511 1580 3603 justitiario
1594 3509 1802 3604 Capitinate,
1820 3517 1855 3580 et
1872 3507 1942 3580 ad-

528 3633 640 3709 ditum
657 3644 711 3707 est
726 3631 822 3728 quod
841 3642 911 3706 tam
929 3634 1006 3706 illas
1022 3656 1111 3729 quas
1127 3635 1203 3730 ipse
1218 3636 1295 3732 capi
1321 3636 1422 3707 saciet
1442 3657 1548 3730 quam
1575 3635 1661 3706 alias
1682 3655 1771 3728 quas
1797 3631 1940 3728 predicti

524 3757 700 3854 justitiarii
723 3757 790 3830 sihi
815 3757 976 3850 mictent,
998 3779 1061 3855 per
1085 3759 1208 3834 domos
1233 3759 1426 3855 imperiales
1451 3757 1694 3850 justitiariatus
1719 3757 1774 3830 sui
1800 3755 1941 3850 recipiat

527 3890 563 3955 ct
579 3891 708 3954 statuat
721 3879 897 3954 custodiri.

576 4005 662 4078 ltem
677 4004 815 4100 scripsit
827 4003 1027 4077 Alexandm
1045 4003 1115 4078 filio
1137 4005 1294 4096 Raurici,
1312 4016 1352 4080 nt
1372 4003 1467 4078 omni
1489 4027 1585 4079 mora
1605 4003 1793 4100 postposita
1817 4000 1940 4074 domos

527 4127 681 4201 Cisteme
696 4127 889 4222 cohoperiri
906 4127 1009 4200 faciat
1021 4137 1056 4200 et
1071 4148 1223 4222 congrue
1240 4129 1329 4202 sicut
1347 4127 1490 4224 expedit
1502 4129 1668 4225 reparari.

1880 4283 1935 4290 ——--

560 4351 596 4422 (t)
615 4349 686 4407 lutra
698 4353 791 4408 tamen
804 4349 969 4417 Gcoecr'ooe,
985 4349 1170 4422 comestore,
1186 4349 1347 4421 Cossorum,
1372 4351 1400 4408 in
1420 4351 1538 4432 quodam
1553 4349 1680 4408 Friden'ci
1699 4348 1780 4424 primi
1794 4346 1939 4422 diplommc

526 4446 679 4518 Caeterum,
697 4461 742 4520 ap.
762 4447 834 4504 llice.
851 4447 885 4504 dc
902 4447 931 4504 S.
945 4446 1081 4504 Germano
1100 4446 1289 4506 Cocceianum.
1306 4447 1376 4516 Quid
1392 4447 1425 4505 sit
1439 4447 1598 4506 hodiernum
1616 4445 1697 4518 lmjus
1710 4443 1761 4500 luci
1773 4457 1871 4501 nornen
1884 4455 1937 4498 uun

523 4545 691 4612 compartum
704 4538 875 4610 haberemus,
890 4539 954 4596 dum
966 4539 993 4594 iu
1007 4539 1191 4614 geographicis
1201 4539 1298 4598 ubulis
1308 4541 1383 4614 juxta
1397 4539 1538 4614 Fulignum
1551 4539 1653 4596 nullum
1667 4537 1753 4595 simile
1766 4549 1839 4593 nunc
1851 4549 1938 4607 appa-

523 4639 594 4706 reat,
614 4634 666 4691 uial
681 4649 730 4692 nos
743 4633 803 4706 ipse
814 4634 914 4691 zanetti
929 4641 1059 4706 moneret,
1073 4635 1130 4692 lcoo
1141 4651 1225 4709 supra
1238 4637 1338 4694 citato:
1353 4657 1366 4690 r
1384 4637 1457 4694 ltalle
1470 4636 1547 4694 ruine
1562 4635 1605 4693 del
1621 4633 1738 4692 secundo
1751 4631 1830 4704 luogo
1843 4629 1936 4702 (Coco-

521 4731 600 4802 roue)
617 4729 743 4788 distrutto
760 4727 850 4788 l'auno
871 4733 956 4802 rate,
977 4731 1031 4788 idi
1047 4731 1091 4788 cai
1111 4731 1232 4789 abitatori
1247 4733 1342 4790 lurono
1361 4733 1407 4790 dal
1425 4731 1543 4805 bioprulo
1559 4731 1587 4788 di
1605 4729 1735 4802 Gregorio
1753 4727 1793 4784 [x
1810 4723 1937 4784 minuati

524 4829 715 4899 Ooecrouutet,
731 4841 834 4900 uaeque
844 4827 974 4885 l'odiema
985 4827 1089 4887 illustra
1101 4835 1174 4886 terra
1184 4829 1212 4886 di
1226 4829 1419 4903 Moutalaske.»
1432 4831 1463 4886 P.
1477 4833 1505 4901 t,
1517 4834 1574 4886 uot.
1587 4832 1615 4885 t.
