4468 6010
362 3024 411 3071 1²01.
421 3026 448 3070 et
459 3027 527 3070 roeto.

570 665 633 726 824
1072 665 1285 726 vulnsulcl
1313 665 1483 726 securint
1790 663 1871 742 [Arm
1891 665 1977 728 Μ).

571 818 641 892 que
660 797 750 870 sicut
764 797 926 892 scripsisti
944 796 1058 871 dictus
1075 797 1116 870 li.
1136 797 1181 870 de
1195 797 1356 871 Calvellis
1375 796 1459 870 dicit
1481 795 1670 870 restituisse
1687 796 1837 870 dominis
1858 817 1978 870 eorum

572 930 757 1015 antequam
771 919 966 994 discederet
976 920 1159 1010 deSicilia‚
1170 943 1232 1016 per
1247 931 1279 994 te
1291 921 1474 996 veritatem
1490 920 1616 1014 inquiri
1630 921 1805 1007 volumus,
1818 921 1848 992 si
1857 943 1978 994 verum

572 1043 737 1138 estquod
758 1043 945 1116 restituerit
972 1065 1092 1117 eorum
1110 1044 1278 1134 dominis,
1297 1055 1331 1118 et
1354 1053 1485 1138 quanto
1506 1053 1658 1139 tempore
1680 1045 1802 1117 eadem
1823 1045 1979 1136 jumenta

571 1167 719 1241 detinuit
736 1176 771 1239 et
788 1188 851 1262 pro
870 1188 940 1260 qua
957 1189 1063 1240 causa
1080 1167 1156 1262 ipsa
1171 1168 1322 1262 accepit3
1342 1178 1377 1239 et
1393 1167 1493 1262 quod
1516 1167 1688 1240 inveneris
1703 1168 1771 1239 sub
1788 1167 1900 1260 sigillo
1918 1179 1978 1242 tuo

571 1289 616 1362 ad
640 1291 768 1364 curiam
788 1299 938 1363 nostram
967 1290 1101 1363 mictas.
1126 1291 1177 1363 De
1200 1292 1233 1362 X
1255 1290 1372 1363 bubus
1394 1291 1456 1384 qui
1479 1291 1618 1363 luerunt
1641 1291 1798 1384 ejusdem
1821 1293 1861 1364 lt.
1888 1293 1979 1364 assi-

571 1413 683 1508 gnatis
706 1435 768 1509 per
792 1421 826 1486 te
843 1415 946 1506 juxta
972 1413 1173 1488 mandatum
1201 1424 1354 1486 nostrum
1381 1415 1421 1486 P.
1446 1412 1492 1486 de
1514 1412 1674 1488 Gereatis
1699 1415 1861 1508 magistro
1887 1416 1978 1510 puri·

571 1538 721 1627 olorum,
748 1545 969 1632 acceptamus
990 1537 1088 1631 quod
1111 1538 1236 1611 iecisti.
1254 1539 1304 1611 De
1328 1537 1455 1612 ovibus
1473 1537 1628 1632 ejusdem
1646 1539 1687 1610 li.
1707 1560 1795 1633 ques
1817 1539 1979 1612 invenisti

571 1681 634 1756 per
650 1682 773 1733 manus
790 1661 836 1732 bl.
855 1659 900 1732 de
915 1659 1022 1732 Plutia
1037 1661 1125 1734 inter
1143 1683 1285 1754 magnas
1300 1671 1335 1734 et
1346 1683 1471 1757 parvas
1482 1660 1715 1733 DCCLXXXX
1731 1674 1766 1734 et
1783 1683 1845 1756 per
1857 1683 1980 1735 manus

570 1782 752 1857 Guiulonis
768 1784 946 1856 Samaoeni
960 1783 1048 1856 inter
1066 1806 1210 1878 magnas
1226 1793 1259 1858 et
1275 1805 1400 1880 parvas
1417 1785 1527 1857 DCCV
1544 1786 1634 1858 sicut
1650 1786 1833 1880 scripsisti,
1850 1796 1885 1858 et
1904 1785 1978 1859 dari

572 1907 679 1980 iecisti
699 1929 758 1979 ees
782 1907 828 1980 ad
844 1907 1030 1995 cabellum,
1051 1917 1153 2002 prout
1168 1909 1235 1980 alie
1253 1929 1337 1980 oves
1355 1907 1450 1980 curie
1474 1919 1588 1980 nostre
1611 1907 1685 1982 dari
1702 1919 1974 1999 consueverunt,

571 2040 789 2126 acceptamus
809 2031 905 2125 quod
928 2030 1010 2105 inde
1033 2031 1079 2103 ad
1107 2032 1286 2104 utilitatem
1315 2033 1408 2105 curie
1426 2043 1540 2106 nostre
1564 2033 1688 2124 iecisti,
1715 2043 1750 2104 et
1775 2031 1979 2105 mandamus

571 2155 727 2230 fidelitati
744 2166 803 2228 tue
821 2165 859 2226 nt
873 2177 993 2228 omnes
1011 2157 1203 2251 ipsasovee
1217 2167 1351 2230 secreto
1371 2157 1530 2230 Panormi
1545 2157 1639 2231 fideli
1655 2165 1773 2230 nostro
1791 2157 1896 2230 iacies
1917 2179 1977 2230 as—

570 2279 718 2374 signari,
737 2279 795 2350 cui
813 2278 1019 2352 mandamus
1039 2301 1099 2373 per
1122 2291 1255 2352 nostras
1276 2281 1411 2353 licteras
1429 2290 1467 2352 ut
1484 2280 1616 2374 ipsese
1637 2290 1670 2352 te
1689 2279 1830 2373 recipiat
1846 2289 1882 2352 et
1898 2301 1977 2352 cum

570 2403 747 2496 diligentia
762 2403 879 2475 debita
897 2403 999 2475 faciat
1015 2404 1202 2497 procurari.

617 2527 740 2596 Datum
758 2525 916 2616 viterbii,
936 2527 996 2596 Xll
1015 2527 1144 2617 martii,
1164 2525 1397 2599 tertiedecime
1414 2525 1626 2599 indictionis.

618 2650 703 2721 ltem
725 2649 870 2742 Rogerio
889 2648 934 2720 de
951 2647 1081 2721 Amicis
1100 2649 1283 2741 justitiario
1305 2661 1343 2720 ut
1360 2651 1405 2721 ab
1429 2650 1503 2744 ipso
1525 2650 1690 2722 Severino
1717 2649 1847 2721 dictum
1869 2649 1910 2722 G.
1932 2648 1978 2722 de

569 2771 659 2842 Naro
683 2771 825 2866 recipiat
848 2781 882 2844 et
904 2771 940 2842 in
960 2793 1002 2844 eo
1023 2783 1184 2844 exerceat
1203 2773 1356 2845 officium
1371 2795 1494 2864 suum,
1514 2782 1553 2845 ut
1577 2773 1613 2844 in
1636 2773 1815 2845 tormentis
1838 2780 1977 2846 eruatur

568 2894 695 2966 veritas
713 2916 782 2988 qne
799 2916 861 2989 per
877 2895 986 2989 ipsius
1004 2895 1169 2970 malitiam
1187 2897 1388 2969 occultatur.

638 3021 644 3106 Ι
665 3021 713 3088 Dc
728 3018 839 3090 ecdem
854 3019 1012 3089 mundato
1024 3045 1037 3088 :

617 3141 836 3224 fredericus,
855 3117 938 3228 etc..
958 3141 1107 3214 Obberto
1122 3141 1383 3216 Fellamouacbo
1399 3152 1534 3216 secreto
1552 3142 1729 3229 Panormi,
1751 3151 1817 3213 etc.
1837 3138 1975 3234 Signili·

570 3265 664 3336 cavit
679 3265 882 3336 excellentie
896 3274 1010 3336 nostre
1021 3265 1206 3336 Severinus
1220 3264 1265 3336 de
1283 3265 1520 3362 Calatapbimo
1535 3264 1645 3338 fidelis
1662 3274 1776 3338 noster
1790 3263 1886 3356 quod
1897 3285 1976 3335 cum

569 3387 711 3482 quidam
729 3387 836 3479 bajuli
856 3409 918 3482 pro
941 3388 1081 3462 residuo
1101 3389 1351 3482 bajulationum
1374 3411 1463 3485 quas
1484 3398 1637 3463 emerant
1663 3397 1822 3462 tenentur
1843 3390 1977 3460 solvere

421 3587 427 3594 ,
569 3509 759 3603 quamdam
775 3511 920 3604 pecunie
936 3513 1177 3605 quantitatem,
1193 3512 1362 3606 quasdam
1378 3513 1611 3608 possessiones
1626 3533 1763 3597 eorum,
1784 3509 1906 3584 domos
1921 3509 1976 3580 vi·

571 3633 694 3706 delicet
713 3648 748 3705 et
765 3633 905 3723 vineas,
925 3657 989 3730 pro
1009 3636 1157 3730 pecunie
1174 3635 1249 3730 ipsa
1267 3635 1314 3708 ad
1337 3657 1425 3730 opus
1452 3635 1547 3708 curie
1565 3645 1680 3708 nosue
1703 3624 1834 3728 recepit
1854 3631 1900 3705 ab
1927 3631 1977 3704 eis

571 3757 722 3831 valentes
738 3757 785 3831 ad
803 3757 951 3852 duplum
967 3780 1074 3853 quam
1089 3759 1225 3832 solvere
1241 3771 1450 3832 tenerentur.
1472 3760 1586 3844 Quare
1606 3758 1762 3831 fidelitati
1784 3769 1843 3829 tue
1865 3756 1979 3852 preci-

570 3880 697 3975 piendo
715 3881 921 3954 mandamus
936 3889 1108 3975 quatenus
1122 3881 1245 3955 domos
1261 3893 1296 3954 et
1312 3883 1434 3956 vineas
1454 3883 1545 3976 ipsas
1567 3881 1612 3954 ad
1631 3903 1720 3976 opus
1739 3889 1893 3952 nostrum
1915 3898 1977 3950 ca·

564 4005 646 4102 ¹pias
665 4013 795 4076 etcum
814 4003 992 4096 diligentia
1008 4005 1125 4078 debita
1139 4007 1244 4078 iacies
1258 4007 1445 4099 procurari,
1462 4005 1665 4100 provisurus
1681 4002 1862 4094 diligenter
1883 3999 1913 4071 si
1931 3997 1977 4073 de

572 4127 844 4222 possessionibus
867 4127 951 4220 ipsis
978 4129 1012 4198 in
1040 4129 1229 4222 quantitate
1257 4121 1351 4202 curie
1380 4139 1494 4202 nostre
1515 4127 1632 4200 debita
1657 4125 1797 4198 nonsit
1821 4123 1868 4196 ab
1894 4122 1978 4218 ipsis

570 4249 696 4341 bajulis
709 4249 832 4322 idonee
845 4250 1071 4340 satisfactum,
1089 4251 1194 4324 iacies
1210 4259 1250 4323 ut
1263 4253 1299 4322 in
1317 4253 1367 4325 eis
1380 4261 1496 4324 nostra
1514 4251 1611 4323 curia
1626 4270 1696 4322 nou
1713 4246 1901 4320 fraudetur.
1921 4245 1979 4318 Si·

571 4371 750 4466 gniiicuvit
766 4373 907 4467 insuper
920 4373 1020 4444 nobis
1034 4373 1129 4467 quod
1147 4372 1329 4448 deovibus
1344 4396 1414 4470 que
1429 4375 1566 4447 inerunt
1578 4373 1620 4444 R.
1638 4372 1683 4446 de
1693 4370 1851 4444 Calvellis
1866 4389 1979 4463 quon·

571 4495 652 4569 dam
673 4495 827 4590 magistri
846 4495 1022 4586 justitiarii
1038 4497 1072 4568 in
1092 4497 1226 4587 Sicilia,
1246 4507 1329 4588 etc,
1349 4498 1480 4570 invenit
1502 4517 1563 4590 per
1585 4516 1710 4567 manus
1731 4494 1779 4566 bl.
1801 4492 1846 4566 de
1872 4490 1979 4563 Platia

571 4619 660 4691 inter
680 4639 764 4690 oves
783 4639 927 4713 magnas
948 4629 982 4691 et
1003 4641 1130 4713 parvas
1149 4620 1435 4693 ccccxxxxet
1454 4640 1656 4713 parmenus
1677 4615 1835 4688 Geluloni
1857 4613 1979 4686 Sarra-

571 4743 646 4813 ceni
670 4741 706 4812 in
726 4738 915 4834 Agrigento
935 4743 1023 4814 inter
1047 4765 1190 4837 magnas
1214 4754 1249 4816 et
1273 4765 1399 4839 parvas
1414 4742 1526 4816 DCCV
1549 4763 1637 4834 quas
1655 4739 1734 4812 lecit
1753 4737 1829 4810 dari
1851 4735 1898 4810 ad
1918 4756 1977 4808 ca·
