<?xml version="1.0" encoding="UTF-8"?>
<!DOCTYPE html PUBLIC "-//W3C//DTD XHTML 1.0 Transitional//EN"
    "http://www.w3.org/TR/xhtml1/DTD/xhtml1-transitional.dtd">
<html xmlns="http://www.w3.org/1999/xhtml" xml:lang="en" lang="en">
 <head>
  <title>
</title>
<meta http-equiv="Content-Type" content="text/html;charset=utf-8" />
  <meta name='ocr-system' content='tesseract 3.04.00' />
  <meta name='ocr-capabilities' content='ocr_page ocr_carea ocr_par ocr_line ocrx_word'/>
</head>
<body>
  <div class='ocr_page' id='page_1' title='image "./historiadiploma01fredgoog_0069.png"; bbox 0 0 4524 6012; ppageno 0'>
   <div class='ocr_carea' id='block_1_1' title="bbox 243 671 1694 788">
    <p class='ocr_par' dir='ltr' id='par_1_1' title="bbox 243 671 1694 788">
     <span class='ocr_line' id='line_1_1' title="bbox 243 671 1694 788; baseline 0 -16"><span class='ocrx_word' id='word_1_1' title='bbox 243 717 246 723; x_wconf 93' lang='lat'>·</span> <span class='ocrx_word' id='word_1_2' title='bbox 267 671 379 774; x_wconf 48' lang='lat' dir='ltr'><strong>‘nm</strong></span> <span class='ocrx_word' id='word_1_3' title='bbox 399 711 460 788; x_wconf 83' lang='lat' dir='ltr'><strong>ra]</strong></span> <span class='ocrx_word' id='word_1_4' title='bbox 734 710 927 772; x_wconf 87' lang='lat' dir='ltr'><strong>arsnonrn</strong></span> <span class='ocrx_word' id='word_1_5' title='bbox 955 707 1247 772; x_wconf 78' lang='lat' dir='ltr'><strong>uranouanrcs</strong></span> <span class='ocrx_word' id='word_1_6' title='bbox 1635 693 1694 756; x_wconf 71' lang='lat'><strong>⁷⁰³</strong></span> 
     </span>
    </p>
   </div>
   <div class='ocr_carea' id='block_1_2' title="bbox 290 845 1704 2424">
    <p class='ocr_par' dir='ltr' id='par_1_2' title="bbox 332 845 1117 940">
     <span class='ocr_line' id='line_1_2' title="bbox 332 845 1117 940; baseline -0.006 -19"><span class='ocrx_word' id='word_1_7' title='bbox 332 846 501 921; x_wconf 80' lang='lat' dir='ltr'><strong>landolfo</strong></span> <span class='ocrx_word' id='word_1_8' title='bbox 520 845 565 919; x_wconf 90' lang='lat' dir='ltr'><strong>de</strong></span> <span class='ocrx_word' id='word_1_9' title='bbox 581 847 711 921; x_wconf 85' lang='lat' dir='ltr'><strong>Franco</strong></span> <span class='ocrx_word' id='word_1_10' title='bbox 723 847 909 940; x_wconf 76' lang='lat' dir='ltr'><strong>justitiario</strong></span> <span class='ocrx_word' id='word_1_11' title='bbox 924 855 1011 918; x_wconf 89' lang='lat' dir='ltr'><strong>terre</strong></span> <span class='ocrx_word' id='word_1_12' title='bbox 1027 845 1117 918; x_wconf 91' lang='lat' dir='ltr'><strong>Bari.</strong></span> 
     </span>
    </p>

    <p class='ocr_par' dir='ltr' id='par_1_3' title="bbox 290 953 1696 1190">
     <span class='ocr_line' id='line_1_3' title="bbox 333 953 1696 1062; baseline -0.013 -18"><span class='ocrx_word' id='word_1_13' title='bbox 333 973 416 1044; x_wconf 91' lang='lat' dir='ltr'><strong>ltem</strong></span> <span class='ocrx_word' id='word_1_14' title='bbox 437 969 605 1043; x_wconf 82' lang='lat' dir='ltr'><strong>liiccardo</strong></span> <span class='ocrx_word' id='word_1_15' title='bbox 631 969 677 1044; x_wconf 93' lang='lat' dir='ltr'><strong>de</strong></span> <span class='ocrx_word' id='word_1_16' title='bbox 700 969 954 1044; x_wconf 87' lang='lat' dir='ltr'><strong>lllontaluscnlo</strong></span> <span class='ocrx_word' id='word_1_17' title='bbox 973 968 1158 1062; x_wconf 78' lang='lat' dir='ltr'><strong>justitiario</strong></span> <span class='ocrx_word' id='word_1_18' title='bbox 1182 964 1323 1040; x_wconf 87' lang='lat' dir='ltr'><strong>honoris</strong></span> <span class='ocrx_word' id='word_1_19' title='bbox 1347 960 1473 1036; x_wconf 89' lang='lat' dir='ltr'><strong>montis</strong></span> <span class='ocrx_word' id='word_1_20' title='bbox 1493 955 1607 1030; x_wconf 90' lang='lat' dir='ltr'><strong>Sancti</strong></span> <span class='ocrx_word' id='word_1_21' title='bbox 1624 953 1696 1028; x_wconf 85' lang='lat' dir='ltr'><strong>lin·</strong></span> 
     </span>
     <span class='ocr_line' id='line_1_4' title="bbox 290 1093 620 1190; baseline -0.006 -24"><span class='ocrx_word' id='word_1_22' title='bbox 290 1093 354 1190; x_wconf 79' lang='lat' dir='ltr'><strong>geli</strong></span> <span class='ocrx_word' id='word_1_23' title='bbox 369 1103 404 1166; x_wconf 89' lang='lat' dir='ltr'><strong>et</strong></span> <span class='ocrx_word' id='word_1_24' title='bbox 417 1093 620 1188; x_wconf 82' lang='lat' dir='ltr'><strong>capitinate.</strong></span> 
     </span>
    </p>

    <p class='ocr_par' dir='ltr' id='par_1_4' title="bbox 335 1213 1324 1308">
     <span class='ocr_line' id='line_1_5' title="bbox 335 1213 1324 1308; baseline -0.007 -18"><span class='ocrx_word' id='word_1_25' title='bbox 335 1219 418 1290; x_wconf 88' lang='lat' dir='ltr'><strong>ltem</strong></span> <span class='ocrx_word' id='word_1_26' title='bbox 431 1217 628 1308; x_wconf 85' lang='lat' dir='ltr'><strong>Thomasio,</strong></span> <span class='ocrx_word' id='word_1_27' title='bbox 649 1215 719 1289; x_wconf 91' lang='lat' dir='ltr'><strong>filio</strong></span> <span class='ocrx_word' id='word_1_28' title='bbox 734 1214 916 1308; x_wconf 89' lang='lat' dir='ltr'><strong>0smundi,</strong></span> <span class='ocrx_word' id='word_1_29' title='bbox 933 1214 1118 1308; x_wconf 83' lang='lat' dir='ltr'><strong>justitiario</strong></span> <span class='ocrx_word' id='word_1_30' title='bbox 1133 1213 1324 1286; x_wconf 87' lang='lat' dir='ltr'><strong>Basilicate.</strong></span> 
     </span>
    </p>

    <p class='ocr_par' dir='ltr' id='par_1_5' title="bbox 336 1336 1286 1435">
     <span class='ocr_line' id='line_1_6' title="bbox 336 1336 1286 1435; baseline -0.002 -25"><span class='ocrx_word' id='word_1_31' title='bbox 336 1341 419 1412; x_wconf 91' lang='lat' dir='ltr'><strong>ltem</strong></span> <span class='ocrx_word' id='word_1_32' title='bbox 434 1339 574 1414; x_wconf 81' lang='lat' dir='ltr'><strong>Andrec</strong></span> <span class='ocrx_word' id='word_1_33' title='bbox 589 1339 635 1413; x_wconf 90' lang='lat' dir='ltr'><strong>de</strong></span> <span class='ocrx_word' id='word_1_34' title='bbox 649 1338 831 1435; x_wconf 75' lang='lat' dir='ltr'><strong>Aquaviva</strong></span> <span class='ocrx_word' id='word_1_35' title='bbox 841 1339 1027 1432; x_wconf 80' lang='lat' dir='ltr'><strong>justitiario</strong></span> <span class='ocrx_word' id='word_1_36' title='bbox 1042 1347 1130 1411; x_wconf 85' lang='lat' dir='ltr'><strong>terra</strong></span> <span class='ocrx_word' id='word_1_37' title='bbox 1144 1336 1286 1410; x_wconf 92' lang='lat' dir='ltr'><strong>ldronti.</strong></span> 
     </span>
    </p>

    <p class='ocr_par' dir='ltr' id='par_1_6' title="bbox 294 1454 1700 1660">
     <span class='ocr_line' id='line_1_7' title="bbox 337 1454 1700 1556; baseline -0.007 -22"><span class='ocrx_word' id='word_1_38' title='bbox 337 1465 419 1536; x_wconf 90' lang='lat' dir='ltr'><strong>ltem</strong></span> <span class='ocrx_word' id='word_1_39' title='bbox 445 1463 628 1537; x_wconf 83' lang='lat' dir='ltr'><strong>Thomasio</strong></span> <span class='ocrx_word' id='word_1_40' title='bbox 652 1461 697 1536; x_wconf 90' lang='lat' dir='ltr'><strong>de</strong></span> <span class='ocrx_word' id='word_1_41' title='bbox 723 1463 941 1556; x_wconf 77' lang='lat' dir='ltr'><strong>llantanigro</strong></span> <span class='ocrx_word' id='word_1_42' title='bbox 963 1461 1148 1554; x_wconf 81' lang='lat' dir='ltr'><strong>justitiario</strong></span> <span class='ocrx_word' id='word_1_43' title='bbox 1173 1459 1389 1554; x_wconf 75' lang='lat' dir='ltr'><strong>principatus</strong></span> <span class='ocrx_word' id='word_1_44' title='bbox 1417 1463 1451 1530; x_wconf 93' lang='lat' dir='ltr'><strong>et</strong></span> <span class='ocrx_word' id='word_1_45' title='bbox 1481 1465 1569 1527; x_wconf 84' lang='lat' dir='ltr'><strong>terre</strong></span> <span class='ocrx_word' id='word_1_46' title='bbox 1592 1454 1700 1524; x_wconf 89' lang='lat' dir='ltr'><strong>Bene-</strong></span> 
     </span>
     <span class='ocr_line' id='line_1_8' title="bbox 294 1596 448 1660; baseline -0.006 -2"><span class='ocrx_word' id='word_1_47' title='bbox 294 1596 448 1660; x_wconf 65' lang='lat' dir='ltr'><strong>renunc.</strong></span> 
     </span>
    </p>

    <p class='ocr_par' dir='ltr' id='par_1_7' title="bbox 337 1707 1295 1801">
     <span class='ocr_line' id='line_1_9' title="bbox 337 1707 1295 1801; baseline -0.004 -19"><span class='ocrx_word' id='word_1_48' title='bbox 337 1713 419 1784; x_wconf 87' lang='lat' dir='ltr'><strong>ltem</strong></span> <span class='ocrx_word' id='word_1_49' title='bbox 434 1709 587 1784; x_wconf 85' lang='lat' dir='ltr'><strong>Gofln&#39;do</strong></span> <span class='ocrx_word' id='word_1_50' title='bbox 601 1709 647 1785; x_wconf 88' lang='lat' dir='ltr'><strong>de</strong></span> <span class='ocrx_word' id='word_1_51' title='bbox 662 1711 914 1784; x_wconf 85' lang='lat' dir='ltr'><strong>llontefusculo</strong></span> <span class='ocrx_word' id='word_1_52' title='bbox 927 1709 1111 1801; x_wconf 87' lang='lat' dir='ltr'><strong>justitiario</strong></span> <span class='ocrx_word' id='word_1_53' title='bbox 1129 1707 1295 1781; x_wconf 79' lang='lat' dir='ltr'><strong>Calabris.</strong></span> 
     </span>
    </p>

    <p class='ocr_par' dir='ltr' id='par_1_8' title="bbox 339 1825 1700 1928">
     <span class='ocr_line' id='line_1_10' title="bbox 339 1825 1700 1928; baseline -0.006 -22"><span class='ocrx_word' id='word_1_54' title='bbox 339 1835 420 1906; x_wconf 87' lang='lat' dir='ltr'><strong>ltern</strong></span> <span class='ocrx_word' id='word_1_55' title='bbox 444 1833 630 1906; x_wconf 85' lang='lat' dir='ltr'><strong>Tbolomeo</strong></span> <span class='ocrx_word' id='word_1_56' title='bbox 647 1832 693 1907; x_wconf 92' lang='lat' dir='ltr'><strong>de</strong></span> <span class='ocrx_word' id='word_1_57' title='bbox 711 1834 906 1908; x_wconf 76' lang='lat' dir='ltr'><strong>castillione</strong></span> <span class='ocrx_word' id='word_1_58' title='bbox 922 1831 1106 1928; x_wconf 86' lang='lat' dir='ltr'><strong>justitiario</strong></span> <span class='ocrx_word' id='word_1_59' title='bbox 1128 1831 1229 1903; x_wconf 88' lang='lat' dir='ltr'><strong>vallis</strong></span> <span class='ocrx_word' id='word_1_60' title='bbox 1246 1829 1358 1902; x_wconf 89' lang='lat' dir='ltr'><strong>Gratis</strong></span> <span class='ocrx_word' id='word_1_61' title='bbox 1379 1837 1413 1900; x_wconf 88' lang='lat' dir='ltr'><strong>et</strong></span> <span class='ocrx_word' id='word_1_62' title='bbox 1435 1837 1522 1900; x_wconf 85' lang='lat' dir='ltr'><strong>terre</strong></span> <span class='ocrx_word' id='word_1_63' title='bbox 1539 1825 1700 1898; x_wconf 86' lang='lat' dir='ltr'><strong>iordane.</strong></span> 
     </span>
    </p>

    <p class='ocr_par' dir='ltr' id='par_1_9' title="bbox 297 1951 1704 2154">
     <span class='ocr_line' id='line_1_11' title="bbox 340 1951 1704 2052; baseline -0.004 -24"><span class='ocrx_word' id='word_1_64' title='bbox 340 1959 424 2030; x_wconf 89' lang='lat' dir='ltr'><strong>ltem</strong></span> <span class='ocrx_word' id='word_1_65' title='bbox 453 1957 619 2031; x_wconf 85' lang='lat' dir='ltr'><strong>Ricoardo</strong></span> <span class='ocrx_word' id='word_1_66' title='bbox 647 1957 692 2032; x_wconf 90' lang='lat' dir='ltr'><strong>de</strong></span> <span class='ocrx_word' id='word_1_67' title='bbox 716 1959 934 2052; x_wconf 76' lang='lat' dir='ltr'><strong>Montenigro</strong></span> <span class='ocrx_word' id='word_1_68' title='bbox 957 1954 1142 2052; x_wconf 87' lang='lat' dir='ltr'><strong>justitiario</strong></span> <span class='ocrx_word' id='word_1_69' title='bbox 1170 1956 1274 2028; x_wconf 76' lang='lat' dir='ltr'><strong>&#39;ferre</strong></span> <span class='ocrx_word' id='word_1_70' title='bbox 1298 1953 1438 2026; x_wconf 83' lang='lat' dir='ltr'><strong>Laboris</strong></span> <span class='ocrx_word' id='word_1_71' title='bbox 1463 1960 1498 2024; x_wconf 91' lang='lat' dir='ltr'><strong>et</strong></span> <span class='ocrx_word' id='word_1_72' title='bbox 1522 1951 1704 2023; x_wconf 91' lang='lat' dir='ltr'><strong>comitatus</strong></span> 
     </span>
     <span class='ocr_line' id='line_1_12' title="bbox 297 2081 426 2154; baseline -0.016 0"><span class='ocrx_word' id='word_1_73' title='bbox 297 2081 426 2154; x_wconf 75' lang='lat' dir='ltr'><strong>lfolidi.</strong></span> 
     </span>
    </p>

    <p class='ocr_par' dir='ltr' id='par_1_10' title="bbox 340 2201 1615 2302">
     <span class='ocr_line' id='line_1_13' title="bbox 340 2201 1615 2302; baseline -0.005 -24"><span class='ocrx_word' id='word_1_74' title='bbox 340 2207 422 2278; x_wconf 89' lang='lat' dir='ltr'><strong>ltem</strong></span> <span class='ocrx_word' id='word_1_75' title='bbox 436 2206 609 2302; x_wconf 79' lang='lat' dir='ltr'><strong>lioggerio</strong></span> <span class='ocrx_word' id='word_1_76' title='bbox 622 2205 667 2279; x_wconf 91' lang='lat' dir='ltr'><strong>de</strong></span> <span class='ocrx_word' id='word_1_77' title='bbox 687 2205 817 2278; x_wconf 77' lang='lat' dir='ltr'><strong>Amicis</strong></span> <span class='ocrx_word' id='word_1_78' title='bbox 830 2204 1015 2298; x_wconf 85' lang='lat' dir='ltr'><strong>justitiario</strong></span> <span class='ocrx_word' id='word_1_79' title='bbox 1030 2205 1068 2276; x_wconf 94' lang='lat' dir='ltr'><strong>in</strong></span> <span class='ocrx_word' id='word_1_80' title='bbox 1085 2205 1200 2278; x_wconf 86' lang='lat' dir='ltr'><strong>Sicilia</strong></span> <span class='ocrx_word' id='word_1_81' title='bbox 1218 2203 1308 2276; x_wconf 89' lang='lat' dir='ltr'><strong>ultra</strong></span> <span class='ocrx_word' id='word_1_82' title='bbox 1324 2204 1451 2274; x_wconf 84' lang='lat' dir='ltr'><strong>flumen</strong></span> <span class='ocrx_word' id='word_1_83' title='bbox 1466 2201 1615 2276; x_wconf 87' lang='lat' dir='ltr'><strong>Salsum.</strong></span> 
     </span>
    </p>

    <p class='ocr_par' dir='ltr' id='par_1_11' title="bbox 341 2324 1654 2424">
     <span class='ocr_line' id='line_1_14' title="bbox 341 2324 1654 2424; baseline -0.004 -23"><span class='ocrx_word' id='word_1_84' title='bbox 341 2329 424 2402; x_wconf 92' lang='lat' dir='ltr'><strong>ltem</strong></span> <span class='ocrx_word' id='word_1_85' title='bbox 441 2329 684 2404; x_wconf 87' lang='lat' dir='ltr'><strong>Guilfclmode</strong></span> <span class='ocrx_word' id='word_1_86' title='bbox 699 2329 858 2424; x_wconf 77' lang='lat' dir='ltr'><strong>Anglona</strong></span> <span class='ocrx_word' id='word_1_87' title='bbox 869 2330 1054 2424; x_wconf 89' lang='lat' dir='ltr'><strong>justitiario</strong></span> <span class='ocrx_word' id='word_1_88' title='bbox 1071 2331 1108 2402; x_wconf 93' lang='lat' dir='ltr'><strong>in</strong></span> <span class='ocrx_word' id='word_1_89' title='bbox 1126 2329 1242 2404; x_wconf 82' lang='lat' dir='ltr'><strong>Sicilia</strong></span> <span class='ocrx_word' id='word_1_90' title='bbox 1257 2328 1341 2404; x_wconf 90' lang='lat' dir='ltr'><strong>citra</strong></span> <span class='ocrx_word' id='word_1_91' title='bbox 1357 2327 1485 2400; x_wconf 88' lang='lat' dir='ltr'><strong>flumen</strong></span> <span class='ocrx_word' id='word_1_92' title='bbox 1506 2324 1654 2397; x_wconf 87' lang='lat' dir='ltr'><strong>Salsum.</strong></span> 
     </span>
    </p>
   </div>
   <div class='ocr_carea' id='block_1_3' title="bbox 350 2851 1708 3029">
    <p class='ocr_par' dir='ltr' id='par_1_12' title="bbox 350 2851 1708 3029">
     <span class='ocr_line' id='line_1_15' title="bbox 350 2851 1708 3029; baseline -0.005 -27"><span class='ocrx_word' id='word_1_93' title='bbox 350 2851 569 3002; x_wconf 86' lang='lat' dir='ltr'><strong>ilaudatum</strong></span> <span class='ocrx_word' id='word_1_94' title='bbox 602 2887 652 3001; x_wconf 86' lang='lat' dir='ltr'><strong>ad</strong></span> <span class='ocrx_word' id='word_1_95' title='bbox 676 2917 881 3029; x_wconf 84' lang='lat' dir='ltr'><strong>liugerium</strong></span> <span class='ocrx_word' id='word_1_96' title='bbox 910 2919 958 3002; x_wconf 89' lang='lat' dir='ltr'><strong>de</strong></span> <span class='ocrx_word' id='word_1_97' title='bbox 987 2915 1114 3004; x_wconf 86' lang='lat' dir='ltr'><strong>Murra</strong></span> <span class='ocrx_word' id='word_1_98' title='bbox 1142 2941 1213 3026; x_wconf 93' lang='lat' dir='ltr'><strong>pro</strong></span> <span class='ocrx_word' id='word_1_99' title='bbox 1240 2913 1454 2998; x_wconf 84' lang='lat' dir='ltr'><strong>falconibus</strong></span> <span class='ocrx_word' id='word_1_100' title='bbox 1486 2916 1536 2997; x_wconf 89' lang='lat' dir='ltr'><strong>ad</strong></span> <span class='ocrx_word' id='word_1_101' title='bbox 1562 2913 1708 2998; x_wconf 92' lang='lat' dir='ltr'><strong>curiam</strong></span> 
     </span>
    </p>
   </div>
   <div class='ocr_carea' id='block_1_4' title="bbox 305 3045 1488 3344">
    <p class='ocr_par' dir='ltr' id='par_1_13' title="bbox 305 3045 1488 3344">
     <span class='ocr_line' id='line_1_16' title="bbox 305 3045 523 3136; baseline 0.023 -8"><span class='ocrx_word' id='word_1_102' title='bbox 305 3045 523 3136; x_wconf 85' lang='lat' dir='ltr'><strong>deferendis.</strong></span> 
     </span>
     <span class='ocr_line' id='line_1_17' title="bbox 378 3261 1488 3344; baseline -0.002 -20"><span class='ocrx_word' id='word_1_103' title='bbox 378 3261 506 3344; x_wconf 67' lang='lat' dir='ltr'><strong>(dedat.</strong></span> <span class='ocrx_word' id='word_1_104' title='bbox 522 3263 625 3344; x_wconf 78' lang='lat' dir='ltr'><strong>impar.</strong></span> <span class='ocrx_word' id='word_1_105' title='bbox 640 3262 761 3329; x_wconf 67' lang='lat' dir='ltr'><strong>bleda.</strong></span> <span class='ocrx_word' id='word_1_106' title='bbox 777 3264 820 3340; x_wconf 85' lang='lat'><strong>11,</strong></span> <span class='ocrx_word' id='word_1_107' title='bbox 835 3264 889 3327; x_wconf 90' lang='lat' dir='ltr'><strong>fol.</strong></span> <span class='ocrx_word' id='word_1_108' title='bbox 906 3273 941 3326; x_wconf 86' lang='lat' dir='ltr'><strong>ot</strong></span> <span class='ocrx_word' id='word_1_109' title='bbox 958 3271 1054 3338; x_wconf 79' lang='lat' dir='ltr'><strong>recto3</strong></span> <span class='ocrx_word' id='word_1_110' title='bbox 1069 3265 1102 3324; x_wconf 94' lang='lat' dir='ltr'><strong>lu</strong></span> <span class='ocrx_word' id='word_1_111' title='bbox 1117 3261 1188 3326; x_wconf 87' lang='lat' dir='ltr'><strong>adit.</strong></span> <span class='ocrx_word' id='word_1_112' title='bbox 1204 3261 1340 3338; x_wconf 80' lang='lat' dir='ltr'><strong>caream,</strong></span> <span class='ocrx_word' id='word_1_113' title='bbox 1354 3279 1387 3340; x_wconf 89' lang='lat' dir='ltr'><strong>p.</strong></span> <span class='ocrx_word' id='word_1_114' title='bbox 1405 3261 1488 3341; x_wconf 80' lang='lat' dir='ltr'><strong>aad.)</strong></span> 
     </span>
    </p>
   </div>
   <div class='ocr_carea' id='block_1_5' title="bbox 299 3447 1711 4756">
    <p class='ocr_par' dir='ltr' id='par_1_14' title="bbox 307 3447 1710 3645">
     <span class='ocr_line' id='line_1_18' title="bbox 348 3447 1710 3554; baseline -0.001 -32"><span class='ocrx_word' id='word_1_115' title='bbox 348 3447 395 3522; x_wconf 78' lang='lat' dir='ltr'><strong>lte</strong></span> <span class='ocrx_word' id='word_1_116' title='bbox 412 3449 566 3522; x_wconf 65' lang='lat' dir='ltr'><strong>maduo</strong></span> <span class='ocrx_word' id='word_1_117' title='bbox 590 3451 759 3545; x_wconf 84' lang='lat' dir='ltr'><strong>imperiali</strong></span> <span class='ocrx_word' id='word_1_118' title='bbox 776 3455 867 3546; x_wconf 76' lang='lat' dir='ltr'><strong>sacto</strong></span> <span class='ocrx_word' id='word_1_119' title='bbox 880 3473 945 3547; x_wconf 83' lang='lat' dir='ltr'><strong>por</strong></span> <span class='ocrx_word' id='word_1_120' title='bbox 961 3452 1160 3549; x_wconf 77' lang='lat' dir='ltr'><strong>moqistrum</strong></span> <span class='ocrx_word' id='word_1_121' title='bbox 1176 3450 1218 3521; x_wconf 86' lang='lat' dir='ltr'><strong>ff.</strong></span> <span class='ocrx_word' id='word_1_122' title='bbox 1239 3449 1280 3522; x_wconf 82' lang='lat' dir='ltr'><strong>dc</strong></span> <span class='ocrx_word' id='word_1_123' title='bbox 1299 3451 1446 3544; x_wconf 84' lang='lat' dir='ltr'><strong>Trcjccto</strong></span> <span class='ocrx_word' id='word_1_124' title='bbox 1463 3451 1594 3554; x_wconf 75' lang='lat' dir='ltr'><strong>scripsit</strong></span> <span class='ocrx_word' id='word_1_125' title='bbox 1612 3449 1651 3521; x_wconf 85' lang='lat' dir='ltr'><strong>G.</strong></span> <span class='ocrx_word' id='word_1_126' title='bbox 1671 3449 1710 3520; x_wconf 87' lang='lat' dir='ltr'><strong>de</strong></span> 
     </span>
     <span class='ocr_line' id='line_1_19' title="bbox 307 3573 1558 3645; baseline 0.002 -2"><span class='ocrx_word' id='word_1_127' title='bbox 307 3573 424 3645; x_wconf 81' lang='lat' dir='ltr'><strong>Taceo:</strong></span> <span class='ocrx_word' id='word_1_128' title='bbox 1556 3615 1558 3620; x_wconf 96' lang='lat'>·</span> 
     </span>
    </p>

    <p class='ocr_par' dir='ltr' id='par_1_15' title="bbox 299 3693 1711 4756">
     <span class='ocr_line' id='line_1_20' title="bbox 348 3693 1709 3795; baseline 0.002 -27"><span class='ocrx_word' id='word_1_129' title='bbox 348 3693 564 3788; x_wconf 79' lang='lat' dir='ltr'><strong>fredericus,</strong></span> <span class='ocrx_word' id='word_1_130' title='bbox 582 3704 666 3788; x_wconf 74' lang='lat' dir='ltr'><strong>atu,</strong></span> <span class='ocrx_word' id='word_1_131' title='bbox 684 3695 725 3770; x_wconf 82' lang='lat' dir='ltr'><strong>Il.</strong></span> <span class='ocrx_word' id='word_1_132' title='bbox 742 3697 788 3770; x_wconf 93' lang='lat' dir='ltr'><strong>de</strong></span> <span class='ocrx_word' id='word_1_133' title='bbox 805 3697 933 3791; x_wconf 88' lang='lat' dir='ltr'><strong>llorra,</strong></span> <span class='ocrx_word' id='word_1_134' title='bbox 954 3707 1019 3770; x_wconf 91' lang='lat' dir='ltr'><strong>etc.</strong></span> <span class='ocrx_word' id='word_1_135' title='bbox 1050 3697 1129 3770; x_wconf 87' lang='lat' dir='ltr'><strong>Post</strong></span> <span class='ocrx_word' id='word_1_136' title='bbox 1154 3694 1344 3770; x_wconf 84' lang='lat' dir='ltr'><strong>discessum</strong></span> <span class='ocrx_word' id='word_1_137' title='bbox 1369 3705 1467 3769; x_wconf 92' lang='lat' dir='ltr'><strong>tuum</strong></span> <span class='ocrx_word' id='word_1_138' title='bbox 1493 3719 1515 3769; x_wconf 88' lang='lat' dir='ltr'><strong>a</strong></span> <span class='ocrx_word' id='word_1_139' title='bbox 1538 3698 1709 3795; x_wconf 84' lang='lat' dir='ltr'><strong>prasentia</strong></span> 
     </span>
     <span class='ocr_line' id='line_1_21' title="bbox 305 3818 1709 3916; baseline 0.004 -27"><span class='ocrx_word' id='word_1_140' title='bbox 305 3826 415 3890; x_wconf 85' lang='lat' dir='ltr'><strong>nostra</strong></span> <span class='ocrx_word' id='word_1_141' title='bbox 441 3818 676 3892; x_wconf 80' lang='lat' dir='ltr'><strong>intelleximus</strong></span> <span class='ocrx_word' id='word_1_142' title='bbox 695 3821 899 3916; x_wconf 78' lang='lat' dir='ltr'><strong>magistrum</strong></span> <span class='ocrx_word' id='word_1_143' title='bbox 917 3821 1063 3893; x_wconf 87' lang='lat' dir='ltr'><strong>Encinm</strong></span> <span class='ocrx_word' id='word_1_144' title='bbox 1082 3820 1305 3893; x_wconf 82' lang='lat' dir='ltr'><strong>falconarium</strong></span> <span class='ocrx_word' id='word_1_145' title='bbox 1333 3829 1370 3893; x_wconf 89' lang='lat' dir='ltr'><strong>et</strong></span> <span class='ocrx_word' id='word_1_146' title='bbox 1394 3819 1531 3894; x_wconf 90' lang='lat' dir='ltr'><strong>fidelem</strong></span> <span class='ocrx_word' id='word_1_147' title='bbox 1554 3833 1709 3896; x_wconf 88' lang='lat' dir='ltr'><strong>nostrum</strong></span> 
     </span>
     <span class='ocr_line' id='line_1_22' title="bbox 304 3942 1710 4042; baseline 0.004 -28"><span class='ocrx_word' id='word_1_148' title='bbox 304 3942 518 4016; x_wconf 85' lang='lat' dir='ltr'><strong>convaluisse</strong></span> <span class='ocrx_word' id='word_1_149' title='bbox 541 3942 587 4016; x_wconf 92' lang='lat' dir='ltr'><strong>ab</strong></span> <span class='ocrx_word' id='word_1_150' title='bbox 606 3942 803 4018; x_wconf 87' lang='lat' dir='ltr'><strong>infirmitate</strong></span> <span class='ocrx_word' id='word_1_151' title='bbox 827 3967 911 4034; x_wconf 88' lang='lat' dir='ltr'><strong>sua;</strong></span> <span class='ocrx_word' id='word_1_152' title='bbox 938 3945 1195 4041; x_wconf 88' lang='lat' dir='ltr'><strong>propterquod</strong></span> <span class='ocrx_word' id='word_1_153' title='bbox 1220 3943 1376 4016; x_wconf 88' lang='lat' dir='ltr'><strong>fidelitati</strong></span> <span class='ocrx_word' id='word_1_154' title='bbox 1400 3955 1459 4019; x_wconf 89' lang='lat' dir='ltr'><strong>tus</strong></span> <span class='ocrx_word' id='word_1_155' title='bbox 1488 3946 1710 4042; x_wconf 81' lang='lat' dir='ltr'><strong>precipiendo</strong></span> 
     </span>
     <span class='ocr_line' id='line_1_23' title="bbox 304 4064 1709 4164; baseline 0.003 -28"><span class='ocrx_word' id='word_1_156' title='bbox 304 4064 507 4139; x_wconf 89' lang='lat' dir='ltr'><strong>mandamus</strong></span> <span class='ocrx_word' id='word_1_157' title='bbox 521 4077 696 4161; x_wconf 86' lang='lat' dir='ltr'><strong>quatenns</strong></span> <span class='ocrx_word' id='word_1_158' title='bbox 712 4067 742 4142; x_wconf 90' lang='lat' dir='ltr'><strong>si</strong></span> <span class='ocrx_word' id='word_1_159' title='bbox 759 4069 874 4164; x_wconf 88' lang='lat' dir='ltr'><strong>ipsum</strong></span> <span class='ocrx_word' id='word_1_160' title='bbox 894 4069 1069 4140; x_wconf 86' lang='lat' dir='ltr'><strong>inveneris</strong></span> <span class='ocrx_word' id='word_1_161' title='bbox 1085 4068 1319 4160; x_wconf 87' lang='lat' dir='ltr'><strong>convaluisse,</strong></span> <span class='ocrx_word' id='word_1_162' title='bbox 1335 4068 1424 4141; x_wconf 89' lang='lat' dir='ltr'><strong>sicut</strong></span> <span class='ocrx_word' id='word_1_163' title='bbox 1437 4069 1655 4157; x_wconf 89' lang='lat' dir='ltr'><strong>audivimus,</strong></span> <span class='ocrx_word' id='word_1_164' title='bbox 1671 4079 1709 4140; x_wconf 91' lang='lat' dir='ltr'><strong>tu</strong></span> 
     </span>
     <span class='ocr_line' id='line_1_24' title="bbox 304 4191 1711 4282; baseline 0.001 -21"><span class='ocrx_word' id='word_1_165' title='bbox 304 4196 368 4261; x_wconf 87' lang='lat' dir='ltr'><strong>trea</strong></span> <span class='ocrx_word' id='word_1_166' title='bbox 384 4198 518 4262; x_wconf 88' lang='lat' dir='ltr'><strong>tautum</strong></span> <span class='ocrx_word' id='word_1_167' title='bbox 542 4191 694 4266; x_wconf 79' lang='lat' dir='ltr'><strong>falcones</strong></span> <span class='ocrx_word' id='word_1_168' title='bbox 709 4202 745 4265; x_wconf 89' lang='lat' dir='ltr'><strong>et</strong></span> <span class='ocrx_word' id='word_1_169' title='bbox 761 4193 942 4266; x_wconf 77' lang='lat' dir='ltr'><strong>tuniolum</strong></span> <span class='ocrx_word' id='word_1_170' title='bbox 958 4191 1129 4282; x_wconf 88' lang='lat' dir='ltr'><strong>deferens,</strong></span> <span class='ocrx_word' id='word_1_171' title='bbox 1150 4195 1227 4266; x_wconf 88' lang='lat' dir='ltr'><strong>licet</strong></span> <span class='ocrx_word' id='word_1_172' title='bbox 1245 4193 1307 4265; x_wconf 93' lang='lat' dir='ltr'><strong>tibi</strong></span> <span class='ocrx_word' id='word_1_173' title='bbox 1322 4193 1367 4267; x_wconf 90' lang='lat' dir='ltr'><strong>de</strong></span> <span class='ocrx_word' id='word_1_174' title='bbox 1380 4201 1457 4266; x_wconf 90' lang='lat' dir='ltr'><strong>octo</strong></span> <span class='ocrx_word' id='word_1_175' title='bbox 1471 4193 1661 4265; x_wconf 87' lang='lat' dir='ltr'><strong>falconibus</strong></span> <span class='ocrx_word' id='word_1_176' title='bbox 1677 4202 1711 4264; x_wconf 89' lang='lat' dir='ltr'><strong>et</strong></span> 
     </span>
     <span class='ocr_line' id='line_1_25' title="bbox 299 4313 1710 4410; baseline 0.003 -27"><span class='ocrx_word' id='word_1_177' title='bbox 299 4313 442 4406; x_wconf 78' lang='lat' dir='ltr'><strong>tuniolo</strong></span> <span class='ocrx_word' id='word_1_178' title='bbox 458 4313 660 4387; x_wconf 89' lang='lat' dir='ltr'><strong>mandatum</strong></span> <span class='ocrx_word' id='word_1_179' title='bbox 678 4315 878 4405; x_wconf 77' lang='lat' dir='ltr'><strong>fecerimus,</strong></span> <span class='ocrx_word' id='word_1_180' title='bbox 895 4316 1017 4390; x_wconf 87' lang='lat' dir='ltr'><strong>redeas</strong></span> <span class='ocrx_word' id='word_1_181' title='bbox 1034 4316 1080 4390; x_wconf 92' lang='lat' dir='ltr'><strong>ad</strong></span> <span class='ocrx_word' id='word_1_182' title='bbox 1098 4317 1228 4390; x_wconf 88' lang='lat' dir='ltr'><strong>curiam</strong></span> <span class='ocrx_word' id='word_1_183' title='bbox 1252 4326 1415 4390; x_wconf 89' lang='lat' dir='ltr'><strong>nostram.</strong></span> <span class='ocrx_word' id='word_1_184' title='bbox 1439 4317 1473 4388; x_wconf 91' lang='lat' dir='ltr'><strong>Si</strong></span> <span class='ocrx_word' id='word_1_185' title='bbox 1497 4337 1580 4389; x_wconf 89' lang='lat' dir='ltr'><strong>vcro</strong></span> <span class='ocrx_word' id='word_1_186' title='bbox 1598 4316 1710 4410; x_wconf 90' lang='lat' dir='ltr'><strong>ipsum</strong></span> 
     </span>
     <span class='ocr_line' id='line_1_26' title="bbox 307 4431 1710 4534; baseline 0.007 -32"><span class='ocrx_word' id='word_1_187' title='bbox 307 4431 497 4508; x_wconf 83' lang='lat' dir='ltr'><strong>infirmitate</strong></span> <span class='ocrx_word' id='word_1_188' title='bbox 522 4445 703 4529; x_wconf 77' lang='lat' dir='ltr'><strong>gravatum</strong></span> <span class='ocrx_word' id='word_1_189' title='bbox 725 4437 913 4527; x_wconf 89' lang='lat' dir='ltr'><strong>inveneris,</strong></span> <span class='ocrx_word' id='word_1_190' title='bbox 942 4442 1034 4534; x_wconf 87' lang='lat' dir='ltr'><strong>ipsos</strong></span> <span class='ocrx_word' id='word_1_191' title='bbox 1055 4451 1122 4512; x_wconf 88' lang='lat' dir='ltr'><strong>tres</strong></span> <span class='ocrx_word' id='word_1_192' title='bbox 1146 4450 1280 4512; x_wconf 91' lang='lat' dir='ltr'><strong>tantum</strong></span> <span class='ocrx_word' id='word_1_193' title='bbox 1306 4441 1457 4513; x_wconf 89' lang='lat' dir='ltr'><strong>falcones</strong></span> <span class='ocrx_word' id='word_1_194' title='bbox 1470 4449 1506 4512; x_wconf 87' lang='lat' dir='ltr'><strong>ct</strong></span> <span class='ocrx_word' id='word_1_195' title='bbox 1524 4442 1710 4514; x_wconf 84' lang='lat' dir='ltr'><strong>tornielum</strong></span> 
     </span>
     <span class='ocr_line' id='line_1_27' title="bbox 309 4557 1711 4664; baseline 0.004 -36"><span class='ocrx_word' id='word_1_196' title='bbox 309 4559 421 4632; x_wconf 85' lang='lat' dir='ltr'><strong>mictas</strong></span> <span class='ocrx_word' id='word_1_197' title='bbox 437 4557 485 4632; x_wconf 88' lang='lat' dir='ltr'><strong>ad</strong></span> <span class='ocrx_word' id='word_1_198' title='bbox 498 4581 580 4648; x_wconf 88' lang='lat' dir='ltr'><strong>nos,</strong></span> <span class='ocrx_word' id='word_1_199' title='bbox 597 4569 632 4634; x_wconf 88' lang='lat' dir='ltr'><strong>et</strong></span> <span class='ocrx_word' id='word_1_200' title='bbox 650 4570 688 4664; x_wconf 84' lang='lat' dir='ltr'><strong>tu</strong></span> <span class='ocrx_word' id='word_1_201' title='bbox 701 4584 765 4658; x_wconf 93' lang='lat' dir='ltr'><strong>pro</strong></span> <span class='ocrx_word' id='word_1_202' title='bbox 780 4561 985 4658; x_wconf 77' lang='lat' dir='ltr'><strong>affajtandis</strong></span> <span class='ocrx_word' id='word_1_203' title='bbox 1001 4563 1191 4637; x_wconf 89' lang='lat' dir='ltr'><strong>falconibus</strong></span> <span class='ocrx_word' id='word_1_204' title='bbox 1202 4564 1327 4636; x_wconf 87' lang='lat' dir='ltr'><strong>nostris</strong></span> <span class='ocrx_word' id='word_1_205' title='bbox 1344 4563 1486 4637; x_wconf 87' lang='lat' dir='ltr'><strong>moreris</strong></span> <span class='ocrx_word' id='word_1_206' title='bbox 1498 4563 1600 4657; x_wconf 87' lang='lat' dir='ltr'><strong>juxta</strong></span> <span class='ocrx_word' id='word_1_207' title='bbox 1615 4585 1711 4636; x_wconf 91' lang='lat' dir='ltr'><strong>man-</strong></span> 
     </span>
     <span class='ocr_line' id='line_1_28' title="bbox 311 4677 609 4756; baseline 0.013 -4"><span class='ocrx_word' id='word_1_208' title='bbox 311 4677 423 4752; x_wconf 87' lang='lat' dir='ltr'><strong>datnm</strong></span> <span class='ocrx_word' id='word_1_209' title='bbox 443 4691 609 4756; x_wconf 90' lang='lat' dir='ltr'><strong>nostrum.</strong></span> 
     </span>
    </p>
   </div>
   <div class='ocr_carea' id='block_1_6' title="bbox 355 4804 1200 4903">
    <p class='ocr_par' dir='ltr' id='par_1_16' title="bbox 355 4804 1200 4903">
     <span class='ocr_line' id='line_1_29' title="bbox 355 4804 1200 4903; baseline 0.008 -28"><span class='ocrx_word' id='word_1_210' title='bbox 355 4804 476 4878; x_wconf 87' lang='lat' dir='ltr'><strong>flatum</strong></span> <span class='ocrx_word' id='word_1_211' title='bbox 492 4806 646 4902; x_wconf 78' lang='lat' dir='ltr'><strong>Fuligui,</strong></span> <span class='ocrx_word' id='word_1_212' title='bbox 665 4809 680 4882; x_wconf 96' lang='lat' dir='ltr'><strong>l</strong></span> <span class='ocrx_word' id='word_1_213' title='bbox 698 4809 878 4903; x_wconf 89' lang='lat' dir='ltr'><strong>februarii,</strong></span> <span class='ocrx_word' id='word_1_214' title='bbox 898 4811 974 4883; x_wconf 83' lang='lat' dir='ltr'><strong>lllll</strong></span> <span class='ocrx_word' id='word_1_215' title='bbox 990 4809 1200 4882; x_wconf 86' lang='lat' dir='ltr'><strong>indictionis.</strong></span> 
     </span>
    </p>
   </div>
   <div class='ocr_carea' id='block_1_7' title="bbox 1751 2937 1900 3035">
    <p class='ocr_par' dir='ltr' id='par_1_17' title="bbox 1751 2937 1900 3035">
     <span class='ocr_line' id='line_1_30' title="bbox 1751 2937 1900 3035; baseline 0.007 -2"><span class='ocrx_word' id='word_1_216' title='bbox 1751 2937 1900 3035; x_wconf 59' lang='lat' dir='ltr'><strong>sfufan.</strong></span> 
     </span>
    </p>
   </div>
   <div class='ocr_carea' id='block_1_8' title="bbox 0 0 2274 6004">
    <p class='ocr_par' dir='ltr' id='par_1_18' title="bbox 0 0 2274 6004">
     <span class='ocr_line' id='line_1_31' title="bbox 0 0 2274 6004; baseline 0 0"><span class='ocrx_word' id='word_1_217' title='bbox 0 0 2274 6004; x_wconf 95' lang='lat' dir='ltr'><strong> </strong></span> 
     </span>
    </p>
   </div>
  </div>
 </body>
</html>
