4564 6038
332 579 509 662 fnnu.13.]
785 577 984 638 HISTORIA
1010 575 1301 640 nlrtotfrlflttt.

385 1166 606 1272 Comedus,
632 1167 673 1247 in
702 1165 963 1249 Romanorum
994 1190 1123 1274 regem
1152 1165 1315 1272 electus,
1345 1165 1530 1274 hospitale
1554 1167 1607 1248 de
1633 1165 1741 1250 Ulma

331 1298 434 1405 apud
450 1307 604 1406 pontem
623 1297 857 1406 superiorem
876 1323 989 1405 super
1007 1299 1129 1405 ripam
1151 1297 1315 1381 Danubii
1334 1300 1384 1380 ad
1407 1298 1592 1380 honorem
1612 1297 1740 1382 Sancti
1833 1285 1887 1318 ‘⁰'

331 1429 494 1536 Spiritus
512 1438 746 1512 exstructum
764 1427 838 1512 sub
862 1455 933 1510 sua
955 1431 1184 1538 protectione
1202 1430 1352 1538 recipit,
1371 1429 1575 1538 indulgens
1593 1439 1637 1512 ut
1653 1431 1740 1514 cui-

329 1584 494 1670 cumque
511 1561 622 1644 liceat
645 1585 686 1644 se
707 1586 795 1644 cum
819 1560 1026 1644 mobilibus
1050 1561 1129 1644 suis
1152 1563 1193 1642 in
1211 1563 1346 1645 eodem
1363 1559 1540 1670 hospitali
1558 1562 1735 1670 recipere.

411 1773 514 1848 (Edld.
530 1774 612 1835 Canu
625 1775 738 1848 iacun,
761 1770 967 1835 Schwnbiscdes
985 1771 1195 1846 Stadfcroeten,
1217 1770 1293 1834 Ulmo
1319 1773 1518 1856 Versaaumqr,
1539 1771 1737 1856 Urlundenb„

448 1897 480 1958 p.
494 1879 576 1958 rao.)

377 2064 555 2137 Conradns
568 2063 642 2136 divi
660 2063 799 2156 augusti
813 2065 1030 2159 imperatoris
1047 2064 1208 2137 Friderici
1225 2063 1336 2157 filius,
1357 2066 1419 2139 Dei
1438 2067 1546 2160 gratia
1565 2067 1739 2140 Romano-

329 2208 452 2260 norum
473 2189 510 2259 in
529 2188 791 2282 regemelectus
809 2209 947 2282 semper
959 2198 1127 2281 angustus
1149 2196 1184 2260 ct
1201 2187 1300 2262 heres
1317 2189 1417 2282 regni
1432 2190 1639 2282 Jerusalem,
1657 2192 1738 2263 uni·

328 2310 437 2382 versis
455 2321 629 2407 presentes
649 2311 778 2384 litteras
796 2310 1003 2406 inspecturis
1021 2309 1181 2382 fidelibus
1197 2311 1331 2406 imperii
1347 2313 1383 2383 in
1401 2323 1621 2408 perpetuum.
1648 2315 1740 2387 Inter

328 2441 440 2507 cetera
452 2435 587 2528 pietatis
600 2455 705 2530 opera
718 2435 845 2529 quibus
858 2435 983 2527 regalis
998 2434 1245 2530 praeminentia
1262 2435 1458 2527 decoratur,
1477 2437 1567 2509 sicut
1584 2437 1739 2533 hospita-

326 2557 432 2632 litatis
453 2559 564 2633 bonor
585 2559 680 2655 apud
702 2560 852 2633 caritatis
876 2567 1053 2632 auctorem
1077 2560 1233 2648 excellit,
1257 2559 1308 2632 sic
1325 2559 1467 2632 honeste
1488 2581 1592 2632 cause
1614 2561 1739 2635 merita

325 2681 517 2754 Romanum
535 2705 651 2778 regem
668 2683 891 2757 favorabilem
917 2681 1068 2756 reddunt
1090 2682 1313 2776 petitionibus
1339 2681 1556 2754 subditorum
1577 2691 1617 2754 nt
1631 2681 1738 2776 digne

327 2805 494 2900 compleat
509 2807 604 2900 quod
625 2807 682 2902 pie
697 2807 824 2902 petitur
840 2815 874 2879 et
897 2813 1049 2898 rogatur.
1071 2807 1144 2878 Hac
1164 2805 1194 2878 si
1214 2803 1356 2899 quidem
1378 2804 1510 2878 ratione
1528 2803 1575 2878 ad
1599 2804 1737 2878 moder·

326 2951 449 3002 norum
465 2939 500 3016 et
514 2928 709 3004 futurorum
723 2931 879 3003 notitiam
896 2931 1078 3025 pervenire
1097 2931 1256 3024 cupimus
1270 2939 1304 3002 et
1318 2928 1476 3024 protendi
1494 2929 1590 3023 qnod
1610 2930 1739 3002 consti·

326 3053 390 3124 tuti
402 3053 626 3126 coramnobis
636 3054 771 3126 Ulricus
784 3052 830 3126 da
842 3053 1031 3126 llumbaim
1041 3051 1201 3126 sacerdos
1212 3053 1267 3124 vir
1278 3051 1484 3125 venerabilis
1493 3073 1573 3124 cnm
1584 3052 1739 3125 ministro

325 3185 361 3249 et
376 3176 600 3251 universitate
617 3177 748 3250 civium
765 3176 810 3250 dc
825 3177 926 3252 Ulma
946 3177 1116 3272 hospitale
1134 3175 1232 3272 quod
1252 3176 1345 3270 apud
1364 3184 1504 3270 pontem
1526 3175 1739 3270 superiorem

325 3321 428 3396 snper
438 3301 550 3396 ripam
561 3300 712 3374 Danubii
725 3299 772 3374 ad
784 3300 950 3373 bonorem
963 3300 1076 3374 Sancti
1090 3299 1239 3395 Spiritus
1252 3309 1454 3387 erexerunt,
1469 3300 1506 3370 in
1519 3319 1644 3373 manus
1660 3320 1739 3372 nos·

325 3430 396 3497 tras
413 3423 599 3497 liberaliter
623 3424 881 3512 contradentes,
903 3424 1077 3498 humiliter
1096 3424 1336 3519 supplicarunt
1357 3431 1397 3494 ut
1415 3421 1528 3517 ipsum
1548 3421 1736 3518 hospitale,

325 3546 529 3641 magistrum
550 3556 585 3620 et
609 3569 775 3644 personas
799 3549 836 3620 in
861 3569 903 3622 eo
923 3549 1070 3621 Domino
1088 3547 1293 3619 famulantes
1315 3546 1382 3619 sub
1407 3555 1579 3619 nostrast
1601 3546 1739 3641 imperii

323 3671 537 3765 protectione
551 3671 689 3766 speciali
702 3671 854 3766 recipere
867 3671 1102 3765 dignaremur.
1120 3671 1189 3744 Nos
1201 3671 1319 3764 itaque
1330 3671 1456 3765 pietate
1467 3670 1565 3743 sobta
1580 3691 1650 3764 qua
1668 3691 1740 3742 am·

324 3793 508 3888 plectimur
520 3803 556 3867 et
572 3795 730 3867 fovemus
746 3815 851 3890 opera
864 3795 1033 3887 caritatis,
1051 3794 1223 3869 dictorum
1237 3793 1392 3867 fidelium
1407 3803 1602 3867 nostmrum
1622 3793 1740 3888 preci·

324 3915 392 3989 bus
407 3919 641 3991 favorabiliter
653 3919 830 4006 inclinati,
847 3917 979 3991 dictum
991 3919 1163 4015 hospitale
1173 3927 1208 3993 et
1223 3917 1376 3992 Ulricum
1392 3917 1547 4010 ejusdcm
1558 3915 1739 4012 hospitalis

324 4041 529 4134 magistrum
547 4064 626 4114 cnm
641 4042 797 4137 personis
815 4043 851 4115 iu
864 4064 906 4116 eo
920 4043 1066 4116 Domino
1084 4042 1330 4116 famulantibus
1343 4039 1410 4114 sub
1427 4048 1543 4113 nostre
1556 4049 1589 4112 et
1603 4039 1738 4136 imperii

326 4163 538 4240 defensionis
550 4165 741 4262 presidium
759 4168 952 4262 recepimus
967 4167 1125 4264 speciale.
1147 4166 1203 4241 Ad
1219 4165 1470 4241 ostendendam
1485 4186 1626 4259 quoqne
1643 4167 1738 4239 favo·

325 4288 374 4361 ris
387 4289 494 4362 nostri
511 4291 654 4384 gratiam
677 4313 783 4385 quam
802 4292 894 4366 circa
911 4292 977 4364 loci
996 4273 1146 4387 predicti
1159 4291 1312 4385 gerimus
1324 4291 1593 4379 incrementum,
1615 4287 1738 4361 indul-

326 4431 449 4504 gemus
465 4413 541 4485 loco
553 4413 707 4508 predicto
721 4425 761 4486 ut
775 4415 990 4510 quicumque
1006 4437 1043 4488 se
1056 4437 1136 4488 eum
1149 4415 1250 4487 bonis
1265 4413 1338 4487 suis
1355 4413 1541 4486 mobilibus
1559 4412 1594 4484 in
1613 4409 1737 4484 codem

325 4531 487 4629 hospitali
499 4536 651 4630 recipere
661 4537 811 4610 voluerit
823 4547 858 4612 at
870 4537 1001 4611 ibidem
1013 4537 1225 4634 pauperibus
1232 4537 1442 4628 subservire,
1456 4535 1493 4610 id
1504 4535 1596 4608 licite
1604 4535 1735 4625 valcat,

329 4657 518 4733 dummodo
536 4660 763 4734 mercationes
780 4682 851 4738 uon
869 4672 1028 4736 exerceat
1046 4662 1083 4734 in
1100 4661 1330 4758 prejudicium
1349 4667 1592 4750 mercatorum.
1611 4658 1737 4732 Statui-
