4384 6004
550 605 628 668 1086
1046 611 1261 678 ratoutuct
1285 617 1461 680 saccant
1769 621 1851 700 [dn.
1872 621 1959 688 teto.

547 751 621 814 tum
638 741 794 814 inhibere
816 741 989 836 dolorem,
1008 767 1055 818 ex
1073 747 1191 824 lavore
1216 759 1331 824 umen
1352 753 1463 846 gratie
1480 753 1649 848 quemad
1670 775 1752 828 eum
1773 756 1961 831 babuimm

546 875 582 938 et
594 865 714 939 advos
730 867 897 940 duximus
916 869 1164 966 reducendam,
1188 877 1380 949 secundum
1397 879 1602 973 emergentis
1615 878 1758 974 dampni
1771 881 1961 955 vehemen-

546 990 642 1079 tiam,
664 989 806 1064 modum
820 993 921 1065 vobis
939 995 1170 1070 favorabiliter
1184 998 1373 1074 suademus
1380 997 1394 1092 ,’
1415 1011 1588 1096 quatenus
1604 1002 1820 1078 considerato
1833 1005 1958 1078 buma-

545 1113 661 1186 nitatis
684 1115 802 1188 debito
824 1114 919 1210 quod
940 1140 1019 1190 cum
1039 1119 1170 1212 ingenti
1194 1122 1326 1196 bonore
1349 1125 1525 1220 persolvit,
1549 1135 1585 1198 et
1602 1125 1687 1220 quia
1711 1148 1758 1200 ex
1778 1129 1959 1204 vocatione

546 1245 668 1309 natura
691 1237 862 1332 prefixum
885 1241 951 1312 sibi
980 1245 1165 1316 terminum
1193 1267 1263 1319 non
1293 1256 1346 1320 est
1372 1248 1577 1344 permissum
1603 1249 1639 1322 in
1665 1247 1769 1322 rebus
1795 1250 1957 1324 humanis

544 1359 688 1432 uberius
706 1383 910 1456 prorogare,
927 1376 1004 1459 post
1017 1366 1144 1442 effusas
1168 1369 1338 1466 lacrymas
1354 1381 1388 1444 et
1403 1371 1523 1446 dolore
1547 1394 1609 1468 pre
1631 1372 1800 1446 modestia
1820 1382 1959 1470 tempe·

544 1491 633 1574 rato,
655 1484 691 1555 in
707 1485 923 1578 plenitudiue
937 1490 1046 1582 gratie
1065 1501 1179 1566 nostro
1201 1494 1435 1570 consolatione
1449 1504 1610 1592 suscepta
1623 1497 1793 1591 respIrare
1807 1500 1954 1585 curetis.

543 1608 628 1802 {nia
645 1607 740 1703 qnod
756 1609 805 1681 illi
825 1609 1037 1686 debebamus
1057 1613 1103 1687 ad
1125 1615 1304 1706 meritum,
1324 1619 1447 1693 vestris
1460 1640 1678 1696 reservamus
1690 1621 1902 1716 protocrbm
1922 1634 1958 1696 et

567 1752 677 1804 onorr.

368 2267 396 2300 a
434 2216 468 2301 ιν.
594 2183 825 2293 Fridericus,
844 2188 1105 2272 Romanorum
1127 2190 1346 2300 imperator,
1375 2189 1540 2278 Rcberto
1562 2191 1691 2275 comiti
1714 2193 1951 2278 Atrebatensi

539 2327 666 2426 grates
684 2319 763 2428 agit
780 2320 885 2429 quod
902 2319 1002 2403 circa
1019 2321 1176 2404 honoris
1194 2323 1347 2432 augusti
1373 2321 1572 2433 fastigium
1599 2351 1699 2434 quae
1723 2325 1837 2410 amici
1858 2337 1949 2410 sunt

539 2461 577 2534 et
594 2449 718 2534 affinis
735 2449 977 2536 laudabiliter
993 2454 1126 2564 egerit.

619 2665 714 2745 (emt.
729 2683 777 2746 ap.
792 2667 875 2730 Patr.
893 2667 928 2730 de
947 2668 1013 2730 Vin.
1027 2668 1140 2748 Epist„
1161 2667 1214 2731 lib.
1236 2669 1281 2743 11,
1302 2685 1368 2747 cap.
1390 2667 1540 2747 XXXIII,
1563 2669 1618 2731 ubl
1634 2672 1758 2748 eptstola
1777 2673 1862 2750 qnasi
1882 2673 1952 2734 duel

658 2775 849 2837 Venatlarnm
861 2777 980 2853 scripte,
995 2776 1047 2837 sed
1067 2777 1179 2851 Inepta,
1202 2781 1354 2844 exaratur.
1375 2773 1464 2852 Apud
1486 2775 1602 2837 oodlcaa
1620 2775 1699 2837 Itibl.
1718 2777 1820 2839 Ceam.
1841 2779 1949 2852 Parte„

648 2879 741 2962 sunda
763 2877 1168 2959 aureuma-flarlep,
1197 2889 1272 2954 ⁴5⁵,
1297 2887 1327 2942 et
1344 2879 1437 2960 sunda
1462 2881 1686 2958 diotre-Darna,
1711 2891 1786 2960 aot,
1815 2883 1949 2962 legitur:

659 2988 765 3050 Coralli
781 2985 920 3050 Tolosam
931 2985 1013 3068 pter·
1024 3005 1076 3049 nro
1088 2995 1122 3050 ut
1134 2988 1174 3049 rit
1186 2983 1340 3074 eifidelir,·
1353 2991 1402 3050 cul
1414 2988 1502 3049 titulo
1516 3005 1578 3050 non
1598 2993 1740 3068 majorem
1757 2988 1848 3050 fldem
1860 2989 1949 3050 adbl-

657 3095 784 3157 bendum
802 3112 865 3156 esse
882 3095 1030 3156 ducimus.
1051 3096 1220 3156 monem
1237 3110 1309 3156 vero
1325 3110 1364 3155 ex
1386 3095 1487 3156 codice
1507 3094 1701 3156 bibliothecae
1718 3095 1866 3174 ejusdem,
1880 3111 1947 3158 aur.

648 3198 742 3278 sunda
750 3197 835 3277 lotio,
847 3210 937 3279 8567,
948 3200 1164 3278 depromptam,
1180 3197 1521 3261 seffloetal'ridericut...
1537 3201 1636 3266 comiti
1645 3197 1844 3278 amatae,
1856 3201 1949 3262 multo

655 3308 799 3384 pctlorem
812 3306 999 3380 arbitramur,
1014 3306 1087 3366 dum
1104 3306 1147 3367 lbl
1167 3305 1206 3367 de
1222 3312 1309 3384 nepte
1326 3305 1477 3386 quadam,
1493 3303 1555 3366 utta
1568 3307 1678 3367 scillcet
1694 3305 1824 3384 Philippi
1841 3306 1946 3380 Suevl,

550 3455 554 3464 .
657 3415 820 3473 certissima
832 3414 945 3474 mentto
957 3411 1038 3491 dat.)

584 3597 795 3692 Iridericus,
815 3607 899 3690 etc,
919 3597 1035 3672 comiti
1047 3598 1280 3687 atrebatensi,
1295 3608 1362 3672 etc.
1381 3598 1492 3672 llahet
1507 3598 1552 3672 de
1565 3599 1685 3672 marito
1698 3605 1814 3670 nostre
1825 3597 1945 3690 benig·

536 3723 651 3796 uitatis
665 3723 861 3796 hnmanitas
878 3723 972 3796 unde
990 3723 1052 3794 tibi
1066 3725 1254 3816 gratiarum
1272 3722 1440 3818 rependat
1453 3723 1594 3809 exenia,
1610 3721 1706 3796 uude
1719 3721 1847 3794 taverle
1860 3723 1947 3793 mul·

535 3847 660 3942 tiplieis
674 3849 817 3941 gratiam
834 3847 1062 3942 repromittat,
1077 3846 1162 3919 dum
1173 3847 1263 3921 sicut
1277 3847 1322 3920 de
1334 3857 1393 3920 tue
1406 3847 1616 3920 strenuitatis
1627 3845 1761 3918 actibus
1773 3846 1820 3919 ad
1833 3855 1945 3918 nostra

535 3972 722 4064 majestatis
738 3971 895 4044 auditum
912 3969 1066 4064 gratifica
1084 3990 1219 4066 semper
1233 3991 1324 4045 nova
1339 3971 1557 4064 proveniunt,
1575 3969 1660 4042 dum
1678 3969 1850 4060 sicutJam
1864 3990 1952 4063 sepe

534 4116 676 4189 operum
697 4095 935 4190 experimento
949 4095 1193 4188 probavimus,
1211 4095 1303 4168 circa
1318 4094 1455 4167 honoris
1471 4093 1612 4186 augusti
1629 4093 1802 4184 fastigium
1824 4102 1860 4164 et
1879 4113 1947 4185 que

534 4219 638 4294 amici
650 4228 733 4291 sunt
745 4215 970 4292 amicabiliter
984 4240 1180 4314 promoves,
1194 4229 1229 4292 et
1241 4239 1311 4314 qne
1323 4217 1450 4305 affinis,
1462 4217 1629 4290 naturalis
1641 4215 1947 4288 suasionisiuduc·

534 4344 629 4416 tione
648 4343 816 4438 disponis.
832 4343 902 4414 Nec
924 4343 1048 4415 mirum
1067 4343 1097 4416 si
1120 4343 1222 4415 talem
1240 4342 1405 4419 exhibere
1425 4352 1459 4418 te
1475 4341 1629 4432 satagis,
1653 4359 1734 4411 cum
1758 4339 1896 4412 dilectio
1914 4348 1947 4412 te

534 4466 635 4540 nobis
650 4489 736 4562 pura
754 4467 942 4560 conjungat
958 4492 967 4537 r
987 4487 1051 4543 nec
1065 4467 1192 4538 mirum
1206 4467 1237 4536 si
1254 4475 1288 4538 te
1301 4473 1396 4538 tanta
1419 4464 1548 4536 virtute
1561 4463 1789 4558 conspicuum
1803 4483 1946 4557 presen-

534 4589 622 4661 tium
636 4589 861 4683 negociorum
874 4600 909 4663 st
924 4590 1087 4684 temporis
1102 4587 1272 4662 habitudo
1292 4587 1472 4678 concedat,
1490 4608 1570 4660 cum
1584 4585 1780 4660 dilectionis
1797 4583 1943 4672 indicia,

534 4735 639 4807 quam
656 4711 703 4786 ad
720 4722 772 4803 te,
795 4721 959 4808 tanquam
978 4713 1105 4786 amoris
1124 4711 1320 4807 integritate
1345 4711 1571 4807 precipuum,
1594 4708 1763 4784 hactenns
1781 4708 1947 4781 Immacu-
