4374 6010
196 687 294 747 lenm
313 683 376 762 la]
645 675 844 739 HISTORIA
870 672 1164 738 nlrnotlarlca
1551 670 1612 732 85³

198 819 367 905 Licteras,
389 825 457 888 eto.
476 812 577 899 Quod
593 820 708 884 antem
731 809 933 906 significasti
953 819 1063 882 castra
1082 819 1141 882 tue
1157 806 1350 905 provisioni
1375 806 1557 880 commissa
1578 815 1613 881 et

198 941 392 1038 specialiter
408 947 557 1012 castrum
569 935 697 1009 ldruuti
711 935 812 1026 cujus
827 934 899 1007 dne
910 943 1021 1005 turres
1034 954 1082 1004 ex
1097 932 1200 1004 maris
1216 931 1436 1026 percussione
1450 930 1613 1003 continua

198 1066 376 1137 miuantnr
402 1061 556 1149 rniuam,
587 1058 863 1154 reparationibus
888 1056 1064 1150 indigere,
1092 1064 1127 1128 et
1148 1053 1245 1150 quod
1267 1056 1303 1126 in
1332 1052 1494 1126 domibus
1521 1054 1611 1126 sola·

198 1188 328 1260 tiorum
345 1195 539 1260 nostrornm
555 1191 774 1279 preterquam
788 1182 824 1253 in
838 1179 1000 1253 domibus
1022 1178 1213 1275 Capitinate
1231 1177 1399 1273 reparatio
1417 1177 1613 1250 necessaria

198 1321 263 1396 est,
279 1330 347 1382 neo
361 1329 425 1405 pro
439 1305 641 1401 reparandis
652 1305 734 1377 eisa
752 1304 933 1376 collectore
945 1301 1072 1397 Apulia
1086 1301 1146 1397 qui
1162 1302 1296 1375 dicitur
1306 1301 1472 1374 infirmari
1490 1302 1614 1373 neceb

198 1433 318 1528 aliquo
330 1431 411 1519 alio,
427 1453 507 1502 oum
516 1428 719 1501 mandatum
733 1429 860 1500 lactum
871 1426 916 1498 sit
927 1425 1100 1498 collectori
1113 1424 1281 1520 predicto,
1292 1425 1475 1518 pecuniam
1488 1425 1615 1498 babere

199 1555 419 1648 aliquatenus
439 1551 599 1646 potuisti,
618 1571 699 1623 ecce
717 1549 813 1644 qnod
831 1549 944 1621 eidem
963 1547 1135 1621 collectori
1153 1548 1362 1644 precipimus
1378 1548 1498 1621 iterato
1518 1546 1614 1644 quod

198 1697 263 1772 pro
280 1675 497 1772 reparatione
510 1673 704 1747 necessaria
721 1673 902 1746 domorum
919 1679 1114 1744 nostrarum
1129 1681 1164 1744 et
1179 1681 1387 1760 castrorum,
1403 1671 1432 1744 si
1448 1671 1611 1768 expedit,

201 1799 247 1874 ad
265 1799 525 1894 requisitionem
540 1807 636 1870 tuam
653 1797 778 1870 debeat
794 1817 966 1892 expensas
983 1795 1193 1870 necessarias
1206 1795 1417 1885 ministrare,
1433 1797 1496 1868 tibi
1511 1797 1615 1869 etiam

201 1944 376 2018 expensas
394 1921 560 1995 exhibent
577 1941 641 2016 pro
664 1927 715 2010 te,
740 1920 851 1992 tribus
870 1919 1027 2002 scuteriis
1049 1929 1084 1991 et
1101 1929 1251 2014 quatuor
1270 1921 1387 2015 equis;
1404 1930 1442 1992 tu
1465 1942 1549 1994 vero
1571 1921 1617 1994 de

203 2056 315 2120 castro
331 2047 461 2120 Idronti
476 2055 511 2119 et
528 2046 604 2119 aliis
623 2044 824 2140 reparandis
839 2044 1097 2138 inquisitionem
1119 2043 1192 2116 lieri
1215 2044 1321 2118 saclas
1338 2043 1538 2138 diligentem
1554 2068 1617 2140 per

200 2170 426 2264 justitiarium
441 2170 595 2264 regionis
613 2177 728 2241 utrum
745 2168 791 2242 ad
812 2170 1061 2264 reparationem
1079 2189 1197 2240 eornm
1214 2167 1374 2241 homines
1391 2169 1542 2240 locorum
1560 2170 1617 2242 vel

204 2303 359 2368 contrate
385 2293 603 2387 aliquatenus
628 2301 824 2383 teneantur,
842 2300 877 2364 et
897 2313 985 2386 qnos
1011 2293 1120 2364 teneri
1144 2292 1352 2386 compereris
1374 2292 1418 2364 ad
1445 2292 1511 2365 hoc
1540 2287 1617 2387 cogi

205 2417 310 2490 facias
323 2425 364 2488 ut
375 2417 455 2509 jura
466 2425 580 2488 nostre
593 2416 688 2489 curie
701 2437 772 2487 non
787 2415 947 2505 omictas;
962 2425 997 2486 et
1010 2417 1046 2487 in
1063 2416 1236 2488 delectum
1249 2415 1442 2508 hominnm,
1455 2416 1619 2490 videlicet

206 2563 286 2612 cum
300 2560 372 2612 non
389 2540 616 2612 inveniuntur
631 2538 677 2612 ad
692 2535 731 2611 id
747 2538 874 2626 teneri,
893 2537 940 2610 ad
953 2538 1136 2632 pecuniam
1150 2539 1247 2612 curie
1260 2549 1375 2612 nostre
1389 2561 1563 2632 recurras,
1581 2549 1620 2612 nt

206 2684 252 2735 ex
268 2665 368 2735 rnIna
387 2664 578 2759 dampnum
596 2663 791 2757 improvide
815 2683 884 2734 non
904 2661 1092 2756 contingat.

255 2789 383 2884 Datum
397 2785 539 2878 Arroni,
560 2787 667 2861 XVIII
681 2786 813 2874 martii,
829 2785 906 2857 XIII
921 2785 1131 2858 indictionis.
1172 2787 1176 2794 ’

256 2913 342 2980 Item
360 2934 373 2980 .·

256 3031 477 3124 Fredericus,
495 3043 578 3124 eto,
598 3032 708 3124 judici
728 3033 888 3128 Philippo
912 3033 957 3105 de
979 3035 1112 3106 Aversa
1134 3033 1306 3106 collectori
1331 3035 1365 3104 in
1383 3031 1527 3129 Apulia,
1552 3043 1620 3108 etc.

208 3153 425 3248 SIgnificavit
450 3155 654 3228 excellentie
677 3165 793 3228 nostre
816 3153 930 3228 Gnido
959 3156 1004 3228 de
1030 3155 1158 3228 Guaeto
1183 3157 1341 3250 provisor
1369 3165 1558 3229 castrorum
1585 3157 1623 3230 iu

211 3277 338 3372 Apulia
353 3275 465 3351 fidelis
478 3287 595 3350 noster
606 3277 705 3372 quod
723 3287 831 3350 caetra
844 3277 1001 3371 ,quedam
1020 3278 1269 3370 jurisdIctionis
1288 3300 1351 3352 sue
1372 3301 1413 3351 ac
1432 3280 1624 3374 specialiter

212 3410 364 3473 castrum
378 3400 508 3474 Idronti
521 3401 559 3472 in
575 3400 714 3474 duabus
736 3402 812 3494 ejus
833 3402 987 3472 turribus
1006 3423 1076 3496 que
1094 3402 1267 3474 mInantur
1279 3424 1325 3475 ex
1343 3403 1505 3475 continua
1520 3403 1626 3476 maris

212 3523 437 3617 percussIone
448 3523 596 3612 ruinam,
608 3522 845 3596 domnsetiam
859 3524 1057 3596 solatiorum
1068 3534 1261 3596 nostrorum
1271 3535 1386 3620 preter
1396 3525 1518 3599 domos
1529 3525 1626 3622 Capi·

213 3645 320 3718 tinate
334 3647 549 3742 reparatione
561 3645 736 3740 indigent3
753 3646 882 3740 quibus
900 3647 967 3718 nisi
982 3647 1208 3720 subvenietur
1221 3648 1268 3721 ad
1285 3671 1443 3745 presens,
1459 3672 1626 3743 magnum

215 3789 262 3841 ex
274 3769 379 3842 ruina
393 3770 584 3865 periculum
599 3769 936 3865 poteritpervenire.
956 3770 1042 3842 Cum
1060 3772 1164 3864 igitur
1178 3771 1383 3844 mandemus
1400 3772 1515 3846 eidem
1530 3773 1627 3868 qnod

214 3891 250 3963 in
266 3893 431 3965 omnibus
449 3892 534 3965 locis
549 3893 585 3963 in
600 3893 729 3987 quibus
746 3894 916 3987 reparatio
934 3903 1122 3966 castrorum
1139 3895 1255 3988 aliqua
1274 3896 1466 3969 necessaria
1480 3907 1549 3985 ost,
1566 3919 1628 3992 per

212 4014 415 4105 justitiarios
435 4016 617 4109 regionum
637 4016 894 4110 inquisitionem
918 4015 991 4088 fieri
1009 4017 1111 4089 faciat
1135 4017 1354 4111 diligentem,
1375 4029 1410 4092 et
1424 4021 1453 4091 si
1471 4043 1533 4116 per
1550 4041 1627 4093 eam

216 4138 375 4212 homines
399 4141 552 4212 locorum
575 4141 631 4212 vel
655 4147 807 4212 contrata
830 4140 876 4213 ad
903 4141 1152 4234 reparationem
1176 4143 1284 4214 teneri
1310 4143 1514 4232 constiterit,
1535 4145 1629 4239 ipsos

218 4261 265 4335 ad
281 4263 350 4336 hoc
366 4265 570 4360 compellere
586 4285 656 4337 non
672 4265 823 4355 omIctat,
838 4265 992 4358 alioquin
1008 4261 1054 4337 ad
1070 4267 1250 4358 pecuniam
1266 4267 1361 4339 cnrie
1383 4275 1499 4340 nostre
1513 4289 1629 4340 recor·

219 4394 285 4472 rat,
301 4385 457 4460 fidelitati
470 4396 530 4460 tne
539 4387 762 4484 precipiendo
775 4387 982 4460 mandamus
998 4369 1172 4483 qnatenus
1187 4412 1250 4484 pro
1262 4388 1426 4485 predictis
1438 4400 1476 4461 ut
1487 4391 1631 4486 expedit

220 4509 436 4601 reparandis,
455 4532 535 4583 oum
549 4510 643 4583 idem
656 4511 697 4583 G.
717 4533 738 4584 a
754 4520 788 4583 te
805 4510 946 4582 duxerit
959 4511 1220 4605 requirendum,
1236 4513 1445 4586 necessarias
1459 4533 1630 4608 expensas

222 4629 269 4702 de
284 4633 433 4726 pecnnia
455 4634 550 4708 curie
574 4645 689 4708 nostre
713 4620 855 4729 quaest
881 4656 942 4728 per
964 4655 1088 4706 manns
1109 4643 1186 4708 tuas
1210 4636 1339 4709 debeas
1364 4636 1630 4724 exhibere,an

220 4760 336 4826 tamen
360 4755 423 4826 tibi
448 4757 637 4830 constiterit
657 4757 897 4852 inansitiones
917 4759 1024 4830 lactas
1045 4767 1080 4830 ot
1102 4781 1166 4854 per
1186 4782 1246 4833 eas
1268 4781 1337 4834 non
1359 4771 1516 4834 constare
1535 4759 1631 4855 quod

318 4881 359 4942 V.
380 4895 436 4940 rm
447 4899 471 4942 a.
1416 4897 1471 4949 108
