4524 6012
559 677 619 738 700
1056 673 1271 736 saturaret
1299 671 1473 734 SECUNDI
1782 671 1860 755 [dut.
1878 673 1963 736 12⁴0.

557 809 641 904 ipsis
661 809 715 881 vel
740 808 836 882 atteri
859 829 978 882 eorum
1001 829 1064 880 seu
1081 817 1173 881 certo
1191 806 1320 880 nuncio
1343 793 1399 878 vel
1426 805 1638 902 procuratori
1659 805 1815 902 ipsorum
1838 809 1884 882 dc
1902 829 1966 904 pe·

556 933 660 1006 cunia
676 932 771 1005 curie
789 953 859 1026 qne
871 941 923 1006 est
937 955 999 1028 per
1018 953 1141 1004 manus
1157 941 1249 1022 tuas,
1263 951 1324 1026 pro
1338 937 1435 1027 parte
1448 930 1544 1002 curie
1562 939 1678 1004 nostra
1694 931 1770 1004 sine
1786 931 1966 1028 dispendio

556 1057 695 1149 majoris
714 1077 807 1128 more
826 1057 1018 1152 persolvam
1041 1065 1077 1128 et
1092 1056 1121 1128 si
1140 1057 1225 1129 forte
1247 1065 1287 1128 ut
1310 1053 1504 1150 predictum
1531 1063 1583 1128 est
1610 1055 1728 1152 aliquo
1748 1077 1830 1129 casu
1858 1056 1967 1152 ipsius

556 1178 734 1252 solutionis
756 1179 922 1250 terminus
941 1180 1179 1272 pertransiret,
1208 1176 1334 1252 deinde
1355 1178 1390 1250 in
1415 1187 1518 1251 antea
1540 1177 1709 1272 quamdiu
1737 1179 1862 1253 solutio
1890 1179 1966 1274 ipsa

556 1281 762 1389 cineratus
775 1299 822 1374 de
834 1303 980 1395 singulis
997 1311 1135 1374 centum
1154 1302 1266 1374 unciis
1281 1312 1351 1375 tres
1366 1301 1485 1375 uncias
1505 1302 1553 1376 ad
1570 1305 1731 1395 genemle
1750 1303 1888 1398 pondus
1905 1325 1967 1400 per

556 1449 707 1500 mensem
730 1447 793 1522 pro
819 1426 979 1522 dampnis
1003 1437 1038 1500 et
1063 1429 1228 1500 interesse
1249 1427 1294 1500 de
1316 1426 1438 1500 eadem
1460 1427 1607 1522 pecnnia
1632 1427 1726 1500 carie
1751 1436 1865 1500 nostre
1881 1449 1966 1522 per-

556 1553 669 1624 solvas
687 1550 837 1642 cisdem‚
861 1551 1065 1645 provisurus
1083 1559 1199 1623 umen
1216 1557 1255 1645 ut
1276 1549 1432 1645 predicta
1453 1550 1599 1622 termino
1619 1550 1817 1644 quietantur
1841 1571 1886 1622 ne
1907 1571 1967 1646 par

555 1696 684 1747 moram
712 1674 807 1746 curia
836 1681 952 1745 nostra
977 1672 1200 1767 dispendium
1225 1695 1408 1746 usurarum
1437 1672 1604 1746 incurrat.
1633 1676 1682 1746 Tu
1709 1683 1827 1748 autem
1854 1673 1966 1746 soluta

555 1799 631 1892 ipsa
648 1797 795 1893 pecnnia
822 1805 978 1892 patentes
1001 1797 1136 1870 lictsras
1162 1807 1295 1871 nostras
1317 1818 1408 1890 quas
1435 1798 1486 1870 eis
1510 1797 1556 1870 de
1579 1797 1655 1892 ipso
1676 1808 1797 1870 mutuo
1816 1796 1890 1870 fieri
1909 1799 1967 1871 te·

556 1921 679 2010 cimus,
691 1920 837 2015 recipias
852 1920 897 1992 ab
914 1920 1061 2008 eisdem,
1073 1923 1225 1993 tacturus
1239 1921 1336 1994 aliud
1350 1921 1515 2016 seriptum
1530 1930 1725 2016 competens
1739 1922 1784 1995 de
1801 1922 1968 1995 solutione

556 2045 631 2139 ipsa
645 2043 691 2116 ad
708 2043 803 2118 curie
818 2052 934 2116 nostre
952 2045 1134 2117 cautelam.
1545 2113 1547 2116 .

565 2183 570 2196 ·
607 2169 731 2239 Datum
749 2167 886 2252 Gnatdi‚
906 2167 1004 2239 XXX
1016 2167 1178 2258 januarii,
1200 2168 1276 2239 Xlll
1294 2166 1504 2241 indictionis.
1629 2259 1633 2270 .

606 2291 682 2375 Qus
710 2290 826 2362 lictore
854 2289 908 2386 (t)
932 2291 1036 2362 misse
1064 2301 1146 2362 sunt
1177 2311 1240 2387 per
1265 2292 1458 2364 Muscatum
1486 2293 1671 2366 scutarium
1700 2295 1897 2367 marescallo
1921 2295 1965 2368 ad

558 2435 692 2507 regem,
714 2434 775 2509 pro
793 2414 950 2506 eoquod
973 2414 1120 2508 pecunia
1138 2413 1294 2486 nondum
1320 2413 1433 2488 eidem
1458 2416 1628 2508 Roggerio
1642 2415 1729 2510 (ape
1745 2415 1835 2511 regi)
1857 2419 1968 2491 tuerat

559 2537 748 2628 assignata,
770 2544 809 2606 ut
824 2534 916 2607 idem
938 2557 1002 2608 rex
1022 2546 1156 2632 recepta
1179 2537 1327 2632 pecunia
1351 2559 1372 2609 a
1397 2539 1642 2612 mercatoribus
1669 2539 1809 2612 easdem
1835 2541 1968 2614 licteras

559 2659 748 2754 assignaret
766 2658 910 2732 eisdem.

1455 2963 1730 2976 ..ω-η...-

610 3263 831 3348 Mandatum
867 3262 917 3343 ad
944 3261 1193 3370 justitiarium
1221 3259 1460 3370 Principatus
1502 3287 1573 3370 pro
1613 3264 1827 3374 recipiendo
1866 3267 1969 3351 balio

556 3405 680 3478 terrac
703 3404 741 3475 et
764 3391 931 3474 filiorum
955 3393 1151 3500 quondam
1176 3391 1359 3475 Iohannis
1386 3393 1434 3476 de
1455 3393 1623 3502 Hosseu,
1655 3399 1760 3506 quod
1786 3399 1968 3484 hactenus

558 3527 703 3610 Arcaea
721 3549 817 3606 uxor
833 3522 916 3631 ejus
933 3547 1001 3630 per
1018 3523 1165 3605 curiam
1182 3525 1412 3632 procuravit.

638 3725 765 3806 (depost.
780 3724 883 3804 imper.
899 3721 1134 3802 Frcdcr.11,fol.
1150 3733 1188 3786 so
1202 3743 1304 3802 verro;
1317 3729 1350 3788 tn
1365 3727 1437 3790 edit.
1452 3727 1589 3807 Curcum,
1602 3746 1633 3806 p.
1649 3729 1735 3811 aas.)

606 3897 784 3971 Maadoate
808 3897 940 3968 domino
964 3899 1160 3990 imperatore
1177 3919 1242 3992 per
1267 3899 1465 3990 mapistrrtm
1492 3901 1693 3974 discordum
1723 3906 1857 3998 scripsit
1884 3907 1968 4000 Rop-

557 4027 668 4118 9erius
686 4023 725 4094 de
742 4020 906 4095 Salem

606 4147 826 4232 Fredericus‚
849 4153 932 4234 etc,
952 4145 991 4216 Τ.
1014 4145 1060 4219 de
1084 4129 1299 4240 Montenigro
1322 4147 1507 4238 justitiario
1529 4149 1761 4245 Principatus,
1786 4161 1850 4224 etc.
1876 4155 1969 4226 Licet

556 4269 779 4345 consideratis
796 4267 903 4362 gratis
924 4269 1073 4341 servitiis
1090 4278 1124 4340 et
1146 4267 1229 4342 fidei
1247 4271 1377 4344 meritis
1394 4271 1572 4366 qnondam
1590 4272 1754 4346 Iohannis
1772 4272 1817 4346 de
1834 4275 1967 4348 Hossen

556 4391 668 4466 fidelis
690 4392 811 4477 nostri,
831 4388 967 4463 dudum
990 4391 1119 4463 Aroase
1143 4392 1246 4464 uxori
1266 4393 1341 4484 ejus
1360 4391 1489 4466 balium
1507 4391 1657 4466 filiorum
1674 4403 1709 4468 et
1727 4405 1816 4469 terre
1838 4419 1902 4469 sue
1923 4398 1969 4472 de

555 4517 692 4612 speciali
715 4515 824 4611 gratia
845 4523 961 4588 nostra
980 4511 1184 4588 duxerimus
1201 4515 1458 4589 immictendnm
1482 4529 1517 4590 ct
1535 4519 1792 4612 procurandum
1810 4543 1872 4616 per
1890 4542 1967 4594 eam

570 4683 653 4704 Ρ...-
658 4684 904 4694 -...-.-.--.-..-·.-
911 4684 999 4692 ......--
1005 4684 1045 4690 .-..
1059 4685 1077 4691 ..
1084 4685 1097 4690 -
1104 4684 1134 4691 ....
1141 4683 1192 4691 .-.ο
1199 4685 1250 4691 —...
1258 4685 1683 4697 ---.--—---·--·-—-——ae

591 4767 628 4840 (t)
647 4765 753 4824 Scilicet
765 4765 869 4822 litterae
882 4769 1002 4838 patentes
1016 4779 1086 4837 quae
1100 4778 1193 4838 supra.
