4358 5996
215 655 314 714 lrrurcr.
332 649 394 728 la]
662 649 858 710 HISTORIA
884 649 1181 711 ulrnolrarlca
1547 651 1625 712 1015

214 807 235 858 e
255 781 451 858 sanctuario
464 781 528 854 Dei
550 803 692 854 suarum
711 783 900 856 vindictam
917 784 1173 860 inimicitiarum
1188 803 1369 870 exercens,
1390 781 1506 855 reddit
1523 779 1625 878 (proh

215 904 349 1002 dotort)
365 904 497 978 mundo
510 906 710 996 notabilem,
730 915 768 978 ut
783 907 851 980 sub
867 915 934 978 tam
950 907 1156 979 inconstanti
1169 917 1203 978 et
1214 906 1357 978 volubili
1377 927 1490 978 rerum
1510 917 1626 980 actore

214 1031 276 1124 qui
294 1028 465 1125 presidet,
486 1037 521 1102 et
542 1028 682 1102 nomine
698 1029 852 1103 llcclesie
871 1030 1010 1104 diversa
1024 1031 1138 1102 variat
1156 1038 1190 1102 et
1208 1029 1392 1122 confingit,
1413 1031 1626 1126 experientia

214 1153 296 1227 tacti
313 1153 470 1248 singulos
485 1151 665 1246 edocente,
677 1174 749 1226 non
766 1153 935 1226 immerito
951 1155 996 1225 ab
1009 1153 1172 1243 Ecclesia,
1189 1173 1251 1248 pro
1267 1153 1343 1244 ejus
1357 1153 1493 1247 preside
1506 1176 1546 1226 ac
1561 1175 1626 1227 ex·

216 1285 312 1370 porto
335 1287 450 1371 patre,
476 1276 648 1349 mendacii
670 1273 871 1350 meticulosa
890 1277 1041 1373 suspicio
1064 1276 1228 1349 cordibus
1245 1274 1424 1346 hominum
1442 1276 1623 1350 inseratur.

217 1399 431 1495 Quapropter
448 1399 667 1473 devotionem
690 1409 785 1472 tuam
805 1401 1037 1495 contingentia
1055 1421 1124 1474 non
1147 1400 1297 1495 patimur
1319 1399 1488 1492 ignorare.
1510 1401 1628 1496 Nuper

219 1523 312 1596 enim
326 1545 387 1617 per
398 1522 568 1618 quosdam
581 1521 626 1594 de
637 1524 826 1616 majoribus
839 1525 1001 1596 iratribus
1013 1524 1086 1598 suis
1099 1534 1134 1595 et
1146 1523 1325 1616 religiosos
1336 1523 1525 1596 aliosviros
1536 1524 1628 1619 aspi-

218 1655 333 1719 rantes
344 1645 391 1719 ad
407 1645 565 1740 quietum
579 1646 731 1718 Ecclesia
744 1655 870 1720 statum
887 1656 922 1720 et
938 1647 1003 1742 piis
1018 1649 1166 1720 zelantes
1182 1645 1361 1719 desideriis
1374 1648 1505 1720 bonnm
1519 1648 1625 1742 pacis,

219 1768 374 1844 adbibita
389 1777 441 1840 ast
457 1790 540 1841 cura
555 1769 757 1863 propensior
774 1769 973 1843 inveniendi
987 1769 1130 1842 modum
1145 1779 1178 1841 et
1191 1767 1344 1842 habendi
1361 1777 1553 1862 tractatum,
1567 1792 1630 1866 per

217 1914 323 1986 quam
339 1892 429 1965 inter
451 1913 534 1984 nos,
553 1891 751 1986 pontificem
775 1899 809 1964 et
831 1893 1028 1987 phariseum
1047 1893 1170 1984 istum,
1199 1901 1317 1965 contra
1338 1893 1445 1966 nostri
1464 1891 1630 1966 honorem
1660 1974 1661 1978 Ἴ

219 2014 369 2088 nominis
385 2037 493 2110 prava
511 2015 653 2088 consilia
675 2015 909 2110 colligentem,
936 2015 982 2088 ad
1007 2025 1137 2088 certum
1157 2025 1294 2111 tempus
1315 2024 1513 2110 treugarum
1535 2037 1629 2089 com·

220 2139 345 2234 positio
356 2137 466 2228 lieret,
482 2138 572 2210 inlra
586 2139 682 2232 quod
699 2161 760 2234 per
777 2149 824 2230 te,
840 2160 944 2233 quem
963 2139 1133 2211 habemus
1147 2139 1290 2212 inomni
1312 2139 1496 2212 dilectione
1514 2125 1631 2236 preci-

219 2285 347 2357 puum,
369 2272 403 2335 et
420 2263 505 2336 alios
525 2261 698 2357 principes
713 2262 807 2336 orbis
821 2271 929 2354 terre,
950 2261 996 2334 ad
1011 2261 1144 2352 integre
1160 2263 1255 2357 pacis
1275 2261 1550 2335 reformationem
1568 2285 1631 2360 op·

218 2385 411 2480 portunitas
429 2383 643 2458 commodior
659 2384 855 2457 baberetur.
875 2385 1031 2478 Cumque
1056 2405 1119 2458 nos
1139 2384 1262 2458 iisdem
1284 2385 1369 2458 viris
1394 2385 1632 2459 inventoribus

219 2509 326 2601 hujus
341 2509 419 2600 rie,
440 2519 552 2604 preter
568 2531 664 2604 spem
688 2519 722 2582 et
740 2509 930 2600 creditum,
948 2531 1012 2606 pro
1029 2510 1180 2584 Ecclesia
1205 2510 1396 2584 reverentia
1416 2512 1632 2585 condescen-

220 2631 303 2705 dere
320 2631 555 2724 dignaramur,
575 2631 762 2728 Gregorius
779 2634 893 2708 dictus
905 2655 995 2730 papa
1009 2635 1146 2729 petebat
1161 2632 1372 2706 Lombardos
1389 2634 1533 2707 rebelles
1547 2657 1633 2708 nos·

222 2763 291 2828 tros
304 2763 340 2828 et
354 2755 462 2828 nostri
476 2755 636 2828 bannitos
655 2756 788 2851 imperii
807 2758 937 2849 treugis
960 2757 1043 2852 ipsis
1061 2756 1189 2830 debere
1206 2756 1346 2827 muniri.
1366 2755 1499 2840 Quibus
1510 2759 1631 2830 exclu-

220 2875 268 2952 sis
286 2887 426 2973 treugas
449 2880 542 2975 ipsas
564 2898 633 2953 non
656 2889 789 2975 poterat
805 2889 1002 2975 acceptare,
1023 2888 1063 2950 ut
1086 2878 1333 2952 evidentiorem
1354 2877 1450 2952 daret
1471 2881 1632 2954 omnibus

88 3066 89 3073 ,
221 3003 443 3094 intellectum,
463 3002 559 3098 quod
572 3004 755 3098 negocium
770 3005 951 3077 rebellium
963 3002 1232 3076 Lombardorum
1247 3002 1333 3074 lovit
1343 3010 1379 3075 et
1392 3003 1486 3076 levet
1499 3005 1535 3074 in
1551 3024 1633 3076 nos-

221 3133 313 3198 trum
334 3125 457 3199 odium
482 3127 720 3218 manifestum
742 3127 829 3200 illud
857 3147 981 3218 gerens
1002 3135 1037 3199 at
1059 3135 1222 3221 reputans
1248 3126 1344 3198 velut
1366 3149 1486 3219 suum,
1514 3149 1633 3222 quan-

220 3269 327 3342 quam
337 3247 507 3321 bactenua
517 3249 604 3322 alias
619 3249 775 3343 palliaret
788 3249 884 3342 quod
899 3269 968 3321 non
985 3249 1021 3320 in
1038 3251 1190 3322 favorem
1201 3249 1367 3344 ipsorum,
1384 3249 1447 3322 sed
1460 3250 1506 3324 ob
1525 3258 1633 3324 trans·

221 3371 415 3463 gressiones
430 3379 564 3444 nostras
577 3372 683 3463 alias,
702 3393 790 3467 quas
805 3371 968 3466 lingebat,
989 3381 1106 3445 contra
1127 3393 1190 3445 nos
1206 3371 1252 3444 ad
1270 3353 1633 3450 excommunicationis
1667 3385 1670 3396 '

222 3497 424 3568 seutentiam
440 3496 674 3590 processisset.
700 3495 803 3582 Quod
821 3496 1035 3568 intolerabile
1050 3496 1166 3568 visum
1183 3504 1235 3570 est
1250 3497 1373 3587 nobis,
1394 3507 1433 3569 ut
1448 3499 1633 3572 rebellibus

223 3619 349 3692 noeais
369 3617 504 3691 diutino
521 3641 723 3713 guerrarum
743 3619 943 3693 discrimine
962 3620 1110 3712 fatigatis
1129 3629 1164 3693 et
1181 3621 1217 3694 in
1236 3621 1356 3714 majori
1378 3630 1475 3716 parte
1490 3621 1631 3718 depres-

225 3741 285 3832 sis,
304 3749 444 3835 benges
466 3742 655 3816 concedere
672 3741 892 3816 deberemus.
910 3741 967 3815 Ad
985 3763 1134 3837 quornm
1150 3744 1422 3839 persecutionem
1441 3753 1477 3818 et
1497 3744 1632 3818 vindic·

223 3871 291 3936 tam
311 3863 477 3956 accincti,
496 3865 626 3940 vexilla
645 3865 802 3940 victricia
821 3874 856 3939 et
877 3866 1092 3960 prepotentia
1109 3875 1220 3940 castra
1243 3876 1358 3940 nostra
1384 3867 1634 3964 triumphaliter

224 3985 391 4060 duximus
416 3986 610 4062 educenda.
629 3989 672 4062 Et
695 3989 777 4062 licet
798 3988 900 4061 nobis
925 3989 962 4060 in
990 3987 1140 4062 confinio
1162 3990 1406 4064 castrametatis
1427 3991 1630 4086 Campania,

224 4117 465 4204 suggereretur
476 4112 641 4185 instanter
654 4112 699 4186 ad
716 4113 909 4206 ingressum
926 4111 1019 4184 illius
1031 4112 1221 4206 provincie,
1234 4112 1313 4187 data
1329 4115 1429 4210 plena
1443 4111 1571 4186 fiducia
1587 4115 1632 4189 de

223 4232 378 4324 obtentu,
396 4255 501 4329 super
518 4256 588 4328 quo
604 4235 731 4310 doloris
749 4235 888 4330 gladius
904 4234 951 4307 ad
969 4235 1181 4327 injuriatoris
1199 4237 1305 4309 nostri
1321 4237 1470 4308 animam
1483 4245 1632 4331 pertran-

223 4355 326 4447 siret,
346 4377 412 4428 nos
430 4366 546 4431 tamen
569 4357 615 4430 ad
639 4380 780 4454 presens
804 4359 853 4430 ob
873 4357 1039 4432 bonorem
1055 4358 1118 4431 Dei
1143 4367 1178 4431 et
1202 4359 1428 4432 reverentiam
1453 4359 1631 4432 beatorum

224 4481 457 4574 apostolorum
474 4481 565 4554 Petri
582 4490 617 4554 et
633 4481 751 4571 Pauli,
776 4482 925 4577 quibus,
945 4491 1065 4577 utpote
1078 4483 1140 4576 qni
1164 4504 1301 4556 sacrum
1318 4483 1451 4578 imperii
1469 4483 1632 4558 diadema

224 4601 269 4674 de
282 4623 343 4676 ara
363 4601 456 4676 beati
469 4603 560 4678 Petri
576 4604 811 4700 suscepimus,
829 4625 905 4678 esse
925 4605 1087 4679 volumus
1102 4627 1172 4678 non
1195 4607 1340 4700 ingrati,
1365 4608 1411 4680 ab
1425 4606 1581 4700 ingressu
1597 4617 1633 4681 et

224 4726 421 4820 receptione
442 4723 551 4822 ipsius
570 4736 660 4800 terre
682 4727 876 4801 destitimus
897 4754 906 4800 ι
923 4738 1143 4824 expectantes
1161 4729 1296 4802 interim
1319 4730 1348 4802 si
1371 4738 1525 4802 nostrum
1542 4730 1632 4823 inju-
