4524 6012
260 702 354 762 trucr.
373 695 434 780 le}
708 693 908 757 HISTORIA
932 693 1227 756 ntenotranlcn
1612 691 1673 758 '105

261 833 295 906 id
312 829 500 926 diligenter
519 831 645 919 iacias3
664 828 711 902 ad
727 851 870 926 pressus
890 839 1091 902 tamennon
1113 827 1257 923 expedit
1277 849 1356 900 cum
1375 829 1410 900 in
1433 829 1500 902 illis
1519 831 1673 923 partibus

260 977 327 1028 non
340 975 528 1028 moremur.
546 955 597 1026 De
613 951 785 1025 habendis
801 961 918 1025 autem
928 951 1069 1024 duobos
1082 951 1237 1042 notariis,
1254 961 1293 1023 ul
1303 951 1422 1026 lictere
1438 953 1670 1044 continebant,

259 1099 476 1172 nequaquam
488 1075 642 1149 vidimus
653 1075 835 1170 expedire,
850 1075 913 1148 sed
930 1097 1009 1147 cum
1025 1073 1108 1147 salis
1119 1095 1212 1148 unus
1222 1075 1371 1148 sufficiat
1386 1085 1425 1146 ut
1440 1076 1534 1150 nulla
1549 1077 1594 1149 sit
1610 1077 1671 1150 tibi

258 1201 405 1290 occasio,
422 1201 588 1274 volumus
602 1197 698 1293 qnod
715 1221 824 1271 unum
841 1199 1013 1272 notarium
1032 1197 1182 1272 retineas
1203 1197 1268 1270 sub
1288 1198 1454 1293 expensis
1471 1199 1595 1271 nostris
1609 1221 1672 1294 pro

258 1345 294 1396 ee
307 1334 344 1396 el
358 1343 431 1394 uno
444 1344 535 1418 equo
555 1323 658 1414 juxta
674 1321 818 1395 assisam
843 1323 955 1411 curie,
974 1331 1009 1394 et
1032 1342 1097 1418 pro
1114 1321 1239 1394 salerio
1256 1341 1321 1394 suo
1340 1320 1450 1394 desei
1465 1321 1510 1394 de
1523 1323 1671 1417 pecunie

258 1447 352 1520 curie
369 1455 486 1519 nostre
506 1468 577 1539 que
599 1456 651 1518 est
672 1441 735 1540 p'er
756 1467 882 1518 manus
902 1455 980 1518 tuns
997 1453 1075 1518 coto
1098 1445 1221 1518 uncias
1242 1445 1317 1516 auri
1343 1443 1388 1518 ad
1406 1442 1500 1518 idem
1516 1444 1667 1542 pondus.

257 1569 424 1642 Volumus
436 1570 539 1642 etiam
553 1569 652 1663 quod
665 1591 727 1664 pro
740 1571 937 1643 munitione
946 1578 1136 1643 castrorum
1154 1577 1346 1642 nostrornm
1358 1569 1509 1664 ipserum
1522 1571 1671 1664 partium

258 1692 303 1766 ad
334 1693 592 1788 requisitionem
617 1693 659 1766 G.
688 1693 734 1766 de
762 1694 946 1766 laurentio
976 1691 1021 1766 dc
1047 1695 1172 1766 Suessa
1198 1692 1387 1788 provisoris
1410 1713 1530 1766 eorum
1556 1695 1671 1768 solves

261 1817 441 1912 pecuniam
454 1827 677 1913 oportunam
694 1825 730 1888 tu
745 1827 893 1890 attamen
908 1817 1279 1890 circerecollectionem
1292 1818 1436 1912 pecunie
1448 1817 1671 1892 curiencstre
1765 1807 1768 1814 ’

259 1939 376 2014 debite
390 1939 557 2012 sollicitus
572 1950 607 2012 et
621 1948 778 2012 actentus
794 1941 919 2012 existas
937 1953 976 2012 ut
989 1939 1208 2014 devotionem
1227 1953 1342 2032 tuam,
1361 1951 1428 2014 etc.

304 2055 433 2138 Datum
450 2062 626 2158 Fulginei,
646 2063 661 2134 l
680 2063 864 2154 februarii,
881 2064 957 2136 lllll
972 2062 1182 2138 indictionis.

517 2353 522 2364 ῃ
537 2351 1027 2364 mann-n·
1034 2355 1397 2368 nomm—-

308 2632 532 2715 Mandatum
551 2635 600 2715 ad
627 2633 851 2718 Riocnrdum
869 2638 917 2719 de
938 2637 1098 2748 Puloaro
1120 2640 1168 2721 de
1186 2643 1407 2726 revocandis
1425 2645 1576 2730 duobus
1593 2675 1667 2732 ca-
1721 2725 1732 2746 ,
1771 2662 1843 2716 ⁸¹⁸¹·

257 2764 401 2847 salibus
419 2775 457 2846 et
474 2767 643 2874 quodam
663 2766 774 2850 feodo
792 2770 988 2878 quondam
1004 2769 1186 2856 iohannis
1201 2773 1255 2868 ,de
1273 2775 1485 2884 Ademaro,
1505 2805 1605 2887 quae
1628 2782 1666 2863 in

256 2895 529 3006 praejudicium
548 2897 676 2979 curiae
694 2907 796 2980 tenet
809 2897 928 3008 judex
946 2899 1161 2984 Bernardus
1180 2904 1228 2985 de
1247 2905 1431 2991 livellino.

338 3095 465 3178 (itaquel.
480 3099 583 3178 imper.
598 3095 718 3160 Mer.
734 3099 775 3174 11,
790 3099 844 3160 iol.
860 3107 895 3160 ct
913 3117 1016 3174 veram
1031 3105 1063 3164 ln
1076 3104 1148 3164 edll.
1166 3104 1301 3180 cumn,
1317 3124 1346 3185 p.
1364 3109 1447 3188 881.)

302 3267 487 3341 Mordoula
519 3269 652 3342 mnino
687 3273 887 3366 imperatore
912 3296 973 3366 per
1000 3279 1196 3368 mcqistmm
1226 3280 1422 3353 liicccrdum
1454 3285 1495 3355 de
1522 3287 1670 3382 'l'rcjeelo

254 3394 391 3485 scripsit
406 3395 553 3465 udonus
564 3397 606 3466 lt.
628 3395 668 3465 dc
685 3395 847 3468 Salano:

304 3515 524 3607 Fredericus,
549 3527 633 3609 eto,
659 3517 829 3592 Ricoardc
852 3519 897 3592 de
921 3521 1081 3613 Poleam,
1105 3532 1172 3597 etc.
1197 3523 1252 3598 Ad
1277 3527 1491 3604 audientiam
1518 3547 1668 3612 nostram

257 3661 370 3735 nuper
387 3642 545 3736 pervenit
563 3641 660 3736 quod
673 3642 786 3736 judex
806 3643 1002 3718 Bernartius
1019 3645 1065 3719 de
1082 3645 1241 3720 livellino
1251 3650 1428 3743 quoddam
1446 3658 1558 3731 casale
1573 3663 1669 3755 quod

258 3759 386 3834 dicitur
402 3761 543 3836 aliunde
565 3765 803 3853 Nuoclletum,
820 3765 997 3858 quoddam
1013 3768 1109 3862 quod
1127 3768 1252 3842 dicitur
1268 3773 1493 3850 Baunirosule
1510 3790 1545 3854 et
1558 3785 1670 3877 quod-

258 3880 338 3956 dam
357 3885 497 3957 ieodum
520 3887 615 3981 quod
641 3889 747 3960 luisse
772 3889 947 3982 quondam
972 3890 1099 3963 dicitur
1119 3893 1283 3966 iohannis
1310 3896 1355 3969 dc
1381 3897 1573 3994 Ademaro,
1599 3930 1669 4001 que

255 4007 369 4078 omnia
383 4007 430 4080 ad
445 4007 645 4082 demanium
669 4019 825 4082 nostrum
845 4011 1018 4106 pertinere
1040 4014 1221 4106 dicuntur,
1242 4018 1373 4092 detinet
1391 4023 1426 4094 in
1444 4035 1558 4099 nostre
1575 4029 1669 4101 curie

255 4129 485 4224 prejudicium
502 4139 537 4204 et
560 4153 630 4204 uon
652 4133 824 4206 modicam
844 4135 1027 4227 lesionem,
1047 4159 1088 4209 nc
1107 4160 1186 4211 cum
1208 4141 1387 4216 inventum
1411 4149 1516 4222 fuisse
1534 4149 1669 4224 dicatur

255 4275 316 4347 per
344 4255 600 4350 inquisitionem
630 4257 764 4330 dudum
793 4260 917 4332 lacum
948 4283 1009 4356 per
1031 4261 1183 4355 judicem
1207 4266 1429 4362 Peregrinum
1449 4273 1493 4347 de
1511 4275 1664 4370 (Inserta,

255 4377 337 4448 olim
350 4389 583 4452 revocatorem
596 4380 748 4476 ipsarum
764 4383 924 4478 partium,
940 4385 1093 4480 predicta
1107 4389 1223 4460 omnia
1238 4391 1284 4464 ad
1299 4403 1452 4466 nostrum
1468 4397 1667 4474 demanium

256 4501 444 4592 pertinere,
477 4525 540 4600 per
569 4503 737 4577 incuriam
772 4515 1029 4600 procuratorum
1061 4509 1212 4585 demanii
1244 4519 1347 4589 nostri
1375 4541 1482 4614 penes
1505 4525 1667 4599 eumdem

253 4619 405 4711 judicem
421 4625 461 4696 B.
479 4627 555 4722 ipsa
567 4627 684 4700 omnia
699 4639 950 4701 remanserunt.
966 4631 1093 4704 Verum
1106 4635 1188 4728 quia
1204 4640 1275 4732 pati
1292 4641 1451 4716 nolumus
1462 4645 1540 4738 jura
1554 4657 1669 4723 nostra

256 4742 303 4814 nb
321 4745 435 4842 aliquo
452 4747 609 4843 detineri,
628 4749 783 4826 fidelitati
801 4761 860 4826 tue
873 4751 1096 4850 precipiendo
1111 4761 1317 4836 mandamus
1329 4777 1499 4862 quatenus
1516 4771 1670 4866 inquiras
