4524 6012
506 681 569 744 ete
1005 677 1219 740 tuttelstet
1240 677 1413 739 succum
1731 678 1810 756 [err.
1827 678 1917 744 12⁴0.

508 810 755 886 usufruendum
774 810 841 884 sibi
863 830 1044 903 quousque
1064 809 1108 882 de
1133 810 1210 904 ipsa
1229 809 1376 904 pecunie
1396 808 1607 902 quietnretnr
1624 830 1645 880 e
1664 809 1786 898 uobis,
1807 818 1841 881 et
1860 831 1919 882 oo·

509 936 647 1010 cesione
670 955 795 1027 guerre
817 932 936 1006 villam
958 934 1068 1026 ipsum
1095 932 1223 1006 bebere
1248 954 1318 1006 non
1341 933 1452 1028 potuit
1478 953 1543 1004 nec
1568 940 1703 1022 tenere,
1731 934 1919 1004 luceremus

508 1057 665 1132 exhiberi
690 1057 757 1128 sihi
774 1077 836 1151 per
859 1065 894 1129 te
911 1064 1020 1130 estate
1041 1057 1203 1150 proximo
1229 1057 1345 1128 futuru
1362 1056 1398 1126 iu
1418 1053 1545 1151 Apulia
1569 1053 1615 1127 de
1637 1057 1811 1128 frumento
1827 1075 1919 1129 uovo

509 1181 605 1254 curie
618 1189 745 1270 nostre,
761 1179 807 1251 nd
824 1179 992 1252 rationem
1011 1178 1057 1252 de
1070 1177 1197 1252 tureuis
1210 1178 1330 1252 decem
1345 1200 1408 1273 per
1420 1179 1577 1269 selmum
1591 1178 1629 1250 in
1641 1199 1777 1250 summa
1792 1178 1920 1252 selmus

507 1303 748 1399 quatuormilia
770 1301 1044 1396 quadringentas
1069 1303 1251 1396 sexaginte
1275 1303 1365 1376 dues
1391 1311 1426 1374 et
1450 1301 1618 1392 medium,
1646 1302 1851 1375 extruendas
1875 1303 1920 1376 de

462 1438 469 1450 '
508 1449 617 1522 regno
641 1427 747 1500 libere
773 1434 808 1498 et
831 1425 906 1497 sine
922 1425 1040 1519 aliquo
1062 1425 1143 1516 jure
1165 1433 1302 1520 portus,
1326 1425 1459 1499 lundici
1475 1435 1510 1498 et
1524 1426 1637 1499 duone
1659 1448 1700 1499 uc
1714 1426 1920 1500 deterendus

509 1570 731 1644 quocumque
749 1548 897 1620 voluerit
912 1557 1011 1622 extre
1029 1570 1174 1641 regnum
1192 1560 1305 1643 preter
1326 1571 1431 1643 qnam
1445 1549 1616 1622 Venutius.
1637 1550 1752 1635 Quare
1775 1550 1919 1624 menda·

509 1695 588 1746 mus
603 1681 780 1767 quatenus
804 1680 911 1744 estete
934 1672 1045 1766 primo
1061 1672 1177 1744 lutura
1203 1671 1247 1745 de
1273 1693 1365 1744 uovo
1388 1674 1558 1746 frumento
1580 1673 1676 1745 curie
1700 1683 1816 1746 nostre
1838 1696 1921 1769 pre·

509 1797 619 1871 dictes
650 1797 776 1868 salmas
805 1796 1049 1889 quotuormilie
1078 1795 1351 1890 quadringentas
1384 1797 1566 1889 sexaginta
1594 1797 1682 1869 duos
1712 1806 1746 1869 et
1773 1797 1920 1870 medium

508 1921 657 2016 losepho
671 1922 716 1993 de
733 1919 930 1992 Brundusio
952 1929 987 1991 et
1007 1919 1205 1993 Diethmuro
1223 1919 1389 1992 latoribus
1408 1921 1617 2012 presentium
1636 1941 1699 2015 pro
1723 1929 1820 2015 perte
1838 1920 1921 1993 dicti

510 2045 664 2128 Remini,
690 2043 795 2116 secius
815 2043 994 2133 exhiberi,
1014 2044 1223 2137 permictens
1243 2045 1294 2117 eis
1311 2044 1446 2116 extrahi
1461 2045 1506 2118 de
1523 2043 1692 2140 portubus
1712 2045 1801 2117 inire
1818 2045 1922 2136 juris·

511 2169 695 2243 dictionem
727 2177 822 2240 tuem
849 2167 970 2262 positis
999 2167 1106 2239 libere
1134 2176 1169 2238 et
1193 2168 1270 2240 sins
1293 2167 1409 2260 sliqno
1435 2169 1515 2259 jure
1540 2167 1719 2262 predicto,
1749 2177 1784 2239 et
1808 2177 1922 2262 preter

510 2315 615 2388 quem
643 2291 804 2363 Venutius
833 2290 958 2364 deferri
995 2291 1209 2384 ubicumque
1237 2289 1411 2364 volueriut
1441 2301 1539 2363 extra
1571 2313 1737 2384 regnum
1768 2298 1923 2385 petentes

511 2417 616 2489 etium
633 2415 767 2490 listerus
789 2425 924 2487 nostras
939 2415 985 2488 ab
1001 2415 1052 2488 eis
1064 2423 1099 2486 et
1116 2413 1162 2488 ad
1178 2415 1273 2488 curie
1285 2422 1401 2488 nostre
1418 2416 1587 2488 cantelam
1605 2414 1770 2508 scriptum
1788 2434 1922 2508 compe

511 2551 587 2614 tens
606 2551 821 2633 recepturus.

560 2666 684 2735 [lutum
703 2663 798 2758 epud
816 2662 992 2754 Arretium,
1013 2660 1075 2734 XV
1091 2661 1260 2755 J'uunerii,
1282 2663 1362 2734 Xlll
1381 2661 1592 2734 indictionis.

560 2788 694 2860 Similes
709 2810 730 2859 u
747 2787 916 2882 principio
933 2810 1045 2881 nsque
1063 2787 1109 2860 ud
1124 2785 1378 2859 conclusionem
1398 2795 1551 2880 putentes
1566 2783 1702 2878 scripsit
1716 2780 1822 2856 idem.

559 2913 652 2986 XVII
665 2912 784 3004 madii,
798 2911 876 2984 Xlll
891 2911 1100 3001 indictionis,
1117 2921 1279 2982 renovate
1296 2917 1377 2981 sunt
1388 2909 1584 3004 superiores
1601 2907 1716 2979 lictore
1730 2905 1812 2978 dicti
1829 2906 1922 2976 Hen-

512 3035 574 3108 rici
592 3035 639 3108 od
655 3037 694 3109 P.
716 3036 762 3109 de
777 3035 937 3109 Cesteldo
954 3037 1157 3128 magistrum
1178 3043 1432 3128 procuratorem
1452 3032 1546 3104 curie
1567 3032 1644 3104 lucu
1667 3030 1751 3103 dicti
1769 3029 1921 3102 Alexan-

513 3162 567 3235 dri
585 3169 763 3233 statutum.
782 3159 878 3254 (Vide
891 3159 990 3252 infra
1004 3158 1050 3228 od
1066 3159 1171 3228 locum
1188 3153 1316 3250 suom.)

729 3473 1030 3486 -———

448 3882 454 3894 ι
570 3769 805 3876 Fridericus,
835 3763 1097 3849 Romanorum
1135 3761 1355 3870 imperator,
1385 3760 1635 3844 Bomomoum
1664 3759 1712 3840 de
1740 3757 1922 3853 Cortona,

398 3999 400 4004 ,
517 3905 641 3990 filium
663 3900 859 4013 quondum
884 3895 1043 4005 Peponis
1065 3891 1268 4000 tilbertiui‚
1296 3891 1492 4001 publicum
1513 3891 1661 4000 imperii
1683 3887 1925 3973 tabellionem

518 4037 725 4125 coustituit.

601 4239 769 4320 (Memorat.
780 4237 811 4294 tn
819 4225 945 4312 Epistol.
957 4228 1066 4290 manc.
1075 4225 1214 4288 Bmwtoit
1225 4241 1274 4303 up.
1283 4221 1371 4286 Ant.
1381 4230 1453 4286 utor.
1462 4220 1540 4298 ital..
1549 4221 1699 4300 oppone„
1709 4228 1742 4282 u⁰
1753 4228 1803 4297 1²,
1811 4235 1840 4295 p.
1853 4225 1923 4289 tot,

638 4362 677 4407 ex
694 4345 796 4422 regist.
809 4345 900 4400 veter.
913 4341 1046 4398 wuston.
1063 4340 1127 4394 not.
1142 4334 1301 4396 mesum
1313 4335 1345 4394 ln
1358 4331 1441 4394 ench.
1455 4346 1565 4392 comm.
1579 4329 1714 4402 Cotton„
1728 4326 1752 4385 l.
1768 4333 1806 4385 tlt
1820 4321 1923 4400 recto.)

569 4519 780 4606 Fridericus,
798 4513 862 4586 Dei
879 4511 988 4604 grstia
1003 4508 1234 4580 Romanorum
1255 4507 1439 4600 imperator
1460 4522 1597 4598 semper
1617 4507 1805 4593 angustus,
1828 4497 1926 4569 Jeru-

520 4647 626 4724 sulem
638 4653 673 4718 et
683 4639 797 4716 Sicilie
811 4657 887 4710 rex.
901 4635 965 4706 Per
979 4651 1121 4728 presens
1134 4629 1298 4724 scriptum
1314 4637 1434 4701 notum
1448 4626 1593 4699 lecimus
1607 4621 1776 4698 universis
1790 4619 1926 4720 imperii

520 4770 682 4847 fidelibus
699 4775 768 4838 tum
787 4757 1003 4857 presentibus
1016 4775 1122 4850 quum
1139 4753 1263 4826 suturis
1276 4751 1372 4848 quod
1383 4771 1446 4824 uos
1458 4750 1670 4826 confidentes
1683 4748 1728 4822 de
1743 4743 1926 4843 prudentie
