4384 6004
532 659 611 722 1078
1033 651 1247 717 autentici
1272 650 1448 713 securint
1751 652 1832 734 [Ain
1850 656 1935 720 lato.

529 795 629 889 plene
648 801 885 884 cognosceret,
907 791 953 864 de
971 791 1062 864 lucili
1090 791 1177 864 scire
1203 795 1319 883 posset
1337 785 1425 879 qnid
1446 785 1483 857 in
1508 785 1575 858 boc
1598 787 1754 860 vocantis
1777 791 1938 886 ambiguo

529 919 641 990 lacere
657 916 850 1011 expediret.
867 916 911 988 Ut
927 925 1042 987 autem
1058 913 1104 987 de
1118 910 1338 1006 gravioribus
1349 907 1497 982 dbcutio
1509 908 1620 1004 primo
1640 907 1710 1002 liat,
1729 912 1842 1006 primo
1855 917 1939 1009 peri·

528 1040 683 1112 culorum
701 1039 980 1111 concurrentium
998 1037 1206 1109 universitas
1224 1034 1260 1108 in
1281 1042 1406 1106 matera
1426 1030 1607 1129 prudentis
1621 1033 1795 1107 examinis
1816 1037 1939 1132 singu-

527 1163 642 1236 lariter
655 1161 908 1256 appendantur.
923 1163 1011 1233 Sunt
1024 1161 1117 1232 enim
1132 1169 1180 1231 tot
1197 1169 1232 1230 et
1251 1167 1345 1229 tauta
1360 1155 1512 1252 pericula
1531 1155 1568 1226 in
1586 1163 1692 1246 terra,
1712 1158 1748 1228 in
1762 1181 1843 1233 aare
1856 1170 1891 1232 et
1903 1162 1938 1234 in

526 1287 613 1359 mari
629 1307 698 1380 qne
711 1285 863 1357 bumana
875 1283 1095 1380 providentia
1109 1303 1181 1355 uon
1199 1289 1362 1376 poterunt
1382 1279 1524 1368 evitari,
1540 1300 1609 1374 qne
1626 1279 1656 1350 si
1673 1281 1753 1374 quis
1766 1281 1939 1378 inopinato

527 1430 610 1482 casu
623 1410 738 1482 lorsau
752 1409 913 1499 evaserit,
931 1407 1032 1479 Urbis
1045 1415 1161 1479 tumen
1174 1403 1347 1476 inurbane
1357 1402 1511 1498 pericula
1521 1423 1590 1475 non
1601 1402 1740 1476 evadet.
1753 1403 1939 1500 Sedquum

527 1554 589 1628 per
603 1542 728 1606 terram
747 1539 841 1627 patet
858 1531 1024 1605 violentia
1037 1527 1208 1604 moriendi
1222 1547 1332 1623 quum
1345 1525 1553 1622 possibilitas
1565 1527 1767 1600 transeundi
1783 1528 1829 1600 de
1844 1530 1940 1603 terris

526 1657 687 1752 periculis
709 1656 925 1752 pretermisso
947 1653 1016 1750 (a),
1039 1653 1190 1750 plurium
1212 1651 1358 1724 aliorum
1383 1649 1662 1722 concurrentium
1685 1651 1828 1724 aliunde
1847 1653 1941 1726 sevi·

527 1780 610 1852 tiam
630 1779 789 1874 primitus
816 1777 1001 1852 attendatis
1024 1797 1130 1870 quam
1158 1775 1209 1847 eis
1233 1771 1429 1869 impmvide
1452 1772 1635 1866 ingeratis,
1654 1774 1735 1870 quia
1761 1775 1870 1848 tutius
1892 1787 1942 1850 est

527 1878 606 1976 ilie
629 1901 828 1975 discrimina
853 1901 985 1975 resitire
1004 1921 1110 1994 quam
1133 1920 1171 1972 sc
1192 1897 1450 1970 moliminibus
1473 1897 1727 1992 implicabiliter
1749 1899 1937 1996 inplicam,

527 2025 731 2119 cautiusque
743 2025 881 2098 videtur
894 2023 1093 2096 morborum
1107 2020 1277 2116 principia
1295 2017 1459 2114 prudenti
1475 2017 1630 2092 remedio
1643 2021 1826 2113 prevenire
1837 2045 1940 2118 quam

527 2155 604 2242 post
617 2147 900 2219 -invalescentiam
912 2145 1148 2240 egritudinum
1165 2143 1379 2215 iulmctuosa
1393 2140 1623 2215 medicamina
1635 2143 1845 2218 mendicare.
1857 2147 1941 2218 Sunt

527 2279 643 2344 autem
668 2269 733 2342 bec
761 2271 796 2341 in
819 2271 904 2342 mari
931 2270 1116 2364 pericula:
1149 2267 1247 2362 panis
1275 2264 1519 2356 indigestibilis
1543 2273 1579 2337 ct
1601 2265 1792 2360 bisancius,
1817 2269 1941 2341 vinum

398 2373 406 2392 ⁰
528 2393 694 2466 contiuua
707 2393 811 2466 maris
826 2391 1022 2466 turbatione
1041 2391 1229 2482 turbatum,
1244 2411 1338 2484 aqua
1351 2389 1406 2462 sni
1420 2389 1637 2483 corruptione
1650 2390 1823 2462 vermium
1839 2413 1943 2486 gene-

528 2516 660 2590 ratione
675 2515 837 2608 lecnnda,
850 2515 1035 2589 infectione
1051 2537 1116 2588 sua
1132 2523 1241 2588 totum
1259 2511 1418 2587 inliciens
1435 2513 1493 2586 eui
1509 2513 1685 2602 miscetur,
1698 2535 1768 2608 que
1784 2536 1855 2588 uon
1875 2516 1942 2588 nisi

528 2639 655 2714 clausis
671 2639 781 2713 oculis
795 2649 830 2712 et
843 2638 1008 2712 dentibus
1018 2647 1151 2712 tantum
1167 2659 1248 2710 eum
1265 2637 1547 2711 abhominatione
1561 2635 1712 2732 pessima
1725 2647 1838 2732 potest
1852 2639 1939 2710 bibi.

527 2763 588 2834 Est
604 2762 707 2835 etiam
726 2763 763 2833 iu
778 2763 864 2834 mari
882 2772 1065 2835 ventorum
1080 2761 1194 2834 rabies
1210 2759 1433 2847 inevitabilis,
1452 2758 1658 2852 improvisa,
1678 2781 1749 2854 que
1764 2760 1850 2832 dum
1869 2761 1943 2835 llo-

528 2906 621 2957 mam
639 2885 815 2980 applicare
828 2885 982 2973 creditis,
997 2893 1136 2978 repente
1151 2904 1216 2956 vos
1232 2883 1269 2954 in
1282 2881 1447 2955 barbaras
1466 2880 1621 2975 projiciet
1639 2883 1797 2954 nationes
1813 2883 1875 2955 ubi
1891 2895 1944 2957 est

528 3007 647 3100 lingue
662 3017 777 3081 vestre
793 3007 1005 3102 ignorantia,
1026 3007 1113 3102 legis
1134 3006 1357 3102 perversitas,
1384 3004 1524 3078 amissio
1549 3003 1715 3077 libertatis
1740 3013 1775 3077 et
1794 3008 1942 3101 captivi·

528 3132 606 3203 tatis
621 3141 786 3226 perpetue
802 3130 1014 3204 desolamcu.
1037 3129 1188 3222 Insurgit
1210 3125 1412 3224 iusuper'in
1435 3137 1609 3201 momento
1629 3127 1781 3221 quedam
1801 3128 1944 3204 inmari

528 3255 649 3330 sevitia
670 3255 968 3350 tempestatisque
989 3255 1104 3349 subito
1123 3261 1254 3325 montes
1270 3251 1459 3325 fluctuosos
1479 3261 1514 3324 et
1534 3253 1659 3322 llnctus
1678 3251 1825 3346 parturit
1843 3273 1944 3326 mou·

529 3387 658 3468 tunsos,
676 3399 825 3472 quorum
845 3379 1072 3450 concussione
1084 3377 1296 3472 quandoque
1315 3375 1417 3448 navis
1433 3375 1468 3448 in
1491 3376 1603 3448 celum
1625 3376 1772 3470 impulsa
1790 3377 1944 3450 creditur

528 3500 715 3574 ascendere
745 3510 779 3574 et
803 3521 904 3574 versa
933 3501 1097 3573 velociter
1122 3501 1335 3573 descendere
1364 3499 1541 3572 videbitur
1567 3500 1604 3576 in
1630 3499 1858 3594 profundum.
1881 3501 1943 3573 Est

528 3625 631 3699 ctiam
644 3625 734 3696 inter
747 3625 850 3697 maris
866 3623 1056 3720 pericnlum
1074 3623 1175 3696 ruina
1193 3623 1295 3696 navis
1312 3623 1348 3694 iu
1366 3633 1466 3695 caute
1478 3624 1536 3696 vel
1548 3645 1595 3695 ex
1611 3623 1837 3695 concussione
1850 3623 1941 3694 flnc-

528 3759 627 3821 tuum
637 3749 713 3841 ejus
725 3748 911 3823 coulractio
924 3747 981 3820 vel
993 3747 1187 3818 submersio
1202 3747 1237 3816 in
1257 3745 1482 3840 protundum,
1498 3755 1532 3818 et
1548 3748 1623 3837 ejus
1637 3746 1871 3819 contractione
1884 3747 1939 3818 vel

528 3871 764 3947 submersione
797 3871 1054 3966 impossibilitas
1090 3869 1283 3959 evadendi,
1321 3868 1516 3962 acciditque
1545 3869 1748 3962 plerumque
1778 3867 1873 3961 quod
1903 3867 1939 3938 in

499 3977 501 3982 ¹
528 4003 672 4068 extensa
690 3995 833 4068 carbasa
863 3995 1011 4067 turbinis
1034 3995 1183 4089 impetus
1209 3993 1259 4064 sic
1281 3992 1442 4086 irrumpit
1465 3991 1561 4085 qnod
1589 3992 1702 4062 statim
1728 4011 1769 4063 ea
1790 3991 1936 4084 rumpit,

529 4119 675 4191 destruit
688 4119 867 4212 remigem,
881 4119 1008 4190 malum
1026 4117 1163 4210 trangit,
1180 4115 1300 4210 sicque
1312 4114 1414 4187 navis
1426 4113 1590 4186 destituta
1604 4114 1730 4186 debitis
1745 4113 1939 4185 munimen·

481 4227 488 4236 ’
530 4243 573 4315 tis
591 4243 850 4337 tempestatibus
872 4249 907 4313 et
931 4240 1044 4312 ventis
1069 4239 1227 4335 exposita
1250 4239 1395 4310 fluctuat
1420 4238 1457 4308 in
1480 4235 1643 4308 fluctibns
1664 4239 1828 4332 peritura.
1853 4237 1939 4307 Sunt

529 4366 727 4462 praterhac
751 4366 787 4436 in
816 4363 901 4436 mari
919 4365 1069 4460 pericula
1094 4365 1282 4459 piratarum
1298 4361 1359 4455 qui
1384 4361 1415 4433 si
1440 4361 1540 4432 vobis
1557 4361 1784 4449 occurrerint,
1812 4359 1849 4430 iu
1872 4378 1937 4430 vos

531 4489 643 4564 taliter
656 4489 786 4560 irruent
798 4487 893 4583 quod
908 4498 1020 4582 preter
1036 4487 1103 4558 alia
1121 4485 1251 4580 flagitia
1268 4483 1461 4574 inferenda,
1483 4503 1562 4554 cum
1579 4482 1684 4556 rebus
1700 4503 1863 4578 personas
1882 4501 1938 4553 cu·

573 4751 615 4832 (a)
636 4751 733 4813 Locus
745 4751 888 4813 obscurus
900 4767 996 4829 neque
1010 4753 1042 4810 ln
1056 4747 1207 4812 codlclbm
1219 4747 1294 4810 bene
1306 4752 1473 4824 conceptus.
