4358 5996
1034 621 1247 682 FllllJElllCl
1271 621 1444 682 secubat
1757 617 1835 702 [daut.
1855 619 1942 680 tuto.

325 1094 507 1151 [vaunnam
586 1070 817 1176 Fridericus‚
847 1071 1109 1154 Romanorum
1134 1069 1359 1179 imperator,
1388 1069 1666 1154 Panormitanis
1698 1071 1829 1154 scribit
1853 1095 1942 1154 cum

532 1229 675 1313 magno
699 1202 890 1286 fidelitatis
920 1202 1122 1311 praeconio
1150 1229 1191 1285 se
1216 1202 1403 1312 corporali
1435 1203 1613 1313 sospitate
1645 1204 1873 1312 gaudentem
1902 1203 1941 1284 in

532 1361 651 1448 regno
668 1336 875 1446 quiescere.

614 1519 709 1600 (Edit.
725 1537 773 1598 ap.
787 1521 869 1581 Prtr.
887 1517 922 1580 dc
939 1519 1110 1599 Viurpv'rt,
1125 1519 1176 1580 llb.
1192 1519 1250 1597 111,
1264 1535 1331 1596 cap.
1348 1529 1378 1597 a,
1388 1535 1457 1580 cum
1471 1519 1528 1581 boc
1538 1519 1625 1581 tltnlo
1642 1537 1649 1581 :
1666 1518 1941 1600 Pauomtituvu'rsr·

651 1623 733 1685 &aar
751 1631 861 1686 statuar
878 1641 963 1684 mum
984 1631 1013 1686 ct
1033 1621 1112 1706 quod
1129 1622 1164 1684 dc
1188 1622 1365 1686 umbrata
1382 1621 1470 1686 rediit
1490 1625 1524 1684 iu
1543 1641 1677 1706 requam
1691 1657 1730 1670 -
1742 1625 1893 1686 Munna
1913 1633 1944 1686 et

651 1733 798 1806 Dumna,
816 1727 953 1810 Ampliat.
973 1727 1094 1804 collect,
1117 1736 1141 1790 t.
1163 1731 1209 1804 11,
1230 1747 1262 1808 p.
1289 1739 1377 1804 tato,
1398 1739 1431 1792 n·
1445 1730 1571 1809 xcvn,
1589 1747 1658 1792 cam
1676 1731 1733 1791 hoc
1749 1732 1835 1792 tttulo
1851 1749 1860 1790 ε
1875 1730 1940 1792 tter

650 1835 834 1898 universitati
852 1837 994 1896 Mesenae.
1009 1869 1049 1880 -
1070 1837 1218 1912 luvrcrs,
1233 1833 1341 1896 Arari.
1361 1833 1393 1896 di
1411 1832 1557 1912 Polemo,
1571 1841 1595 1897 t.
1611 1835 1671 1910 111,
1689 1854 1721 1914 p.
1737 1845 1807 1908 ote,
1825 1853 1865 1898 ex
1882 1839 1940 1898 lis.

650 1943 814 2004 Normnnn.
828 1941 866 2002 tt.
881 1941 1026 2002 Antonlnt
1040 1941 1078 2002 da
1089 1939 1221 2020 Amico.)

579 2102 792 2194 blidericus,
813 2111 896 2191 etc,
916 2103 1167 2176 Panormitanis
1188 2100 1352 2175 fidelibus
1370 2104 1464 2193 suis,
1482 2111 1549 2176 etc.
1570 2103 1729 2174 innatum
1746 2101 1846 2176 vobis
1861 2103 1944 2198 pla-

531 2224 609 2299 cide
627 2223 821 2298 devotionis
842 2225 1003 2298 allectum
1026 2246 1131 2320 quem
1149 2236 1340 2298 vestrarum
1360 2226 1549 2298 litteramm
1562 2225 1669 2300 series
1689 2227 1838 2321 perlecta
1856 2226 1942 2299 dm-

530 2349 649 2445 cripsit
670 2371 711 2422 ac
734 2348 871 2443 providi
890 2349 957 2422 viri
976 2357 1087 2421 vestre
1110 2349 1296 2422 voluntatis
1313 2349 1514 2444 interpretes
1534 2369 1648 2420 coram
1666 2349 1766 2422 nobis
1779 2351 1943 2423 secretius

530 2481 791 2570 expresserunt,
818 2472 1050 2546 favorabiliter
1078 2473 1238 2566 prosequi
1268 2471 1440 2544 fidelitatis
1465 2471 1650 2544 auctoritas
1673 2472 1731 2544 illa
1753 2494 1816 2544 vos
1839 2473 1943 2545 allicit

530 2619 635 2692 quam
650 2596 855 2687 generalitas
871 2596 1062 2690 antiquitus
1077 2595 1248 2670 radicavit
1261 2596 1297 2666 in
1310 2595 1433 2666 Siculis
1447 2605 1482 2666 et
1494 2592 1688 2689 specialiter
1699 2595 1853 2687 gratifica
1866 2619 1943 2691 pro·

530 2720 671 2816 pagavit
691 2720 727 2790 in
747 2719 859 2792 vobis.
885 2719 926 2790 llt
942 2719 1021 2790 licet
1038 2739 1107 2790 uon
1128 2718 1310 2814 expediret
1325 2727 1440 2789 vestre
1454 2717 1658 2790 sinceritatis
1676 2718 1803 2792 iudicia
1824 2721 1943 2792 litteris

531 2851 590 2916 aut
614 2842 736 2915 nuntio
762 2843 818 2914 vel
843 2861 930 2914 voce
951 2842 1154 2936 depromere
1176 2863 1282 2935 quam
1305 2841 1523 2914 servitiorum
1551 2851 1587 2912 et
1612 2863 1755 2936 operum
1775 2843 1943 2918 rectitudo

530 2965 698 3068 dilucidat
720 2975 756 3038 et
782 2975 914 3060 gratam
939 2965 1064 3038 nostris
1093 2964 1271 3038 affectibus
1297 2964 1475 3037 actualiter
1496 2975 1726 3058 representat,
1758 2987 1802 3038 eo
1828 2975 1941 3039 mmen

530 3090 693 3162 libentius
716 3089 763 3161 ad
782 3088 1018 3161 universitatis
1042 3097 1156 3161 vestre
1182 3087 1459 3162 commoditatem
1480 3084 1681 3159 inducimur
1699 3109 1770 3182 quo
1792 3089 1865 3162 zelo
1888 3091 1944 3186 pie

531 3213 724 3286 devotionis
743 3213 880 3286 accensi
902 3210 1074 3286 mandatis
1093 3213 1217 3286 nostris
1235 3233 1369 3308 semper
1388 3211 1540 3284 annuitis
1560 3221 1595 3283 et
1615 3221 1730 3284 nostre
1750 3213 1943 3286 serenitatis

531 3336 628 3409 avidi
653 3335 697 3407 de
720 3355 869 3430 persona
890 3344 1004 3408 nostre
1026 3336 1243 3408 successibus
1265 3335 1446 3429 exquiritis
1470 3335 1629 3408 recreari.
1661 3334 1717 3407 Ad
1744 3335 1810 3408 boc
1839 3337 1943 3430 igitur

532 3457 662 3532 nedum
679 3479 742 3532 vos
758 3467 913 3530 nostrum
926 3457 1047 3530 timere
1063 3457 1270 3546 dominium,
1281 3455 1345 3530 sed
1361 3457 1456 3551 qnod
1469 3468 1522 3532 est
1536 3458 1573 3530 in
1587 3457 1735 3531 subditis
1747 3459 1857 3530 virtus
1867 3460 1942 3532 exi·

495 3653 503 3668 ,
532 3581 615 3674 mia,
637 3589 787 3654 nostram
802 3601 866 3653 vos
881 3579 1101 3654 affectuosius
1114 3579 1282 3653 honorare
1299 3600 1479 3675 porsonam
1495 3579 1718 3675 probabiliter
1729 3581 1940 3674 experimur,

531 3703 651 3798 sicque
663 3724 725 3798 per
743 3724 851 3775 unnm
868 3701 916 3775 ad
933 3711 1049 3776 vestra
1067 3723 1131 3774 nos
1147 3701 1292 3776 redditis
1305 3711 1387 3776 vota
1402 3702 1570 3798 propitios
1586 3713 1622 3776 et
1634 3723 1698 3798 per
1710 3703 1855 3776 alterum
1867 3711 1942 3776 tan·

532 3847 637 3922 qnam
659 3847 721 3922 per
738 3825 894 3900 debitum
912 3825 957 3900 ad
979 3824 1161 3900 commoda
1181 3833 1295 3898 uestra
1313 3825 1498 3900 benevolos
1517 3826 1695 3900 invocatis.
1718 3826 1809 3900 Ecca
1825 3826 1942 3920 itaquo

532 3948 754 4046 petitionibus
774 3948 899 4022 vestris
920 3969 1070 4022 consona
1091 3947 1181 4022 votis
1203 3949 1328 4020 nostris
1347 3947 1393 4022 de
1412 3957 1503 4022 statu
1528 3957 1645 4020 nostru
1664 3967 1757 4021 nova
1779 3946 1943 4020 describi·

532 4093 611 4146 mus
631 4099 638 4142 :
662 4072 758 4167 quod
776 4071 922 4144 iaciente
937 4070 1082 4146 dextera
1097 4071 1200 4165 Regis
1221 4093 1362 4164 regum,
1382 4069 1549 4168 corporali
1566 4071 1761 4166 gaudemus
1778 4068 1944 4144 &reticio

532 4195 707 4291 sospitatis
724 4205 759 4270 et
779 4195 931 4291 corporis
953 4195 1061 4268 nostri
1075 4193 1229 4268 membra
1248 4193 1384 4268 dudum
1399 4195 1434 4266 in
1456 4195 1582 4267 Italicis
1597 4195 1752 4291 partibus
1768 4194 1945 4268 laboribus

532 4319 614 4393 belli
627 4319 766 4413 inligata
783 4319 880 4413 regni
894 4319 1002 4392 nostri
1018 4319 1134 4414 quiete
1146 4317 1310 4392 deliciosa
1321 4316 1507 4409 reficimus,
1525 4327 1560 4390 et
1574 4319 1621 4392 ad
1636 4327 1829 4392 nostrorum
1842 4317 1946 4392 dotri-

533 4453 650 4516 menta
668 4442 848 4516 rebellium
867 4452 1065 4538 statumque
1083 4441 1238 4515 fidelium
1256 4441 1439 4538 pacificum
1464 4441 1735 4538 procurandum,
1760 4441 1942 4533 continua,

534 4567 620 4662 quin
639 4567 754 4662 potius
771 4565 925 4641 studiosa
945 4566 1193 4640 deliberatione
1214 4587 1412 4662 pensamus.
1583 4555 1588 4565 ¹

533 4675 537 4684 ’
583 4691 726 4783 Datum,
748 4699 816 4763 etc.
