4384 6004
538 629 615 692 1138
1034 629 1248 692 snlbnnlcl
1273 629 1448 692 SllGllNlll
1762 629 1845 710 [An.
1863 631 1951 692 latr.

535 766 638 842 sidua
651 767 687 840 in
706 765 897 840 visceribus
912 764 1087 840 charitatis
1104 787 1146 842 ac
1162 766 1225 838 vix
1246 764 1340 840 diem
1359 763 1521 860 preterire
1534 763 1706 858 possimus
1720 764 1809 860 quin
1824 775 1951 838 statum

535 901 689 990 vestrum
708 889 808 966 nobis
830 912 910 964 cnm
932 889 1071 964 lletibus
1091 889 1296 984 imaginaria
1312 888 1401 963 visio
1416 896 1645 984 representet,
1669 888 1707 962 in
1723 887 1827 962 vobis
1847 909 1954 986 super

535 1035 578 1089 eo
592 1013 774 1088 admiratio
791 1015 905 1090 locum
919 1035 990 1088 non
1007 1014 1135 1090 babeat
1157 1013 1254 1109 quod
1275 1034 1340 1086 nec
1357 1012 1485 1108 scripta
1504 1012 1562 1086 vel
1585 1011 1748 1086 nuntium
1764 1012 1951 1086 sinceritati

535 1149 651 1213 vestre
661 1137 867 1232 direximus,
879 1159 944 1212 nec
954 1137 1053 1212 dolor
1064 1147 1179 1212 vester
1192 1137 1257 1208 luit
1270 1135 1307 1208 in
1321 1137 1438 1232 aliquo
1447 1134 1656 1229 provisionis
1669 1144 1786 1208 noane
1799 1133 1953 1208 remedio

538 1262 730 1357 mitigatus,
748 1263 926 1358 presertim
944 1283 1046 1352 cum,
1064 1261 1153 1334 sicut
1167 1261 1265 1335 novit
1278 1269 1445 1334 scrutator
1458 1259 1633 1352 omnium,
1653 1256 1690 1332 id
1707 1279 1778 1332 non
1790 1267 1950 1355 pretextu

535 1387 770 1481 occupationis
789 1387 844 1460 vel
863 1385 1070 1480 negligentis
1085 1385 1312 1480 postpositum
1330 1383 1452 1474 luerit,
1472 1383 1535 1458 sed
1552 1404 1599 1458 ex
1617 1403 1659 1458 eo
1677 1383 1855 1480 potissime
1870 1384 1952 1478 qnia

535 1509 727 1604 probabilis
750 1510 852 1583 nobis
875 1511 977 1582 timor
999 1509 1112 1581 inerat
1135 1505 1233 1600 quod
1254 1526 1359 1600 super
1379 1503 1580 1598 hujusmodi
1604 1508 1812 1580 visitationis
1838 1505 1953 1579 debito

536 1645 690 1706 nostrum
710 1632 922 1708 desiderium
940 1632 1054 1706 sortiri
1070 1631 1230 1726 nequiret
1246 1629 1419 1703 ellectum.

586 1761 709 1832 Datum
724 1758 902 1848 lateram,
919 1756 1025 1830 XVlll
1045 1753 1211 1828 kalendas
1220 1755 1316 1847 julii,
1331 1775 1422 1828 anno
1435 1753 1510 1826 XV.

584 1879 715 1951 Extant
726 1877 813 1956 ibid.
833 1875 973 1973 §Lxxl
992 1876 1080 1950 aliae
1091 1875 1244 1969 Gregorii
1260 1875 1392 1950 litterae
1410 1874 1543 1949 eisdem
1556 1873 1704 1972 captivis
1719 1873 1873 1948 directae
1886 1876 1952 1948 snb

538 2004 646 2077 lorma
662 2000 902 2075 consolationis
919 1999 1033 2096 potius
1051 2020 1158 2094 quam
1175 1998 1325 2072 efficacis
1344 1998 1511 2090 subsidii,
1531 2021 1610 2072 cnm
1625 1999 1756 2072 nullum
1776 1998 1873 2095 pacis
1891 2000 1951 2072 iu-

536 2127 674 2202 cundae
685 2147 783 2221 spem
798 2124 1000 2198 exhibeant.

586 2253 710 2324 Datum
728 2249 905 2337 laterani,
923 2248 952 2320 ll
968 2245 1134 2319 kalendas
1148 2245 1306 2338 augusti,
1326 2265 1420 2318 anuo
1432 2245 1508 2318 XV.

696 2518 697 2522 ,
739 2509 1731 2522 m--fflffl

592 2729 797 2841 Gregorius
818 2757 918 2841 papa
938 2732 1028 2816 duci
1059 2732 1278 2819 llariutbiae
1301 2735 1350 2818 dc
1372 2759 1465 2844 pace
1487 2759 1576 2818 oum
1603 2733 1795 2818 Friderioo
1821 2732 1950 2818 reior-

537 2864 680 2946 manda
697 2862 872 2948 rescribit
888 2866 994 2975 quod
1012 2865 1045 2948 si
1069 2865 1135 2950 ille
1152 2868 1203 2952 ad
1228 2893 1274 2952 ee
1298 2893 1398 2978 quac
1424 2867 1610 2952 honorem
1635 2867 1703 2952 bei
1726 2877 1764 2951 et
1790 2868 1952 2978 Aposto-

537 2993 632 3211 lliecae
649 2995 757 3079 Sedis
774 2995 982 3105 respiciunt
1002 3021 1044 3082 se
1065 3009 1243 3107 paratum
1266 2997 1419 3110 offerat,
1445 2999 1536 3084 huic
1554 2999 1683 3086 sinum
1705 2998 1896 3084 Ecclesiae
1910 2999 1952 3082 li·

587 3139 671 3210 nter
689 3129 844 3236 aperiet.

620 3313 746 3392 (Inedlt.
768 3323 924 3398 surrepsit.
941 3315 1061 3399 Grcpon
1080 3317 1138 3394 IX,
1153 3335 1223 3380 ann.
1247 3317 1317 3398 XV,
1334 3328 1368 3380 u⁰
1387 3328 1439 3393 et,
1453 3321 1485 3381 ln
1504 3319 1571 3384 coll.
1590 3319 1717 3400 laporte
1732 3317 1775 3381 do
1787 3317 1889 3393 Tbsll,
1902 3335 1950 3398 all·

657 3418 734 3480 Blbl.
750 3419 850 3482 Cesar.
863 3421 971 3501 Paria.)

587 3579 789 3675 Gregorius,
805 3589 889 3669 etc,
908 3581 1015 3655 nobili
1035 3583 1112 3656 viro
1130 3581 1211 3656 duci
1225 3583 1424 3678 Karintbic,
1440 3593 1507 3660 eto.
1526 3585 1748 3660 Nobilitatsm
1769 3596 1865 3660 tuam
1880 3585 1951 3680 dig·

539 3702 593 3775 nis
609 3702 772 3778 laudibus
788 3705 824 3776 in
840 3706 989 3778 Domino
1000 3705 1285 3782 commendamus
1302 3705 1400 3803 qnod
1415 3729 1480 3784 nos
1494 3707 1541 3783 ud
1559 3709 1816 3784 reformandam
1834 3731 1950 3806 paoem

539 3849 619 3901 cum
644 3826 817 3902 Friderioo
835 3827 929 3902 dicto
951 3829 1159 3926 imperatore
1178 3830 1248 3904 tuis
1271 3830 1437 3908 indecere
1464 3833 1584 3907 litteris
1606 3833 1783 3908 studuisti.
1812 3835 1954 3932 Propter

537 3951 634 4048 quod
651 3953 739 4026 scire
757 3963 790 4026 te
810 3955 974 4028 volumus
991 3954 1104 4049 quod,
1125 3976 1205 4028 oum
1219 3953 1334 4030 dictus
1354 3955 1552 4031 Fridericns
1575 3979 1614 4056 se
1636 3957 1785 4054 dignum
1802 3958 1953 4033 Ecclesie

538 4097 624 4171 pace
646 4075 839 4150 reddiderit
866 4089 902 4150 et
926 4077 972 4151 ad
1000 4099 1041 4150 aa
1063 4099 1132 4174 que
1156 4078 1320 4154 bonorem
1341 4080 1404 4154 Dei
1435 4089 1471 4154 et
1497 4081 1684 4178 apostolice
1709 4081 1804 4158 sedis
1819 4104 1953 4156 necnon

538 4197 668 4272 bonum
682 4208 805 4272 statum
821 4201 937 4294 populi
953 4199 1128 4274 christiani
1141 4201 1341 4298 respiciunt,
1357 4201 1475 4278 offeret
1487 4225 1526 4278 se
1538 4213 1711 4302 paratum,
1725 4206 1759 4279 ei
1774 4205 1821 4280 ad
1839 4207 1953 4280 sinum

537 4323 656 4396 matris
673 4323 823 4398 Ecclesia
841 4321 1015 4398 humiliter
1032 4324 1192 4400 mdeunti
1205 4325 1352 4402 libenter
1369 4328 1566 4424 aperiemus
1581 4327 1752 4426 gremium
1767 4331 1955 4428 apostolice

538 4449 688 4547 pietatis.

585 4576 710 4648 Datum
724 4573 899 4667 laterani,
915 4573 995 4646 Xlll
1010 4571 1179 4650 kalendas
1193 4573 1272 4669 julii
1291 4573 1355 4673 (a),
1374 4596 1467 4650 anno
1482 4577 1557 4651 XV.

579 4737 621 4820 (a)
642 4739 679 4802 In
691 4737 895 4820 metoejurutt,
909 4737 997 4801 mals.
