<?xml version="1.0" encoding="UTF-8"?>
<!DOCTYPE html PUBLIC "-//W3C//DTD XHTML 1.0 Transitional//EN"
    "http://www.w3.org/TR/xhtml1/DTD/xhtml1-transitional.dtd">
<html xmlns="http://www.w3.org/1999/xhtml" xml:lang="en" lang="en">
 <head>
  <title>
</title>
<meta http-equiv="Content-Type" content="text/html;charset=utf-8" />
  <meta name='ocr-system' content='tesseract 3.04.00' />
  <meta name='ocr-capabilities' content='ocr_page ocr_carea ocr_par ocr_line ocrx_word'/>
</head>
<body>
  <div class='ocr_page' id='page_1' title='image "./historiadiploma01fredgoog_0607.png"; bbox 0 0 4564 6038; ppageno 0'>
   <div class='ocr_carea' id='block_1_1' title="bbox 812 663 1767 728">
    <p class='ocr_par' dir='ltr' id='par_1_1' title="bbox 812 663 1767 728">
     <span class='ocr_line' id='line_1_1' title="bbox 812 663 1767 728; baseline 0.004 -4"><span class='ocrx_word' id='word_1_1' title='bbox 812 665 939 725; x_wconf 76' lang='lat' dir='ltr'><strong>iunii</strong></span> <span class='ocrx_word' id='word_1_2' title='bbox 964 663 1315 726; x_wconf 81' lang='lat' dir='ltr'><strong>DOCUMENTORUM.</strong></span> <span class='ocrx_word' id='word_1_3' title='bbox 1691 665 1767 728; x_wconf 74' lang='lat'>1241</span> 
     </span>
    </p>
   </div>
   <div class='ocr_carea' id='block_1_2' title="bbox 355 868 493 990">
    <p class='ocr_par' dir='ltr' id='par_1_2' title="bbox 355 868 493 990">
     <span class='ocr_line' id='line_1_2' title="bbox 355 868 493 990; baseline 0 -48"><span class='ocrx_word' id='word_1_4' title='bbox 355 868 493 990; x_wconf 57' lang='lat' dir='ltr'><em>Q</em></span> 
     </span>
    </p>
   </div>
   <div class='ocr_carea' id='block_1_3' title="bbox 356 989 1778 4830">
    <p class='ocr_par' dir='ltr' id='par_1_3' title="bbox 780 989 1771 1069">
     <span class='ocr_line' id='line_1_3' title="bbox 780 989 1771 1069; baseline -0.002 -15"><span class='ocrx_word' id='word_1_5' title='bbox 780 994 855 1054; x_wconf 89' lang='lat' dir='ltr'><strong>toris</strong></span> <span class='ocrx_word' id='word_1_6' title='bbox 881 992 920 1052; x_wconf 92' lang='lat' dir='ltr'><strong>de</strong></span> <span class='ocrx_word' id='word_1_7' title='bbox 945 990 1122 1069; x_wconf 80' lang='lat' dir='ltr'><strong>Aichelberg</strong></span> <span class='ocrx_word' id='word_1_8' title='bbox 1144 991 1294 1052; x_wconf 84' lang='lat' dir='ltr'><strong>indultum</strong></span> <span class='ocrx_word' id='word_1_9' title='bbox 1321 995 1443 1051; x_wconf 87' lang='lat' dir='ltr'><strong>renovat</strong></span> <span class='ocrx_word' id='word_1_10' title='bbox 1464 995 1494 1050; x_wconf 85' lang='lat' dir='ltr'><strong>at</strong></span> <span class='ocrx_word' id='word_1_11' title='bbox 1519 989 1674 1052; x_wconf 89' lang='lat' dir='ltr'><strong>inserendo</strong></span> <span class='ocrx_word' id='word_1_12' title='bbox 1698 1008 1771 1052; x_wconf 90' lang='lat' dir='ltr'><strong>con-</strong></span> 
     </span>
    </p>

    <p class='ocr_par' dir='ltr' id='par_1_4' title="bbox 780 1089 1766 1149">
     <span class='ocr_line' id='line_1_4' title="bbox 780 1089 1766 1149; baseline -0.001 0"><span class='ocrx_word' id='word_1_13' title='bbox 780 1089 892 1149; x_wconf 83' lang='lat' dir='ltr'><strong>firmat.</strong></span> <span class='ocrx_word' id='word_1_14' title='bbox 1731 1097 1766 1149; x_wconf 83' lang='lat' dir='ltr'><strong>si</strong></span> 
     </span>
    </p>

    <p class='ocr_par' dir='ltr' id='par_1_5' title="bbox 372 1182 1770 1358">
     <span class='ocr_line' id='line_1_5' title="bbox 372 1182 1770 1269; baseline -0.004 -17"><span class='ocrx_word' id='word_1_15' title='bbox 372 1190 468 1269; x_wconf 74' lang='lat' dir='ltr'><strong>ionio.</strong></span> <span class='ocrx_word' id='word_1_16' title='bbox 518 1187 575 1265; x_wconf 80' lang='lat' dir='ltr'><strong>Ap.</strong></span> <span class='ocrx_word' id='word_1_17' title='bbox 589 1183 716 1265; x_wconf 88' lang='lat' dir='ltr'><strong>Spiram.</strong></span> <span class='ocrx_word' id='word_1_18' title='bbox 741 1217 782 1232; x_wconf 90' lang='lat'><em>-</em></span> <span class='ocrx_word' id='word_1_19' title='bbox 800 1185 967 1248; x_wconf 76' lang='lat' dir='ltr'><strong>conradum</strong></span> <span class='ocrx_word' id='word_1_20' title='bbox 985 1183 1023 1244; x_wconf 91' lang='lat' dir='ltr'><strong>da</strong></span> <span class='ocrx_word' id='word_1_21' title='bbox 1039 1182 1241 1260; x_wconf 74' lang='lat' dir='ltr'><strong>bauenberg,</strong></span> <span class='ocrx_word' id='word_1_22' title='bbox 1257 1183 1296 1244; x_wconf 93' lang='lat' dir='ltr'><strong>ad</strong></span> <span class='ocrx_word' id='word_1_23' title='bbox 1308 1183 1521 1260; x_wconf 88' lang='lat' dir='ltr'><strong>querimoniam</strong></span> <span class='ocrx_word' id='word_1_24' title='bbox 1539 1182 1653 1244; x_wconf 87' lang='lat' dir='ltr'><strong>abbatis</strong></span> <span class='ocrx_word' id='word_1_25' title='bbox 1670 1184 1770 1246; x_wconf 79' lang='lat' dir='ltr'><strong>Elua-</strong></span> 
     </span>
     <span class='ocr_line' id='line_1_6' title="bbox 781 1281 1770 1358; baseline -0.002 -13"><span class='ocrx_word' id='word_1_26' title='bbox 781 1285 877 1345; x_wconf 87' lang='lat' dir='ltr'><strong>censis</strong></span> <span class='ocrx_word' id='word_1_27' title='bbox 891 1284 1103 1358; x_wconf 84' lang='lat' dir='ltr'><strong>proscriptum,</strong></span> <span class='ocrx_word' id='word_1_28' title='bbox 1118 1282 1237 1342; x_wconf 78' lang='lat' dir='ltr'><strong>uincuio</strong></span> <span class='ocrx_word' id='word_1_29' title='bbox 1252 1283 1470 1358; x_wconf 74' lang='lat' dir='ltr'><strong>proscriptionis</strong></span> <span class='ocrx_word' id='word_1_30' title='bbox 1488 1281 1615 1341; x_wconf 86' lang='lat' dir='ltr'><strong>absolvit</strong></span> <span class='ocrx_word' id='word_1_31' title='bbox 1632 1281 1725 1342; x_wconf 91' lang='lat' dir='ltr'><strong>donec</strong></span> <span class='ocrx_word' id='word_1_32' title='bbox 1738 1284 1770 1343; x_wconf 90' lang='lat' dir='ltr'><strong>in</strong></span> 
     </span>
    </p>

    <p class='ocr_par' dir='ltr' id='par_1_6' title="bbox 781 1379 1769 1455">
     <span class='ocr_line' id='line_1_7' title="bbox 781 1379 1769 1455; baseline -0.002 -14"><span class='ocrx_word' id='word_1_33' title='bbox 781 1382 900 1442; x_wconf 71' lang='lat' dir='ltr'><strong>servitu</strong></span> <span class='ocrx_word' id='word_1_34' title='bbox 914 1395 968 1440; x_wconf 90' lang='lat' dir='ltr'><strong>suo</strong></span> <span class='ocrx_word' id='word_1_35' title='bbox 986 1379 1157 1450; x_wconf 76' lang='lat' dir='ltr'><strong>morabitur,</strong></span> <span class='ocrx_word' id='word_1_36' title='bbox 1172 1393 1207 1439; x_wconf 90' lang='lat' dir='ltr'><strong>ea</strong></span> <span class='ocrx_word' id='word_1_37' title='bbox 1220 1379 1388 1439; x_wconf 83' lang='lat' dir='ltr'><strong>conditione</strong></span> <span class='ocrx_word' id='word_1_38' title='bbox 1408 1379 1526 1455; x_wconf 90' lang='lat' dir='ltr'><strong>quodsi</strong></span> <span class='ocrx_word' id='word_1_39' title='bbox 1542 1379 1598 1438; x_wconf 89' lang='lat' dir='ltr'><strong>hoe</strong></span> <span class='ocrx_word' id='word_1_40' title='bbox 1614 1379 1769 1439; x_wconf 83' lang='lat' dir='ltr'><strong>intervallo</strong></span> 
     </span>
    </p>

    <p class='ocr_par' dir='ltr' id='par_1_7' title="bbox 781 1473 1770 1551">
     <span class='ocr_line' id='line_1_8' title="bbox 781 1473 1770 1551; baseline -0.004 -15"><span class='ocrx_word' id='word_1_41' title='bbox 781 1477 952 1551; x_wconf 86' lang='lat' dir='ltr'><strong>compositio</strong></span> <span class='ocrx_word' id='word_1_42' title='bbox 979 1475 1155 1534; x_wconf 87' lang='lat' dir='ltr'><strong>intervenire</strong></span> <span class='ocrx_word' id='word_1_43' title='bbox 1182 1489 1243 1532; x_wconf 90' lang='lat' dir='ltr'><strong>non</strong></span> <span class='ocrx_word' id='word_1_44' title='bbox 1269 1474 1415 1550; x_wconf 84' lang='lat' dir='ltr'><strong>potuerit,</strong></span> <span class='ocrx_word' id='word_1_45' title='bbox 1434 1473 1537 1533; x_wconf 91' lang='lat' dir='ltr'><strong>eadem</strong></span> <span class='ocrx_word' id='word_1_46' title='bbox 1558 1473 1770 1549; x_wconf 88' lang='lat' dir='ltr'><strong>proscriptione</strong></span> 
     </span>
    </p>

    <p class='ocr_par' dir='ltr' id='par_1_8' title="bbox 781 1571 1767 1631">
     <span class='ocr_line' id='line_1_9' title="bbox 781 1571 1767 1631; baseline -0.003 0"><span class='ocrx_word' id='word_1_47' title='bbox 781 1577 916 1631; x_wconf 88' lang='lat' dir='ltr'><strong>teneatur</strong></span> <span class='ocrx_word' id='word_1_48' title='bbox 929 1571 1076 1630; x_wconf 88' lang='lat' dir='ltr'><strong>astrictus.</strong></span> <span class='ocrx_word' id='word_1_49' title='bbox 1674 1577 1767 1629; x_wconf 79' lang='lat' dir='ltr'><strong>82=8a</strong></span> 
     </span>
    </p>

    <p class='ocr_par' dir='ltr' id='par_1_9' title="bbox 356 1663 1771 1838">
     <span class='ocr_line' id='line_1_10' title="bbox 356 1663 1770 1746; baseline -0.004 -16"><span class='ocrx_word' id='word_1_50' title='bbox 356 1669 493 1746; x_wconf 67' lang='lat' dir='ltr'><strong>sidonii.</strong></span> <span class='ocrx_word' id='word_1_51' title='bbox 574 1665 665 1742; x_wconf 75' lang='lat' dir='ltr'><strong>Apud</strong></span> <span class='ocrx_word' id='word_1_52' title='bbox 742 1697 783 1714; x_wconf 93' lang='lat'>-</span> <span class='ocrx_word' id='word_1_53' title='bbox 802 1667 838 1726; x_wconf 92' lang='lat' dir='ltr'><strong>In</strong></span> <span class='ocrx_word' id='word_1_54' title='bbox 849 1667 1060 1743; x_wconf 84' lang='lat' dir='ltr'><strong>protectionem</strong></span> <span class='ocrx_word' id='word_1_55' title='bbox 1072 1679 1157 1726; x_wconf 90' lang='lat' dir='ltr'><strong>snam</strong></span> <span class='ocrx_word' id='word_1_56' title='bbox 1171 1665 1275 1740; x_wconf 89' lang='lat' dir='ltr'><strong>recipit</strong></span> <span class='ocrx_word' id='word_1_57' title='bbox 1288 1663 1444 1740; x_wconf 84' lang='lat' dir='ltr'><strong>specialem</strong></span> <span class='ocrx_word' id='word_1_58' title='bbox 1456 1664 1666 1724; x_wconf 85' lang='lat' dir='ltr'><strong>monasterium</strong></span> <span class='ocrx_word' id='word_1_59' title='bbox 1679 1663 1770 1725; x_wconf 89' lang='lat' dir='ltr'><strong>Sano-</strong></span> 
     </span>
     <span class='ocr_line' id='line_1_11' title="bbox 521 1759 1771 1838; baseline -0.003 -12"><span class='ocrx_word' id='word_1_60' title='bbox 521 1762 712 1838; x_wconf 82' lang='lat' dir='ltr'><strong>Herbipollm.</strong></span> <span class='ocrx_word' id='word_1_61' title='bbox 782 1769 829 1825; x_wconf 84' lang='lat' dir='ltr'><strong>tao</strong></span> <span class='ocrx_word' id='word_1_62' title='bbox 847 1765 959 1824; x_wconf 85' lang='lat' dir='ltr'><strong>Mariae</strong></span> <span class='ocrx_word' id='word_1_63' title='bbox 975 1768 1061 1822; x_wconf 84' lang='lat' dir='ltr'><strong>extra</strong></span> <span class='ocrx_word' id='word_1_64' title='bbox 1083 1777 1182 1821; x_wconf 90' lang='lat' dir='ltr'><strong>muros</strong></span> <span class='ocrx_word' id='word_1_65' title='bbox 1204 1761 1331 1820; x_wconf 82' lang='lat' dir='ltr'><strong>ciuitatis</strong></span> <span class='ocrx_word' id='word_1_66' title='bbox 1353 1760 1521 1820; x_wconf 86' lang='lat' dir='ltr'><strong>Northusen</strong></span> <span class='ocrx_word' id='word_1_67' title='bbox 1542 1776 1612 1820; x_wconf 93' lang='lat' dir='ltr'><strong>cnm</strong></span> <span class='ocrx_word' id='word_1_68' title='bbox 1633 1759 1771 1822; x_wconf 90' lang='lat' dir='ltr'><strong>omnibns</strong></span> 
     </span>
    </p>

    <p class='ocr_par' dir='ltr' id='par_1_10' title="bbox 782 1855 1769 2032">
     <span class='ocr_line' id='line_1_12' title="bbox 782 1855 1769 1938; baseline -0.004 -18"><span class='ocrx_word' id='word_1_69' title='bbox 782 1863 847 1938; x_wconf 88' lang='lat' dir='ltr'><strong>ejus</strong></span> <span class='ocrx_word' id='word_1_70' title='bbox 861 1857 1109 1936; x_wconf 71' lang='lat' dir='ltr'><strong>possessionibus,</strong></span> <span class='ocrx_word' id='word_1_71' title='bbox 1124 1864 1153 1916; x_wconf 93' lang='lat' dir='ltr'><strong>et</strong></span> <span class='ocrx_word' id='word_1_72' title='bbox 1166 1857 1245 1916; x_wconf 92' lang='lat' dir='ltr'><strong>bona</strong></span> <span class='ocrx_word' id='word_1_73' title='bbox 1255 1855 1411 1916; x_wconf 82' lang='lat' dir='ltr'><strong>confirmat</strong></span> <span class='ocrx_word' id='word_1_74' title='bbox 1423 1872 1500 1934; x_wconf 88' lang='lat' dir='ltr'><strong>quae</strong></span> <span class='ocrx_word' id='word_1_75' title='bbox 1512 1856 1608 1916; x_wconf 88' lang='lat' dir='ltr'><strong>eidem</strong></span> <span class='ocrx_word' id='word_1_76' title='bbox 1620 1855 1685 1916; x_wconf 89' lang='lat' dir='ltr'><strong>loco</strong></span> <span class='ocrx_word' id='word_1_77' title='bbox 1703 1857 1769 1917; x_wconf 84' lang='lat' dir='ltr'><strong>lto-</strong></span> 
     </span>
     <span class='ocr_line' id='line_1_13' title="bbox 782 1954 1769 2032; baseline -0.005 -15"><span class='ocrx_word' id='word_1_78' title='bbox 782 1954 1232 2032; x_wconf 77' lang='lat' dir='ltr'><strong>pertusadvocatusdaputarii.</strong></span> <span class='ocrx_word' id='word_1_79' title='bbox 1731 1961 1769 2012; x_wconf 75' lang='lat'><strong>⁸5</strong></span> 
     </span>
    </p>

    <p class='ocr_par' dir='ltr' id='par_1_11' title="bbox 369 2046 1772 2225">
     <span class='ocr_line' id='line_1_14' title="bbox 369 2046 1771 2132; baseline -0.004 -16"><span class='ocrx_word' id='word_1_80' title='bbox 369 2061 389 2116; x_wconf 82' lang='grc'><strong>4</strong></span> <span class='ocrx_word' id='word_1_81' title='bbox 398 2053 480 2132; x_wconf 81' lang='lat' dir='ltr'><strong>Julii.</strong></span> <span class='ocrx_word' id='word_1_82' title='bbox 522 2049 717 2129; x_wconf 85' lang='lat' dir='ltr'><strong>Nuranibcrg.</strong></span> <span class='ocrx_word' id='word_1_83' title='bbox 743 2085 783 2098; x_wconf 94' lang='lat'>-</span> <span class='ocrx_word' id='word_1_84' title='bbox 801 2054 1003 2114; x_wconf 87' lang='lat' dir='ltr'><strong>Possessiones</strong></span> <span class='ocrx_word' id='word_1_85' title='bbox 1015 2050 1154 2112; x_wconf 87' lang='lat' dir='ltr'><strong>ecclesiae</strong></span> <span class='ocrx_word' id='word_1_86' title='bbox 1166 2048 1390 2126; x_wconf 83' lang='lat' dir='ltr'><strong>Barabergensio</strong></span> <span class='ocrx_word' id='word_1_87' title='bbox 1403 2047 1482 2124; x_wconf 91' lang='lat' dir='ltr'><strong>apud</strong></span> <span class='ocrx_word' id='word_1_88' title='bbox 1498 2046 1771 2110; x_wconf 87' lang='lat' dir='ltr'><strong>Laubendorisitas</strong></span> 
     </span>
     <span class='ocr_line' id='line_1_15' title="bbox 782 2145 1772 2225; baseline -0.004 -15"><span class='ocrx_word' id='word_1_89' title='bbox 782 2151 816 2209; x_wconf 93' lang='lat' dir='ltr'><strong>in</strong></span> <span class='ocrx_word' id='word_1_90' title='bbox 828 2165 883 2210; x_wconf 88' lang='lat' dir='ltr'><strong>soa</strong></span> <span class='ocrx_word' id='word_1_91' title='bbox 900 2150 1080 2225; x_wconf 84' lang='lat' dir='ltr'><strong>protectione</strong></span> <span class='ocrx_word' id='word_1_92' title='bbox 1094 2148 1215 2222; x_wconf 83' lang='lat' dir='ltr'><strong>suscipit</strong></span> <span class='ocrx_word' id='word_1_93' title='bbox 1228 2161 1302 2222; x_wconf 88' lang='lat' dir='ltr'><strong>quas</strong></span> <span class='ocrx_word' id='word_1_94' title='bbox 1315 2145 1423 2206; x_wconf 88' lang='lat' dir='ltr'><strong>Bartha</strong></span> <span class='ocrx_word' id='word_1_95' title='bbox 1436 2145 1473 2205; x_wconf 93' lang='lat' dir='ltr'><strong>de</strong></span> <span class='ocrx_word' id='word_1_96' title='bbox 1486 2145 1731 2206; x_wconf 85' lang='lat' dir='ltr'><strong>Wiibaimesdori</strong></span> <span class='ocrx_word' id='word_1_97' title='bbox 1741 2151 1772 2207; x_wconf 86' lang='lat' dir='ltr'><strong>et</strong></span> 
     </span>
    </p>

    <p class='ocr_par' dir='ltr' id='par_1_12' title="bbox 783 2243 1769 2323">
     <span class='ocr_line' id='line_1_16' title="bbox 783 2243 1769 2323; baseline -0.004 -17"><span class='ocrx_word' id='word_1_98' title='bbox 783 2245 837 2306; x_wconf 86' lang='lat' dir='ltr'><strong>diti</strong></span> <span class='ocrx_word' id='word_1_99' title='bbox 850 2249 915 2323; x_wconf 79' lang='lat' dir='ltr'><strong>ejus</strong></span> <span class='ocrx_word' id='word_1_100' title='bbox 926 2245 1069 2304; x_wconf 84' lang='lat' dir='ltr'><strong>violenter</strong></span> <span class='ocrx_word' id='word_1_101' title='bbox 1080 2243 1272 2319; x_wconf 84' lang='lat' dir='ltr'><strong>impetebant.</strong></span> <span class='ocrx_word' id='word_1_102' title='bbox 1731 2251 1769 2303; x_wconf 77' lang='grc'><strong>87</strong></span> 
     </span>
    </p>

    <p class='ocr_par' dir='ltr' id='par_1_13' title="bbox 359 2335 1771 2514">
     <span class='ocr_line' id='line_1_17' title="bbox 359 2335 1768 2422; baseline -0.005 -17"><span class='ocrx_word' id='word_1_103' title='bbox 359 2353 396 2406; x_wconf 87' lang='lat'><strong>10</strong></span> <span class='ocrx_word' id='word_1_104' title='bbox 417 2345 494 2422; x_wconf 73' lang='lat' dir='ltr'><strong>iulii.</strong></span> <span class='ocrx_word' id='word_1_105' title='bbox 522 2339 719 2418; x_wconf 85' lang='lat' dir='ltr'><strong>Ap.Spiram.</strong></span> <span class='ocrx_word' id='word_1_106' title='bbox 743 2373 784 2387; x_wconf 93' lang='lat'>—</span> <span class='ocrx_word' id='word_1_107' title='bbox 804 2341 890 2404; x_wconf 83' lang='lat' dir='ltr'><strong>Cives</strong></span> <span class='ocrx_word' id='word_1_108' title='bbox 912 2340 1142 2418; x_wconf 78' lang='lat' dir='ltr'><strong>Argentinenaes</strong></span> <span class='ocrx_word' id='word_1_109' title='bbox 1163 2354 1232 2399; x_wconf 89' lang='lat' dir='ltr'><strong>cum</strong></span> <span class='ocrx_word' id='word_1_110' title='bbox 1253 2336 1392 2398; x_wconf 88' lang='lat' dir='ltr'><strong>omnibus</strong></span> <span class='ocrx_word' id='word_1_111' title='bbox 1417 2351 1517 2396; x_wconf 88' lang='lat' dir='ltr'><strong>eorum</strong></span> <span class='ocrx_word' id='word_1_112' title='bbox 1543 2335 1630 2398; x_wconf 89' lang='lat' dir='ltr'><strong>bonis</strong></span> <span class='ocrx_word' id='word_1_113' title='bbox 1655 2337 1768 2411; x_wconf 88' lang='lat' dir='ltr'><strong>eundo,</strong></span> 
     </span>
     <span class='ocr_line' id='line_1_18' title="bbox 784 2437 1771 2514; baseline -0.004 -14"><span class='ocrx_word' id='word_1_114' title='bbox 784 2440 890 2500; x_wconf 89' lang='lat' dir='ltr'><strong>stando</strong></span> <span class='ocrx_word' id='word_1_115' title='bbox 907 2445 937 2499; x_wconf 88' lang='lat' dir='ltr'><strong>et</strong></span> <span class='ocrx_word' id='word_1_116' title='bbox 951 2439 1092 2499; x_wconf 90' lang='lat' dir='ltr'><strong>morando</strong></span> <span class='ocrx_word' id='word_1_117' title='bbox 1108 2453 1160 2514; x_wconf 88' lang='lat' dir='ltr'><strong>per</strong></span> <span class='ocrx_word' id='word_1_118' title='bbox 1181 2438 1336 2513; x_wconf 89' lang='lat' dir='ltr'><strong>imperium</strong></span> <span class='ocrx_word' id='word_1_119' title='bbox 1353 2437 1409 2497; x_wconf 92' lang='lat' dir='ltr'><strong>sub</strong></span> <span class='ocrx_word' id='word_1_120' title='bbox 1428 2453 1482 2497; x_wconf 90' lang='lat' dir='ltr'><strong>suo</strong></span> <span class='ocrx_word' id='word_1_121' title='bbox 1500 2437 1678 2512; x_wconf 85' lang='lat' dir='ltr'><strong>protectione</strong></span> <span class='ocrx_word' id='word_1_122' title='bbox 1695 2439 1771 2497; x_wconf 92' lang='lat' dir='ltr'><strong>reci-</strong></span> 
     </span>
    </p>

    <p class='ocr_par' dir='ltr' id='par_1_14' title="bbox 783 2534 1773 2614">
     <span class='ocr_line' id='line_1_19' title="bbox 783 2534 1773 2614; baseline 0 -19"><span class='ocrx_word' id='word_1_123' title='bbox 783 2539 842 2614; x_wconf 91' lang='lat' dir='ltr'><strong>pit,</strong></span> <span class='ocrx_word' id='word_1_124' title='bbox 857 2537 998 2614; x_wconf 79' lang='lat' dir='ltr'><strong>quamdiu</strong></span> <span class='ocrx_word' id='word_1_125' title='bbox 1010 2538 1146 2612; x_wconf 89' lang='lat' dir='ltr'><strong>episcopo</strong></span> <span class='ocrx_word' id='word_1_126' title='bbox 1159 2534 1367 2612; x_wconf 85' lang='lat' dir='ltr'><strong>Argentinensi</strong></span> <span class='ocrx_word' id='word_1_127' title='bbox 1384 2541 1485 2596; x_wconf 87' lang='lat' dir='ltr'><strong>eontra</strong></span> <span class='ocrx_word' id='word_1_128' title='bbox 1502 2537 1639 2594; x_wconf 88' lang='lat' dir='ltr'><strong>comitem</strong></span> <span class='ocrx_word' id='word_1_129' title='bbox 1657 2535 1695 2594; x_wconf 89' lang='lat' dir='ltr'><strong>de</strong></span> <span class='ocrx_word' id='word_1_130' title='bbox 1715 2534 1773 2595; x_wconf 91' lang='lat' dir='ltr'><strong>Li-</strong></span> 
     </span>
    </p>

    <p class='ocr_par' dir='ltr' id='par_1_15' title="bbox 784 2629 1771 2710">
     <span class='ocr_line' id='line_1_20' title="bbox 784 2629 1771 2710; baseline -0.002 -16"><span class='ocrx_word' id='word_1_131' title='bbox 784 2636 893 2710; x_wconf 86' lang='lat' dir='ltr'><strong>nlngen</strong></span> <span class='ocrx_word' id='word_1_132' title='bbox 910 2633 1054 2693; x_wconf 81' lang='lat' dir='ltr'><strong>auxilium</strong></span> <span class='ocrx_word' id='word_1_133' title='bbox 1067 2648 1128 2691; x_wconf 95' lang='lat' dir='ltr'><strong>non</strong></span> <span class='ocrx_word' id='word_1_134' title='bbox 1141 2629 1343 2706; x_wconf 88' lang='lat' dir='ltr'><strong>praestabunt.</strong></span> <span class='ocrx_word' id='word_1_135' title='bbox 1733 2639 1771 2692; x_wconf 81' lang='grc'><strong>89</strong></span> 
     </span>
    </p>

    <p class='ocr_par' dir='ltr' id='par_1_16' title="bbox 382 2720 1772 2898">
     <span class='ocr_line' id='line_1_21' title="bbox 382 2720 1771 2810; baseline -0.009 -14"><span class='ocrx_word' id='word_1_136' title='bbox 382 2731 469 2810; x_wconf 77' lang='lat' dir='ltr'><strong>lulio.</strong></span> <span class='ocrx_word' id='word_1_137' title='bbox 523 2721 577 2802; x_wconf 71' lang='lat' dir='ltr'><strong>Ali·</strong></span> <span class='ocrx_word' id='word_1_138' title='bbox 590 2720 717 2802; x_wconf 69' lang='lat' dir='ltr'><strong>Spitam-</strong></span> <span class='ocrx_word' id='word_1_139' title='bbox 743 2763 784 2774; x_wconf 97' lang='lat'><em>-</em></span> <span class='ocrx_word' id='word_1_140' title='bbox 803 2730 851 2790; x_wconf 81' lang='lat' dir='ltr'><strong>Ad</strong></span> <span class='ocrx_word' id='word_1_141' title='bbox 876 2730 1118 2806; x_wconf 85' lang='lat' dir='ltr'><strong>supplicationem</strong></span> <span class='ocrx_word' id='word_1_142' title='bbox 1142 2726 1305 2787; x_wconf 78' lang='lat' dir='ltr'><strong>abbatissae</strong></span> <span class='ocrx_word' id='word_1_143' title='bbox 1332 2732 1361 2786; x_wconf 89' lang='lat' dir='ltr'><strong>et</strong></span> <span class='ocrx_word' id='word_1_144' title='bbox 1385 2731 1548 2786; x_wconf 74' lang='lat' dir='ltr'><strong>convenius</strong></span> <span class='ocrx_word' id='word_1_145' title='bbox 1575 2726 1613 2786; x_wconf 89' lang='lat' dir='ltr'><strong>de</strong></span> <span class='ocrx_word' id='word_1_146' title='bbox 1638 2725 1771 2787; x_wconf 82' lang='lat' dir='ltr'><strong>Bathea-</strong></span> 
     </span>
     <span class='ocr_line' id='line_1_22' title="bbox 783 2821 1772 2898; baseline -0.004 -11"><span class='ocrx_word' id='word_1_147' title='bbox 783 2832 926 2897; x_wconf 84' lang='lat' dir='ltr'><strong>munsier,</strong></span> <span class='ocrx_word' id='word_1_148' title='bbox 949 2825 1177 2896; x_wconf 85' lang='lat' dir='ltr'><strong>monasterium,</strong></span> <span class='ocrx_word' id='word_1_149' title='bbox 1203 2822 1363 2894; x_wconf 86' lang='lat' dir='ltr'><strong>iamiiiam,</strong></span> <span class='ocrx_word' id='word_1_150' title='bbox 1385 2822 1504 2898; x_wconf 89' lang='lat' dir='ltr'><strong>praedia</strong></span> <span class='ocrx_word' id='word_1_151' title='bbox 1523 2827 1552 2881; x_wconf 90' lang='lat' dir='ltr'><strong>et</strong></span> <span class='ocrx_word' id='word_1_152' title='bbox 1574 2824 1674 2882; x_wconf 91' lang='lat' dir='ltr'><strong>omnia</strong></span> <span class='ocrx_word' id='word_1_153' title='bbox 1694 2821 1772 2883; x_wconf 90' lang='lat' dir='ltr'><strong>bona</strong></span> 
     </span>
    </p>

    <p class='ocr_par' dir='ltr' id='par_1_17' title="bbox 783 2919 1773 3001">
     <span class='ocr_line' id='line_1_23' title="bbox 783 2919 1773 3001; baseline -0.003 -18"><span class='ocrx_word' id='word_1_154' title='bbox 783 2927 846 3001; x_wconf 77' lang='lat' dir='ltr'><strong>ejus</strong></span> <span class='ocrx_word' id='word_1_155' title='bbox 868 2924 900 2982; x_wconf 95' lang='lat' dir='ltr'><strong>in</strong></span> <span class='ocrx_word' id='word_1_156' title='bbox 920 2939 1005 2984; x_wconf 87' lang='lat' dir='ltr'><strong>auam</strong></span> <span class='ocrx_word' id='word_1_157' title='bbox 1027 2927 1057 2981; x_wconf 91' lang='lat' dir='ltr'><strong>et</strong></span> <span class='ocrx_word' id='word_1_158' title='bbox 1076 2923 1192 2996; x_wconf 91' lang='lat' dir='ltr'><strong>imperii</strong></span> <span class='ocrx_word' id='word_1_159' title='bbox 1213 2921 1422 2997; x_wconf 87' lang='lat' dir='ltr'><strong>protectionem</strong></span> <span class='ocrx_word' id='word_1_160' title='bbox 1446 2921 1564 2995; x_wconf 85' lang='lat' dir='ltr'><strong>recipit,</strong></span> <span class='ocrx_word' id='word_1_161' title='bbox 1587 2919 1773 2980; x_wconf 81' lang='lat' dir='ltr'><strong>advocatiam</strong></span> 
     </span>
    </p>

    <p class='ocr_par' dir='ltr' id='par_1_18' title="bbox 783 3015 1772 3097">
     <span class='ocr_line' id='line_1_24' title="bbox 783 3015 1772 3097; baseline -0.003 -19"><span class='ocrx_word' id='word_1_162' title='bbox 783 3019 914 3097; x_wconf 76' lang='lat' dir='ltr'><strong>ejusdem</strong></span> <span class='ocrx_word' id='word_1_163' title='bbox 938 3021 972 3078; x_wconf 92' lang='lat' dir='ltr'><strong>in</strong></span> <span class='ocrx_word' id='word_1_164' title='bbox 993 3021 1054 3080; x_wconf 91' lang='lat' dir='ltr'><strong>suis</strong></span> <span class='ocrx_word' id='word_1_165' title='bbox 1076 3024 1107 3078; x_wconf 89' lang='lat' dir='ltr'><strong>et</strong></span> <span class='ocrx_word' id='word_1_166' title='bbox 1129 3018 1243 3094; x_wconf 87' lang='lat' dir='ltr'><strong>imperii</strong></span> <span class='ocrx_word' id='word_1_167' title='bbox 1268 3015 1406 3076; x_wconf 89' lang='lat' dir='ltr'><strong>maulbus</strong></span> <span class='ocrx_word' id='word_1_168' title='bbox 1434 3016 1618 3076; x_wconf 77' lang='lat' dir='ltr'><strong>retinendam</strong></span> <span class='ocrx_word' id='word_1_169' title='bbox 1646 3017 1772 3092; x_wconf 88' lang='lat' dir='ltr'><strong>promit-</strong></span> 
     </span>
    </p>

    <p class='ocr_par' dir='ltr' id='par_1_19' title="bbox 783 3121 1771 3181">
     <span class='ocr_line' id='line_1_25' title="bbox 783 3121 1771 3181; baseline -0.002 -5"><span class='ocrx_word' id='word_1_170' title='bbox 783 3123 859 3177; x_wconf 77' lang='lat' dir='ltr'><strong>tens.</strong></span> <span class='ocrx_word' id='word_1_171' title='bbox 981 3173 986 3181; x_wconf 86' lang='grc'><strong>,</strong></span> <span class='ocrx_word' id='word_1_172' title='bbox 1733 3121 1771 3174; x_wconf 87' lang='grc'><strong>90</strong></span> 
     </span>
    </p>

    <p class='ocr_par' dir='ltr' id='par_1_20' title="bbox 381 3205 1772 3387">
     <span class='ocr_line' id='line_1_26' title="bbox 381 3205 1772 3290; baseline -0.001 -18"><span class='ocrx_word' id='word_1_173' title='bbox 381 3210 468 3290; x_wconf 75' lang='lat' dir='ltr'><strong>iulio.</strong></span> <span class='ocrx_word' id='word_1_174' title='bbox 563 3205 676 3284; x_wconf 83' lang='lat' dir='ltr'><strong>spirae.</strong></span> <span class='ocrx_word' id='word_1_175' title='bbox 744 3245 784 3256; x_wconf 98' lang='lat'><em>-</em></span> <span class='ocrx_word' id='word_1_176' title='bbox 804 3212 851 3271; x_wconf 83' lang='lat' dir='ltr'><strong>Ad</strong></span> <span class='ocrx_word' id='word_1_177' title='bbox 864 3211 1106 3287; x_wconf 85' lang='lat' dir='ltr'><strong>supplicationem</strong></span> <span class='ocrx_word' id='word_1_178' title='bbox 1118 3211 1238 3270; x_wconf 87' lang='lat' dir='ltr'><strong>Haurici</strong></span> <span class='ocrx_word' id='word_1_179' title='bbox 1254 3210 1292 3269; x_wconf 93' lang='lat' dir='ltr'><strong>de</strong></span> <span class='ocrx_word' id='word_1_180' title='bbox 1310 3209 1513 3269; x_wconf 85' lang='lat' dir='ltr'><strong>Fleckenstein</strong></span> <span class='ocrx_word' id='word_1_181' title='bbox 1530 3208 1627 3270; x_wconf 90' lang='lat' dir='ltr'><strong>iidelis</strong></span> <span class='ocrx_word' id='word_1_182' title='bbox 1647 3211 1704 3282; x_wconf 90' lang='lat' dir='ltr'><strong>aui,</strong></span> <span class='ocrx_word' id='word_1_183' title='bbox 1720 3227 1772 3271; x_wconf 88' lang='lat' dir='ltr'><strong>ca·</strong></span> 
     </span>
     <span class='ocr_line' id='line_1_27' title="bbox 783 3306 1771 3387; baseline -0.002 -19"><span class='ocrx_word' id='word_1_184' title='bbox 783 3310 891 3387; x_wconf 85' lang='lat' dir='ltr'><strong>poliam</strong></span> <span class='ocrx_word' id='word_1_185' title='bbox 900 3307 1108 3368; x_wconf 87' lang='lat' dir='ltr'><strong>Marienbronn</strong></span> <span class='ocrx_word' id='word_1_186' title='bbox 1121 3309 1153 3366; x_wconf 93' lang='lat' dir='ltr'><strong>in</strong></span> <span class='ocrx_word' id='word_1_187' title='bbox 1161 3309 1282 3368; x_wconf 86' lang='lat' dir='ltr'><strong>Forasia</strong></span> <span class='ocrx_word' id='word_1_188' title='bbox 1293 3309 1325 3365; x_wconf 91' lang='lat' dir='ltr'><strong>in</strong></span> <span class='ocrx_word' id='word_1_189' title='bbox 1339 3306 1431 3366; x_wconf 85' lang='lat' dir='ltr'><strong>iundo</strong></span> <span class='ocrx_word' id='word_1_190' title='bbox 1441 3310 1505 3384; x_wconf 89' lang='lat' dir='ltr'><strong>ejus</strong></span> <span class='ocrx_word' id='word_1_191' title='bbox 1517 3309 1604 3367; x_wconf 90' lang='lat' dir='ltr'><strong>sitam</strong></span> <span class='ocrx_word' id='word_1_192' title='bbox 1617 3322 1685 3367; x_wconf 90' lang='lat' dir='ltr'><strong>cum</strong></span> <span class='ocrx_word' id='word_1_193' title='bbox 1696 3307 1771 3366; x_wconf 93' lang='lat' dir='ltr'><strong>duo·</strong></span> 
     </span>
    </p>

    <p class='ocr_par' dir='ltr' id='par_1_21' title="bbox 783 3403 1773 3482">
     <span class='ocr_line' id='line_1_28' title="bbox 783 3403 1773 3482; baseline 0 -16"><span class='ocrx_word' id='word_1_194' title='bbox 783 3407 878 3466; x_wconf 80' lang='lat' dir='ltr'><strong>decim</strong></span> <span class='ocrx_word' id='word_1_195' title='bbox 892 3407 993 3482; x_wconf 76' lang='lat' dir='ltr'><strong>griseis</strong></span> <span class='ocrx_word' id='word_1_196' title='bbox 1007 3403 1156 3464; x_wconf 91' lang='lat' dir='ltr'><strong>sororibus</strong></span> <span class='ocrx_word' id='word_1_197' title='bbox 1173 3406 1205 3462; x_wconf 93' lang='lat' dir='ltr'><strong>in</strong></span> <span class='ocrx_word' id='word_1_198' title='bbox 1217 3405 1398 3480; x_wconf 84' lang='lat' dir='ltr'><strong>protectione</strong></span> <span class='ocrx_word' id='word_1_199' title='bbox 1414 3421 1468 3464; x_wconf 90' lang='lat' dir='ltr'><strong>sua</strong></span> <span class='ocrx_word' id='word_1_200' title='bbox 1486 3405 1604 3481; x_wconf 89' lang='lat' dir='ltr'><strong>recipit,</strong></span> <span class='ocrx_word' id='word_1_201' title='bbox 1620 3405 1773 3482; x_wconf 84' lang='lat' dir='ltr'><strong>eidemque</strong></span> 
     </span>
    </p>

    <p class='ocr_par' dir='ltr' id='par_1_22' title="bbox 783 3500 1769 3578">
     <span class='ocr_line' id='line_1_29' title="bbox 783 3500 1769 3578; baseline -0.002 -15"><span class='ocrx_word' id='word_1_202' title='bbox 783 3503 861 3563; x_wconf 88' lang='lat' dir='ltr'><strong>bona</strong></span> <span class='ocrx_word' id='word_1_203' title='bbox 874 3507 903 3562; x_wconf 90' lang='lat' dir='ltr'><strong>et</strong></span> <span class='ocrx_word' id='word_1_204' title='bbox 915 3503 1112 3578; x_wconf 88' lang='lat' dir='ltr'><strong>possessiones</strong></span> <span class='ocrx_word' id='word_1_205' title='bbox 1125 3500 1291 3561; x_wconf 79' lang='lat' dir='ltr'><strong>confirmat.</strong></span> <span class='ocrx_word' id='word_1_206' title='bbox 1734 3509 1769 3562; x_wconf 76' lang='lat' dir='ltr'><strong>tii</strong></span> 
     </span>
    </p>

    <p class='ocr_par' dir='ltr' id='par_1_23' title="bbox 358 3591 1775 3868">
     <span class='ocr_line' id='line_1_30' title="bbox 358 3591 1774 3676; baseline -0.001 -18"><span class='ocrx_word' id='word_1_207' title='bbox 358 3601 494 3676; x_wconf 78' lang='lat' dir='ltr'><strong>augusto.</strong></span> <span class='ocrx_word' id='word_1_208' title='bbox 578 3591 666 3669; x_wconf 84' lang='lat' dir='ltr'><strong>Apud</strong></span> <span class='ocrx_word' id='word_1_209' title='bbox 745 3631 784 3644; x_wconf 90' lang='lat'><em>-</em></span> <span class='ocrx_word' id='word_1_210' title='bbox 803 3597 852 3660; x_wconf 79' lang='lat' dir='ltr'><strong>Ad</strong></span> <span class='ocrx_word' id='word_1_211' title='bbox 880 3599 1121 3674; x_wconf 86' lang='lat' dir='ltr'><strong>supplicationem</strong></span> <span class='ocrx_word' id='word_1_212' title='bbox 1149 3598 1270 3673; x_wconf 87' lang='lat' dir='ltr'><strong>capituti</strong></span> <span class='ocrx_word' id='word_1_213' title='bbox 1297 3596 1438 3668; x_wconf 81' lang='lat' dir='ltr'><strong>cizensis,</strong></span> <span class='ocrx_word' id='word_1_214' title='bbox 1461 3596 1575 3656; x_wconf 88' lang='lat' dir='ltr'><strong>arbitrii</strong></span> <span class='ocrx_word' id='word_1_215' title='bbox 1598 3599 1774 3657; x_wconf 88' lang='lat' dir='ltr'><strong>sententiam</strong></span> 
     </span>
     <span class='ocr_line' id='line_1_31' title="bbox 530 3688 1775 3772; baseline -0.002 -15"><span class='ocrx_word' id='word_1_216' title='bbox 530 3688 707 3768; x_wconf 69' lang='lat' dir='ltr'><strong>Augustum·</strong></span> <span class='ocrx_word' id='word_1_217' title='bbox 785 3693 1356 3772; x_wconf 81' lang='lat' dir='ltr'><strong>anno12a0,menseiebroario‚iatam</strong></span> <span class='ocrx_word' id='word_1_218' title='bbox 1368 3691 1536 3766; x_wconf 81' lang='lat' dir='ltr'><strong>confirmat,</strong></span> <span class='ocrx_word' id='word_1_219' title='bbox 1553 3709 1613 3769; x_wconf 91' lang='lat' dir='ltr'><strong>qua</strong></span> <span class='ocrx_word' id='word_1_220' title='bbox 1630 3694 1775 3755; x_wconf 84' lang='lat' dir='ltr'><strong>deciditur</strong></span> 
     </span>
     <span class='ocr_line' id='line_1_32' title="bbox 784 3789 1774 3868; baseline 0 -17"><span class='ocrx_word' id='word_1_221' title='bbox 784 3793 956 3852; x_wconf 86' lang='lat' dir='ltr'><strong>eiectionem</strong></span> <span class='ocrx_word' id='word_1_222' title='bbox 969 3790 1209 3868; x_wconf 84' lang='lat' dir='ltr'><strong>Noanborgensis</strong></span> <span class='ocrx_word' id='word_1_223' title='bbox 1224 3791 1351 3866; x_wconf 84' lang='lat' dir='ltr'><strong>episcopi</strong></span> <span class='ocrx_word' id='word_1_224' title='bbox 1365 3789 1477 3850; x_wconf 85' lang='lat' dir='ltr'><strong>Gizensi</strong></span> <span class='ocrx_word' id='word_1_225' title='bbox 1491 3791 1620 3866; x_wconf 86' lang='lat' dir='ltr'><strong>capitolo</strong></span> <span class='ocrx_word' id='word_1_226' title='bbox 1632 3806 1693 3851; x_wconf 93' lang='lat' dir='ltr'><strong>non</strong></span> <span class='ocrx_word' id='word_1_227' title='bbox 1707 3807 1774 3867; x_wconf 91' lang='lat' dir='ltr'><strong>per-</strong></span> 
     </span>
    </p>

    <p class='ocr_par' dir='ltr' id='par_1_24' title="bbox 785 3883 1774 3962">
     <span class='ocr_line' id='line_1_33' title="bbox 785 3883 1774 3962; baseline -0.002 -16"><span class='ocrx_word' id='word_1_228' title='bbox 785 3889 879 3946; x_wconf 89' lang='lat' dir='ltr'><strong>tinere</strong></span> <span class='ocrx_word' id='word_1_229' title='bbox 898 3893 929 3946; x_wconf 88' lang='lat' dir='ltr'><strong>et</strong></span> <span class='ocrx_word' id='word_1_230' title='bbox 947 3885 1067 3946; x_wconf 84' lang='lat' dir='ltr'><strong>atatam</strong></span> <span class='ocrx_word' id='word_1_231' title='bbox 1091 3884 1217 3945; x_wconf 81' lang='lat' dir='ltr'><strong>cizensis</strong></span> <span class='ocrx_word' id='word_1_232' title='bbox 1240 3884 1376 3944; x_wconf 89' lang='lat' dir='ltr'><strong>ecciesiae</strong></span> <span class='ocrx_word' id='word_1_233' title='bbox 1398 3883 1619 3961; x_wconf 85' lang='lat' dir='ltr'><strong>Nuenburgensi</strong></span> <span class='ocrx_word' id='word_1_234' title='bbox 1639 3887 1774 3962; x_wconf 91' lang='lat' dir='ltr'><strong>episcopo</strong></span> 
     </span>
    </p>

    <p class='ocr_par' dir='ltr' id='par_1_25' title="bbox 785 3978 1774 4042">
     <span class='ocr_line' id='line_1_34' title="bbox 785 3978 1774 4042; baseline -0.004 0"><span class='ocrx_word' id='word_1_235' title='bbox 785 3982 949 4042; x_wconf 88' lang='lat' dir='ltr'><strong>decaetero</strong></span> <span class='ocrx_word' id='word_1_236' title='bbox 964 3978 1404 4040; x_wconf 88' lang='lat' dir='ltr'><strong>nuilatennsadscribidebare.</strong></span> <span class='ocrx_word' id='word_1_237' title='bbox 1736 3987 1774 4039; x_wconf 81' lang='lat'><strong>95</strong></span> 
     </span>
    </p>

    <p class='ocr_par' dir='ltr' id='par_1_26' title="bbox 360 4073 1777 4344">
     <span class='ocr_line' id='line_1_35' title="bbox 360 4073 1774 4154; baseline -0.001 -20"><span class='ocrx_word' id='word_1_238' title='bbox 360 4079 497 4154; x_wconf 79' lang='lat' dir='ltr'><strong>augusto.</strong></span> <span class='ocrx_word' id='word_1_239' title='bbox 581 4076 669 4153; x_wconf 80' lang='lat' dir='ltr'><strong>Apud</strong></span> <span class='ocrx_word' id='word_1_240' title='bbox 747 4110 786 4124; x_wconf 93' lang='lat'>-</span> <span class='ocrx_word' id='word_1_241' title='bbox 805 4079 911 4138; x_wconf 85' lang='lat' dir='ltr'><strong>itatem</strong></span> <span class='ocrx_word' id='word_1_242' title='bbox 934 4077 1023 4136; x_wconf 89' lang='lat' dir='ltr'><strong>habat</strong></span> <span class='ocrx_word' id='word_1_243' title='bbox 1040 4082 1070 4135; x_wconf 90' lang='lat' dir='ltr'><strong>et</strong></span> <span class='ocrx_word' id='word_1_244' title='bbox 1091 4075 1246 4136; x_wconf 82' lang='lat' dir='ltr'><strong>confirmat</strong></span> <span class='ocrx_word' id='word_1_245' title='bbox 1266 4077 1445 4149; x_wconf 84' lang='lat' dir='ltr'><strong>emptionem</strong></span> <span class='ocrx_word' id='word_1_246' title='bbox 1464 4073 1573 4132; x_wconf 84' lang='lat' dir='ltr'><strong>iactam</strong></span> <span class='ocrx_word' id='word_1_247' title='bbox 1593 4089 1644 4149; x_wconf 93' lang='lat' dir='ltr'><strong>per</strong></span> <span class='ocrx_word' id='word_1_248' title='bbox 1664 4073 1774 4134; x_wconf 85' lang='lat' dir='ltr'><strong>Conra-</strong></span> 
     </span>
     <span class='ocr_line' id='line_1_36' title="bbox 533 4167 1776 4250; baseline -0.002 -18"><span class='ocrx_word' id='word_1_249' title='bbox 533 4170 709 4250; x_wconf 79' lang='lat' dir='ltr'><strong>Augustam.</strong></span> <span class='ocrx_word' id='word_1_250' title='bbox 786 4174 859 4234; x_wconf 88' lang='lat' dir='ltr'><strong>dnm</strong></span> <span class='ocrx_word' id='word_1_251' title='bbox 870 4176 1040 4250; x_wconf 89' lang='lat' dir='ltr'><strong>episcopum</strong></span> <span class='ocrx_word' id='word_1_252' title='bbox 1051 4170 1305 4248; x_wconf 83' lang='lat' dir='ltr'><strong>Osnaburgensem</strong></span> <span class='ocrx_word' id='word_1_253' title='bbox 1317 4185 1335 4228; x_wconf 91' lang='lat' dir='ltr'><strong>a</strong></span> <span class='ocrx_word' id='word_1_254' title='bbox 1347 4171 1452 4228; x_wconf 88' lang='lat' dir='ltr'><strong>comite</strong></span> <span class='ocrx_word' id='word_1_255' title='bbox 1466 4167 1725 4247; x_wconf 86' lang='lat' dir='ltr'><strong>Teckneburgensi</strong></span> <span class='ocrx_word' id='word_1_256' title='bbox 1738 4169 1776 4229; x_wconf 92' lang='lat' dir='ltr'><strong>de</strong></span> 
     </span>
     <span class='ocr_line' id='line_1_37' title="bbox 787 4265 1777 4344; baseline -0.004 -14"><span class='ocrx_word' id='word_1_257' title='bbox 787 4270 949 4330; x_wconf 83' lang='lat' dir='ltr'><strong>advocatiis</strong></span> <span class='ocrx_word' id='word_1_258' title='bbox 968 4269 1105 4330; x_wconf 86' lang='lat' dir='ltr'><strong>ecciesiae</strong></span> <span class='ocrx_word' id='word_1_259' title='bbox 1125 4267 1273 4344; x_wconf 74' lang='lat' dir='ltr'><strong>ejusdem,</strong></span> <span class='ocrx_word' id='word_1_260' title='bbox 1290 4266 1432 4340; x_wconf 88' lang='lat' dir='ltr'><strong>scriptum</strong></span> <span class='ocrx_word' id='word_1_261' title='bbox 1452 4265 1628 4326; x_wconf 83' lang='lat' dir='ltr'><strong>venditionis</strong></span> <span class='ocrx_word' id='word_1_262' title='bbox 1642 4266 1731 4343; x_wconf 73' lang='lat' dir='ltr'><strong>buirus</strong></span> <span class='ocrx_word' id='word_1_263' title='bbox 1744 4268 1777 4326; x_wconf 92' lang='lat' dir='ltr'><strong>in</strong></span> 
     </span>
    </p>

    <p class='ocr_par' dir='ltr' id='par_1_27' title="bbox 787 4367 1775 4443">
     <span class='ocr_line' id='line_1_38' title="bbox 787 4367 1775 4443; baseline -0.003 -17"><span class='ocrx_word' id='word_1_264' title='bbox 787 4367 1174 4443; x_wconf 79' lang='lat' dir='ltr'><strong>ipsopriviiagioinserens.</strong></span> <span class='ocrx_word' id='word_1_265' title='bbox 1737 4370 1775 4423; x_wconf 80' lang='lat'><strong>98</strong></span> 
     </span>
    </p>

    <p class='ocr_par' dir='ltr' id='par_1_28' title="bbox 365 4457 1778 4734">
     <span class='ocr_line' id='line_1_39' title="bbox 365 4457 1776 4540; baseline -0.002 -20"><span class='ocrx_word' id='word_1_266' title='bbox 365 4464 499 4540; x_wconf 75' lang='lat' dir='ltr'><strong>angusto.</strong></span> <span class='ocrx_word' id='word_1_267' title='bbox 549 4459 586 4520; x_wconf 91' lang='lat' dir='ltr'><strong>In</strong></span> <span class='ocrx_word' id='word_1_268' title='bbox 599 4461 703 4521; x_wconf 89' lang='lat' dir='ltr'><strong>eastris</strong></span> <span class='ocrx_word' id='word_1_269' title='bbox 750 4493 789 4509; x_wconf 90' lang='lat'><em>—</em></span> <span class='ocrx_word' id='word_1_270' title='bbox 809 4463 857 4523; x_wconf 81' lang='lat' dir='ltr'><strong>Ad</strong></span> <span class='ocrx_word' id='word_1_271' title='bbox 870 4464 1113 4540; x_wconf 85' lang='lat' dir='ltr'><strong>supplicationem</strong></span> <span class='ocrx_word' id='word_1_272' title='bbox 1126 4461 1288 4521; x_wconf 87' lang='lat' dir='ltr'><strong>Hermanni</strong></span> <span class='ocrx_word' id='word_1_273' title='bbox 1299 4460 1433 4537; x_wconf 77' lang='lat' dir='ltr'><strong>magbtri</strong></span> <span class='ocrx_word' id='word_1_274' title='bbox 1447 4458 1598 4534; x_wconf 88' lang='lat' dir='ltr'><strong>hospitalis</strong></span> <span class='ocrx_word' id='word_1_275' title='bbox 1613 4457 1776 4520; x_wconf 86' lang='lat' dir='ltr'><strong>Theutoni-</strong></span> 
     </span>
     <span class='ocr_line' id='line_1_40' title="bbox 516 4540 1778 4635; baseline 0 -19"><span class='ocrx_word' id='word_1_276' title='bbox 516 4557 735 4635; x_wconf 89' lang='lat' dir='ltr'><strong>apudBrideri·</strong></span> <span class='ocrx_word' id='word_1_277' title='bbox 790 4575 891 4619; x_wconf 88' lang='lat' dir='ltr'><strong>corum</strong></span> <span class='ocrx_word' id='word_1_278' title='bbox 908 4565 938 4618; x_wconf 91' lang='lat' dir='ltr'><strong>et</strong></span> <span class='ocrx_word' id='word_1_279' title='bbox 955 4559 1077 4618; x_wconf 85' lang='lat' dir='ltr'><strong>fratrum</strong></span> <span class='ocrx_word' id='word_1_280' title='bbox 1099 4555 1178 4634; x_wconf 85' lang='lat' dir='ltr'><strong>ejus,</strong></span> <span class='ocrx_word' id='word_1_281' title='bbox 1196 4540 1241 4616; x_wconf 81' lang='lat' dir='ltr'><strong>cis</strong></span> <span class='ocrx_word' id='word_1_282' title='bbox 1263 4553 1418 4616; x_wconf 83' lang='lat' dir='ltr'><strong>confirmat</strong></span> <span class='ocrx_word' id='word_1_283' title='bbox 1439 4557 1630 4631; x_wconf 84' lang='lat' dir='ltr'><strong>proprietates</strong></span> <span class='ocrx_word' id='word_1_284' title='bbox 1651 4561 1681 4615; x_wconf 88' lang='lat' dir='ltr'><strong>et</strong></span> <span class='ocrx_word' id='word_1_285' title='bbox 1699 4555 1778 4616; x_wconf 87' lang='lat' dir='ltr'><strong>bona</strong></span> 
     </span>
     <span class='ocr_line' id='line_1_41' title="bbox 557 4652 1778 4734; baseline -0.003 -19"><span class='ocrx_word' id='word_1_286' title='bbox 557 4654 694 4734; x_wconf 77' lang='lat' dir='ltr'><strong>ubingen.</strong></span> <span class='ocrx_word' id='word_1_287' title='bbox 791 4671 866 4732; x_wconf 88' lang='lat' dir='ltr'><strong>quae</strong></span> <span class='ocrx_word' id='word_1_288' title='bbox 888 4655 976 4715; x_wconf 84' lang='lat' dir='ltr'><strong>irater</strong></span> <span class='ocrx_word' id='word_1_289' title='bbox 998 4655 1179 4714; x_wconf 85' lang='lat' dir='ltr'><strong>Heimericus</strong></span> <span class='ocrx_word' id='word_1_290' title='bbox 1205 4653 1284 4713; x_wconf 84' lang='lat' dir='ltr'><strong>iliius</strong></span> <span class='ocrx_word' id='word_1_291' title='bbox 1304 4652 1455 4730; x_wconf 89' lang='lat' dir='ltr'><strong>quondam</strong></span> <span class='ocrx_word' id='word_1_292' title='bbox 1479 4652 1622 4713; x_wconf 84' lang='lat' dir='ltr'><strong>Hartwici</strong></span> <span class='ocrx_word' id='word_1_293' title='bbox 1641 4653 1778 4730; x_wconf 83' lang='lat' dir='ltr'><strong>magistri</strong></span> 
     </span>
    </p>

    <p class='ocr_par' dir='ltr' id='par_1_29' title="bbox 791 4748 1776 4830">
     <span class='ocr_line' id='line_1_42' title="bbox 791 4748 1776 4830; baseline -0.004 -18"><span class='ocrx_word' id='word_1_294' title='bbox 791 4753 943 4830; x_wconf 87' lang='lat' dir='ltr'><strong>coquinae,</strong></span> <span class='ocrx_word' id='word_1_295' title='bbox 956 4751 1051 4812; x_wconf 89' lang='lat' dir='ltr'><strong>eidam</strong></span> <span class='ocrx_word' id='word_1_296' title='bbox 1062 4750 1164 4810; x_wconf 91' lang='lat' dir='ltr'><strong>domni</strong></span> <span class='ocrx_word' id='word_1_297' title='bbox 1175 4748 1283 4810; x_wconf 86' lang='lat' dir='ltr'><strong>obtulit</strong></span> <span class='ocrx_word' id='word_1_298' title='bbox 1294 4755 1325 4810; x_wconf 90' lang='lat' dir='ltr'><strong>at</strong></span> <span class='ocrx_word' id='word_1_299' title='bbox 1337 4749 1491 4812; x_wconf 86' lang='lat' dir='ltr'><strong>concessit.</strong></span> <span class='ocrx_word' id='word_1_300' title='bbox 1721 4755 1776 4808; x_wconf 85' lang='lat'><strong>100</strong></span> 
     </span>
    </p>
   </div>
   <div class='ocr_carea' id='block_1_4' title="bbox 0 0 2304 6036">
    <p class='ocr_par' dir='ltr' id='par_1_30' title="bbox 0 0 2304 6036">
     <span class='ocr_line' id='line_1_43' title="bbox 0 0 2304 6036; baseline 0 0"><span class='ocrx_word' id='word_1_301' title='bbox 0 0 2304 6036; x_wconf 95' lang='lat' dir='ltr'><strong> </strong></span> 
     </span>
    </p>
   </div>
  </div>
 </body>
</html>
