4374 6010
534 681 597 743 848
1034 682 1248 746 intuente!
1275 683 1447 746 ssscuunt
1754 680 1836 759 [un.
1855 681 1943 744 istu

552 863 558 872 -
583 816 723 908 sempsit
734 815 884 886 uowrius
897 813 1022 886 Petrus
1041 815 1080 886 de
1099 815 1243 910 Capua:
1303 823 1308 830 ’

581 937 801 1028 Fredericus,
824 953 907 1030 etc,
926 937 1131 1011 custodibus
1148 961 1284 1014 camere
1299 938 1431 1030 Mollia,
1458 947 1524 1012 etc.
1541 936 1711 1012 Fidelituti
1729 937 1946 1032 vestreffpre-

533 1061 693 1156 cipiendo
715 1060 919 1132 mandamus
945 1069 1116 1152 quatenus
1139 1063 1381 1155 quaterniones
1406 1059 1585 1156 quondam
1609 1061 1699 1133 Petri
1723 1059 1769 1133 de
1791 1061 1944 1133 Cenneto

533 1206 620 1278 quos
639 1184 738 1256 vobis
761 1185 847 1255 lator
863 1183 1072 1278 presentium
1088 1184 1293 1277 assignabit,
1311 1186 1464 1279 recipere
1479 1183 1668 1277 procuretis
1683 1193 1718 1255 et
1734 1185 1781 1254 ita
1797 1181 1944 1256 fideliter

532 1331 573 1387 ac
597 1307 778 1401 diligenter
801 1305 1003 1380 custodiatis
1023 1307 1169 1410 eosdem,
1187 1317 1225 1378 ut
1252 1306 1406 1380 studium
1432 1315 1586 1380 restrum
1611 1307 1740 1382 exinde
1765 1329 1943 1380 cummen-

532 1432 667 1505 demus.

580 1557 705 1628 Datum
722 1556 819 1642 Orte,
837 1553 913 1635 Xlll
932 1553 1063 1641 martii,
1085 1554 1160 1626 Xlll
1177 1553 1387 1628 indictionis

584 2119 805 2204 Mandatum
831 2122 881 2205 ud
900 2123 1158 2206 Alexandrum
1181 2125 1304 2210 filium
1328 2127 1498 2234 Raurici,
1527 2127 1576 2210 de
1603 2155 1681 2209 unu
1703 2127 1791 2209 naui
1813 2126 1942 2208 curiae

530 2251 723 2335 frumento
750 2265 905 2336 onerata
923 2255 973 2336 ud
999 2256 1224 2338 Riccurdum
1248 2258 1507 2370 Filengerium
1536 2259 1684 2368 imperii
1708 2259 1877 2370 legatum
1899 2256 1941 2336 iu

531 2383 640 2494 Syria
666 2385 871 2493 mittenda,
896 2388 945 2468 de
967 2389 1140 2496 expensis
1164 2389 1273 2471 fectis
1295 2391 1335 2470 in
1363 2391 1628 2498 cestriensi,
1656 2391 1771 2474 Trani
1796 2400 1832 2470 et
1855 2387 1942 2470 An-

530 2515 653 2626 driae,
679 2528 717 2600 et
742 2519 790 2600 de
816 2518 1047 2627 quibusdam
1072 2519 1157 2602 aliis
1184 2547 1297 2630 super
1319 2524 1460 2632 quibus
1488 2549 1715 2632 responsum
1742 2547 1864 2632 usque
1890 2521 1942 2602 ad

529 2648 710 2758 principis
728 2650 932 2732 adventum
949 2649 1133 2734 differtur.

612 2851 739 2932 (depost.
755 2853 855 2932 imper.
871 2847 991 2912 rude.
1006 2853 1046 2928 11,
1059 2851 1111 2913 iol.
1126 2861 1163 2914 ss
1181 2860 1278 2932 recto;
1294 2857 1326 2915 tn
1338 2855 1410 2915 edit.
1427 2853 1565 2930 Curcum,
1580 2873 1611 2932 p.
1628 2854 1710 2934 utu.)

579 3023 627 3094 De
640 3023 796 3094 mundato
811 3027 901 3116 sacto
911 3046 971 3117 per
986 3025 1181 3116 mopistrum
1194 3027 1330 3096 Petrum
1345 3025 1385 3096 dc
1404 3028 1503 3098 Vinea
1517 3027 1649 3120 scripsit
1664 3025 1704 3096 G.
1723 3025 1763 3094 de
1784 3023 1903 3094 Tereo:

579 3147 793 3234 modericus,
814 3155 898 3234 etc,
918 3145 1116 3218 Alexandro
1136 3147 1206 3219 filio
1223 3148 1377 3236 Henrici,
1399 3160 1465 3222 etc.
1482 3150 1600 3220 Plures
1615 3149 1749 3220 licturus
1768 3145 1941 3218 fidelitatis

531 3279 590 3342 tue
603 3271 701 3362 plura
719 3269 866 3362 capitula
887 3269 1100 3340 continentes
1118 3270 1267 3362 benigno
1285 3273 1490 3365 recepimus,
1510 3281 1544 3344 et
1561 3293 1642 3344 ecee
1658 3270 1719 3341 tibi
1735 3269 1781 3342 ad
1802 3269 1939 3362 singula

530 3391 804 3486 respondemus:
821 3391 991 3486 primodo
1014 3395 1095 3464 navi
1112 3402 1251 3466 onerata
1274 3395 1445 3466 frumento
1463 3415 1567 3489 quam
1587 3394 1630 3466 ud
1651 3395 1690 3466 R.
1709 3393 1939 3485 Filangerium

530 3516 765 3587 marescallum
779 3523 813 3586 et
830 3514 969 3587 fidelem
986 3508 1152 3606 nostrum,
1172 3517 1260 3588 sacri
1278 3519 1411 3612 imperii
1425 3520 1459 3588 in
1474 3519 1559 3589 Siria
1578 3519 1741 3610 legatum.
1761 3515 1823 3586 tibi
1840 3537 1940 3586 man·

531 3637 692 3710 davimus
718 3637 957 3710 destinandam
983 3661 1045 3734 pro
1066 3639 1247 3734 stipendiis
1265 3641 1411 3712 militum
1428 3642 1489 3734 qui
1505 3663 1584 3711 cum
1605 3645 1679 3734 ipso
1700 3649 1876 3712 morantur
1892 3637 1940 3708 ad

529 3760 706 3832 seruitium
729 3771 899 3851 nostrum,
923 3762 968 3834 dc
984 3783 1053 3856 quo
1069 3772 1187 3834 nostro
1207 3764 1347 3834 culmini
1369 3764 1569 3858 rescripsisti
1595 3763 1690 3856 quod
1709 3761 1847 3835 duabus
1864 3771 1939 3832 tun-

529 3893 603 3956 ium
618 3884 765 3956 navibus
777 3885 903 3956 nostris
915 3884 1063 3957 inventis
1076 3885 1261 3956 Brundusii
1275 3886 1370 3960 curie
1383 3897 1498 3959 nostre
1517 3897 1551 3959 et
1562 3895 1789 3958 mercatorum
1808 3884 1939 3956 victua·

529 4009 622 4080 libus
644 4007 810 4099 oneratis,
838 4006 883 4079 de
906 4008 1068 4080 mandato
1089 4009 1259 4082 ammirati
1284 4008 1395 4082 fidelis
1424 4010 1529 4084 nestri
1555 4032 1660 4084 unum
1686 4009 1790 4080 aliam
1813 4027 1936 4080 navem

529 4130 710 4223 cujusdam
726 4130 813 4204 civis
827 4130 1014 4203 Brundusii
1029 4131 1066 4202 in
1081 4123 1152 4226 qua'
1170 4135 1266 4204 curin
1282 4143 1398 4206 nostra
1413 4133 1545 4206 tertiam
1565 4143 1695 4227 partem
1712 4131 1816 4204 habet
1831 4131 1938 4201 inve-

389 4335 395 4348 ,
527 4252 607 4324 nisti
632 4273 794 4347 capacem
813 4251 959 4324 duarum
974 4251 1106 4322 milium
1119 4253 1304 4326 salmurum
1323 4254 1496 4342 frumenti,
1516 4255 1627 4348 placet
1639 4253 1808 4345 majestati
1823 4261 1938 4323 nostre

527 4385 567 4448 ut
580 4397 703 4448 navem
722 4375 832 4470 ipsam
850 4396 927 4446 cum
948 4373 1086 4446 duobus
1107 4376 1245 4448 milibus
1268 4377 1384 4448 salmis
1402 4377 1564 4449 frumenti
1587 4375 1785 4448 addictum
1807 4395 1936 4446 mares·

527 4500 651 4571 callum
671 4497 806 4570 fidelem
821 4512 975 4569 nostrum
994 4499 1220 4571 transmictas.
1235 4501 1362 4573 Verum
1382 4501 1465 4596 quia
1482 4499 1647 4596 scripsisti
1667 4509 1702 4572 te
1721 4521 1790 4571 non
1807 4497 1936 4570 habere

526 4621 572 4694 de
584 4621 753 4694 frumento
765 4620 860 4692 curie
874 4630 988 4693 nostre
999 4643 1061 4716 pro
1073 4622 1224 4715 predicto
1241 4624 1402 4696 mandato
1419 4624 1635 4719 complendo,
1654 4643 1735 4696 ecco
1752 4621 1934 4693 scribimus

526 4747 554 4820 lt
584 4745 629 4818 de
650 4743 902 4818 Monteiusculo
916 4743 1100 4836 justitiario
1114 4745 1302 4841 Capitinatc
1320 4747 1414 4822 fideli
1436 4757 1552 4830 nostre
1569 4757 1604 4820 et
1627 4747 1721 4820 tratri
1742 4745 1784 4818 Α.
1806 4753 1934 4820 statuto
