4384 6004
544 564 625 626 ltlt
1045 564 1264 624 rbtntttttcl
1288 563 1465 624 SECUNDl
1771 556 1854 632 [dn.
1872 551 1966 612 1241·

542 701 651 772 muris
671 709 706 771 et
726 699 895 772 machinis
912 697 1055 789 dirutis,
1075 709 1111 771 et
1133 699 1232 772 fossis
1249 699 1374 774 nostris
1392 695 1624 771 subterraneis
1642 692 1760 764 intima
1778 698 1968 786 penetrau-

544 825 636 895 tibus
651 823 820 911 civitatis,
841 831 880 893 ut
901 822 1029 896 bellum
1049 831 1120 896 tam
1138 824 1282 896 interius
1294 845 1400 918 quam
1419 821 1574 894 exterius
1589 825 1784 914 gereretur,
1809 821 1848 884 et
1868 811 1969 884 cives

543 948 636 1042 ipsos
653 955 825 1041 oporteret
839 967 982 1041 corpora
1004 967 1066 1041 pro
1089 948 1199 1020 muris
1219 968 1396 1043 exponere
1417 946 1479 1040 qni
1499 963 1740 1038 aggressorum
1766 949 1968 1012 nostrorum

545 1070 729 1141 insultibus
752 1069 1025 1163 expetebantur,
1054 1091 1125 1164 qno
1154 1070 1269 1142 minus
1292 1069 1418 1164 gladiis
1441 1069 1648 1142 bellatorum
1668 1073 1704 1136 et
1731 1086 1753 1136 a
1777 1061 1968 1134 victorioso

544 1193 699 1266 exercitu
721 1201 837 1264 nostro
853 1193 1050 1266 nullatenus
1068 1192 1284 1267 confiderent
1300 1215 1339 1267 se
1353 1193 1460 1283 tueri,
1484 1199 1693 1285 quapropter
1711 1186 1759 1261 ad
1776 1185 1968 1280 implorau-

545 1316 626 1388 dam
646 1325 761 1388 nostre
774 1316 1048 1389 mansuetudinis
1065 1318 1234 1408 gratiam,
1252 1317 1361 1390 veluti
1378 1317 1439 1409 qui
1457 1315 1610 1388 vicinum
1627 1312 1733 1388 etiam
1755 1308 1968 1382 incumbens

545 1440 791 1512 exterminium
819 1439 1068 1531 formidabant,
1087 1449 1159 1512 tota
1183 1463 1222 1512 se
1246 1440 1452 1514 universitas
1471 1440 1531 1511 illa
1553 1437 1725 1510 convenit
1744 1461 1754 1506 a
1776 1432 1967 1527 atquibus

546 1565 760 1658 expugnatio
788 1563 947 1657 proxima
971 1566 1090 1644 mortis
1114 1565 1309 1659 periculum
1338 1563 1552 1650 minabatur,
1578 1561 1684 1632 vitam
1707 1558 1815 1630 nimia
1839 1556 1968 1628 indul-

547 1686 663 1779 gentia
682 1698 798 1758 nostra
819 1686 1000 1777 tribueret,
1023 1696 1058 1760 et
1078 1687 1313 1760 misericordia
1331 1708 1401 1782 que
1415 1685 1669 1781 superexaltata
1685 1681 1819 1775 judicio
1841 1701 1966 1776 posce·

546 1811 666 1900 batur,
692 1809 883 1882 manifestis
895 1830 1016 1882 eornm
1034 1810 1238 1882 excessibus
1254 1810 1371 1882 locum
1397 1809 1498 1882 venie
1516 1817 1704 1903 repararet.
1723 1804 1778 1878 Ad
1797 1805 1968 1876 clamores

547 1934 652 2027 igitur
666 1941 702 2004 et
714 1933 970 2028 implorationes
986 1934 1105 2028 populi
1119 1933 1239 2024 nostri,
1255 1955 1361 2029 quam
1375 1933 1519 2027 quidem
1536 1942 1618 2004 nom
1635 1930 1796 2020 rebellio,
1815 1927 1847 1999 si
1865 1925 1966 1998 tactis

546 2061 682 2150 equitas
697 2054 932 2150 responderet,
948 2056 995 2129 ad
1012 2057 1271 2129 exauditionem
1284 2054 1428 2150 indigne
1438 2057 1619 2151 reciperet,
1634 2054 1802 2126 invictum
1818 2075 1841 2124 a
1856 2050 1966 2122 victo·

547 2179 608 2251 riis
628 2179 782 2251 omnium
801 2179 956 2251 animum
973 2181 1154 2254 elementia
1170 2191 1285 2252 nostra
1305 2179 1402 2270 vicit,
1420 2189 1455 2252 et
1473 2201 1553 2251 curn
1573 2179 1675 2251 vietis
1698 2172 1967 2250 misericorditer

548 2323 651 2396 agere
670 2324 732 2376 uos
751 2302 902 2375 induxit.
921 2303 984 2376 Die
988 2356 1062 2374 .....
1077 2303 1298 2376 venientibus
1315 2302 1361 2376 ad
1378 2299 1487 2398 pedes
1505 2312 1619 2374 nostre
1633 2301 1814 2374 clementie
1830 2297 1967 2370 Faven-

548 2428 646 2517 tinis,
671 2437 706 2499 et
727 2426 773 2498 ad
792 2436 944 2500 nostrum
965 2427 1221 2524 beneplacitum
1245 2437 1280 2499 et
1299 2426 1503 2500 mandatum
1531 2427 1566 2496 in
1591 2434 1706 2496 nostra
1731 2420 1968 2494 misericordia

548 2551 721 2624 civitatem
737 2550 1001 2642 subjicientibus
1022 2561 1058 2624 et
1073 2573 1254 2646 personas,
1272 2549 1445 2624 fidelitatis
1462 2549 1577 2622 debite
1597 2548 1743 2644 prestitis
1757 2545 1967 2639 juramentis

549 2687 583 2746 et
600 2675 727 2746 illicitis
744 2675 955 2769 quibuslibet
970 2696 1040 2768 qne
1065 2675 1218 2747 lacerant
1242 2675 1428 2767 abjuratis,
1447 2695 1509 2748 eos
1529 2672 1574 2745 ad
1597 2672 1791 2745 dominium
1810 2677 1967 2742 nostrum

548 2807 583 2868 et
599 2799 743 2890 gratiam
763 2799 915 2891 benigne
936 2799 1150 2892 recepimus,
1167 2799 1331 2870 omnibus
1356 2819 1475 2870 eorum
1498 2795 1639 2870 offensis
1657 2804 1808 2868 nostram
1828 2791 1968 2864 miseri-

549 2921 701 2993 cordiam
720 2933 963 3017 preponentes,
981 2945 1060 2994 cum
1079 2921 1266 3016 gloriosum
1286 2921 1436 2995 vindicte
1452 2943 1563 3014 genus
1580 2941 1763 3015 pensemus
1784 2919 1967 3010 ignoscere

551 3046 682 3136 noxiis,
707 3045 789 3118 dum
817 3047 1030 3140 potuerimus
1056 3047 1272 3138 vindicasse,
1302 3069 1343 3119 ac
1367 3045 1525 3119 felicibus
1549 3046 1692 3118 victorie
1718 3055 1833 3115 nostre
1859 3040 1966 3114 titulis

550 3169 765 3240 ascribamus
781 3170 883 3240 saluti
901 3171 1080 3243 restituere
1103 3171 1261 3243 subditos
1279 3182 1313 3244 et
1336 3170 1480 3243 vivendi
1505 3169 1674 3244 Mneficio
1695 3167 1963 3257 condemnatos;

554 3302 590 3362 nt
604 3292 651 3362 nil
668 3293 812 3364 suavius
829 3293 885 3364 vel
898 3293 1026 3382 justius
1043 3303 1149 3388 atque
1162 3294 1347 3388 benignius
1361 3305 1537 3388 resumpto
1545 3297 1630 3388 jugo
1645 3291 1778 3386 imperii
1792 3291 1837 3364 de
1852 3303 1967 3364 cetero

428 3463 430 3468 -
553 3416 691 3486 ualeant
707 3415 872 3508 experiri.
896 3415 967 3488 Nec
988 3427 1041 3488 est
1059 3418 1151 3488 enim
1172 3417 1321 3490 amicum
1349 3417 1467 3507 cedis,
1493 3439 1558 3490 neo
1584 3416 1631 3489 ad
1654 3417 1859 3488 effusionem
1880 3438 1967 3487 san-

552 3537 668 3629 guinis
685 3539 881 3610 uocentium
892 3537 1112 3613 subditorum
1126 3563 1261 3612 sacrum]
1278 3542 1407 3636 aspirat
1425 3539 1610 3636 imperium
1625 3565 1634 3610 t
1649 3539 1711 3612 sed
1726 3543 1802 3633 ejus
1820 3539 1968 3610 illustrat

552 3661 672 3732 divina
691 3663 846 3758 potentia
867 3663 1011 3754 solium,
1032 3664 1266 3737 misericordia
1290 3675 1324 3737 et
1346 3666 1475 3738 veritas
1490 3646 1665 3752 ambiunt,
1686 3685 1755 3758 pax
1775 3673 1812 3735 et
1827 3663 1967 3755 justicia

553 3787 842 3880 complectuntur,
864 3787 898 3858 in
925 3788 1078 3859 ubertate
1099 3771 1374 3862 mansuetudinis
1398 3797 1569 3860 nostrast
1592 3787 1717 3884 patulis
1745 3787 1967 3882 amplexibus

552 3909 689 4004 pietatis
707 3911 875 3982 immense
889 3911 1127 4004 procedimus,
1151 3913 1413 3986 conversionem
1437 3909 1592 3984 fidelium
1608 3922 1842 4004 acceptantes,
1867 3921 1903 3983 et
1919 3911 1965 3984 ad

552 4032 730 4105 rebellium
749 4033 973 4127 pertinaciam
991 4033 1222 4108 edomandam
1240 4045 1434 4109 constanter
1449 4045 1483 4108 at
1498 4019 1716 4130 pertinaciter
1734 4019 1933 4108 insistentes
1954 4062 1963 4107 :

553 4166 591 4228 ut
605 4159 666 4251 qui
683 4159 835 4251 potentie
851 4167 968 4230 nostre
980 4180 1103 4232 manus
1112 4160 1213 4254 sequi
1231 4159 1419 4248 noluerint,
1439 4170 1474 4234 et
1485 4161 1520 4232 in
1534 4159 1720 4253 pertinacia
1733 4159 1963 4254 perdurarint,

551 4301 614 4374 per
630 4302 810 4354 murorum
827 4280 1044 4355 altitudinem
1064 4293 1099 4356 et
1121 4284 1288 4356 vallorum
1308 4281 1576 4377 profunditatem
1597 4283 1645 4356 ad
1667 4283 1866 4354 instantiam
1889 4305 1968 4356 nos-

553 4410 639 4474 tram
658 4402 807 4476 evadere
824 4426 892 4478 nou
909 4403 1098 4496 confidant,
1117 4427 1183 4478 nec
1203 4404 1363 4478 diffidant
1379 4405 1441 4499 qui
1462 4405 1561 4480 laoile
1578 4416 1844 4494 consecuntur,
1869 4405 1967 4501 apud

552 4533 698 4618 auguste
722 4524 815 4598 sedis
837 4527 980 4619 gloriam
1008 4527 1273 4602 misericorditer
1287 4529 1434 4618 gratiam
1456 4527 1625 4601 invenire.
1653 4529 1706 4600 Tu
1730 4550 1833 4620 vero,
1861 4551 1966 4623 quem

553 4647 670 4720 intime
684 4647 777 4720 aelus
795 4645 876 4720 fidei
890 4659 1005 4723 nostre
1019 4651 1100 4724 iecit
1113 4649 1240 4724 laboris
1256 4661 1292 4724 et
1306 4652 1420 4724 oneris
1433 4671 1503 4724 non
1520 4661 1713 4746 expertem,
1730 4651 1791 4746 qui
1807 4673 1870 4746 pro
1889 4673 1968 4724 nos·
