4374 6010
535 649 597 714 ara
1034 645 1250 711 rnruunicr
1273 646 1448 712 succum
1759 643 1945 728 [marato

535 783 692 882 lymituui
713 781 881 854 nobilium
900 781 1002 854 uobis
1024 791 1060 856 ct
1077 781 1147 856 lilio
1170 785 1282 858 illatas
1306 783 1450 878 injurias
1468 779 1685 870 emendaret,
1708 781 1946 856 anctoritatem

534 927 749 1004 omnemper
765 905 955 979 contrarias
968 907 1114 979 latentes
1135 908 1266 982 litteras
1286 909 1537 1002 subsequenter
1551 905 1694 978 ademit.
1714 903 1845 980 Eodem
1861 917 1946 980 met·

534 1033 610 1126 ipso
627 1039 781 1126 tompore
801 1050 865 1102 nec
879 1028 1195 1104 Mediolanensibus
1209 1053 1255 1106 ne
1267 1041 1386 1105 contra
1403 1029 1527 1104 fidelos
1548 1029 1683 1124 imperii
1702 1029 1947 1104 Cremonenses

535 1157 752 1248 insurgerent
763 1173 828 1225 uec
843 1151 1047 1224 Florentinis
1060 1173 1105 1226 ne
1122 1155 1292 1228 Senenses
1308 1154 1430 1228 fideles
1448 1163 1581 1226 nostros
1599 1151 1812 1228 offenderent
1832 1155 1947 1249 potui-

535 1299 614 1351 mus
636 1277 772 1371 aliquas
791 1275 921 1348 litteras
945 1276 1119 1368 obtinere,
1140 1299 1220 1350 cnm
1238 1278 1339 1352 nobie
1362 1279 1398 1349 iu
1415 1277 1588 1350 auxilium
1614 1277 1766 1372 ipsorum
1784 1297 1829 1350 ne
1846 1277 1947 1352 iude·

536 1405 667 1477 tensam
683 1400 934 1473 dimitteremus
955 1399 1143 1473 Ecclesiam
1165 1401 1377 1497 procedendi
1391 1401 1563 1474 licentiam
1582 1400 1783 1495 denegaret.
1801 1402 1838 1472 ln
1857 1401 1947 1474 Ger-

535 1523 686 1599 maniam
711 1521 841 1596 deiude
858 1521 1124 1618 procedentibus
1144 1523 1246 1598 nobis
1267 1524 1313 1598 ad
1334 1524 1553 1620 primogeniti
1571 1523 1632 1596 lilii
1654 1525 1759 1597 nostri
1783 1525 1946 1600 malitiam

534 1644 802 1744 reprimendam,
818 1647 971 1718 favorem
985 1667 1122 1719 omnem
1136 1649 1293 1743 promisit
1307 1657 1471 1721 oretenus
1488 1673 1498 1718 r
1513 1645 1576 1720 sed
1592 1667 1655 1742 per
1669 1647 1830 1719 nuntium
1843 1669 1946 1721 suum

534 1772 663 1846 litteras
682 1771 728 1844 de
743 1769 919 1844 credentia
933 1769 1143 1844 deferentem
1162 1771 1375 1867 principibus
1388 1771 1515 1846 uostris
1533 1771 1712 1845 uobiscum
1730 1771 1947 1866 presentibus

535 1895 571 1966 in
586 1895 683 1968 curia
698 1893 899 1988 Magantiua
916 1895 984 1967 snb
1001 1895 1094 1966 omni
1118 1916 1189 1990 qua
1209 1895 1321 1990 potuit
1335 1895 1551 1970 attestatione
1570 1895 1714 1968 latenter
1730 1894 1882 1989 injunxit
1903 1917 1948 1972 ne

534 2017 692 2090 electioni
715 2015 777 2090 lilii
795 2018 903 2089 nostri
925 2017 1067 2090 minoris
1089 2019 1146 2090 vel
1168 2019 1352 2111 cujuslibet
1374 2017 1421 2092 de
1445 2017 1549 2092 domu
1578 2026 1614 2090 et
1633 2019 1806 2110 sauguine
1831 2027 1947 2093 nostro

534 2141 638 2215 modo
663 2141 818 2236 quolibet
845 2141 1086 2214 consentirent.
1116 2143 1318 2215 Processum
1347 2151 1503 2215 nostrum
1528 2139 1657 2215 deinde
1685 2142 1723 2214 in
1747 2135 1877 2215 ltaliam
1900 2143 1947 2218 ad

536 2265 794 2340 reformandum
815 2265 999 2360 imperium
1016 2265 1053 2338 iu
1071 2264 1194 2338 cadem
1217 2287 1279 2361 per
1294 2265 1423 2339 litteras
1437 2276 1473 2338 et
1490 2265 1630 2338 nuntios
1645 2285 1749 2350 snos,
1770 2267 1948 2361 presertim

535 2391 736 2487 episcopum
753 2390 989 2464 Prenestinum
1004 2389 1066 2484 qui
1083 2389 1292 2462 Placentiam
1309 2398 1345 2464 et
1359 2389 1535 2464 Mantuam
1552 2389 1730 2484 omniqua
1743 2390 1857 2485 potuit
1871 2389 1949 2465 oal-

535 2514 674 2587 liditatis
691 2512 816 2586 iraude
830 2512 1013 2604 subduxit,
1035 2521 1137 2607 pmut
1154 2513 1256 2586 scivit
1276 2523 1312 2586 et
1327 2513 1452 2609 potuit,
1470 2513 1678 2609 propedivit.
1696 2513 1849 2586 Tandem
1867 2537 1948 2588 cum

535 2647 614 2734 post
639 2637 815 2711 obtentam
844 2638 991 2710 iaciente
1018 2636 1164 2710 Domino
1191 2637 1237 2710 de
1267 2635 1576 2710 Mediolanensinm
1602 2647 1717 2729 strage
1745 2638 1945 2731 victorium,

534 2762 699 2858 prodesse
713 2761 781 2834 sibi
802 2762 947 2834 furtivas
964 2759 1166 2854 hujusmodi
1189 2761 1378 2856 legationes
1395 2769 1430 2834 et
1449 2760 1579 2834 litteras
1601 2783 1672 2834 non
1692 2760 1847 2854 videret,
1865 2783 1949 2838 ense

534 2902 650 2959 nostre
658 2885 791 2979 justitie
809 2906 872 2958 sue
887 2883 1042 2979 nequitie
1057 2883 1240 2958 fraudibus
1256 2884 1468 2979 prevalente,
1485 2885 1704 2979 prooessibns
1719 2885 1844 2960 nostris
1857 2885 1950 2986 oepit

534 3009 766 3107 apertioribus
798 3009 984 3082 obstaculis
1015 3007 1181 3100 obviare,
1217 3007 1435 3082 manifestius
1463 3007 1655 3082 inhibendo
1685 3009 1882 3084 civitatibus
1913 3019 1950 3084 et

535 3133 709 3208 nobilibus
722 3132 874 3205 marchia
892 3130 1131 3204 Anchonitane
1143 3141 1178 3204 et
1190 3131 1290 3204 vullis
1307 3131 1450 3228 Spoleti,
1468 3129 1514 3204 de
1529 3132 1658 3226 quibus
1671 3131 1833 3206 auxiliari
1848 3142 1949 3206 tene-

534 3257 636 3329 batur
647 3255 805 3352 imperio,
823 3275 893 3327 non
916 3275 1059 3340 nocere,
1080 3275 1127 3327 ue
1147 3254 1184 3325 in
1201 3253 1442 3328 Lombardiam
1463 3255 1583 3328 venire
1601 3257 1657 3328 vel
1675 3256 1809 3330 mittere
1823 3258 1949 3330 milites

534 3387 749 3452 attentarent.
768 3377 1015 3450 Anchonitanis
1032 3377 1136 3450 etiam
1153 3387 1188 3452 et
1207 3377 1285 3451 aliis
1306 3379 1391 3452 locis
1412 3379 1592 3452 maritimis
1613 3379 1681 3452 sub
1704 3383 1950 3456 exeommuni-

534 3502 677 3576 cationis
705 3523 796 3598 pena
820 3510 856 3574 et
883 3501 999 3574 banno
1029 3500 1149 3575 deoem
1176 3501 1323 3576 millium
1348 3523 1542 3575 marcarum
1571 3501 1725 3596 injunxit
1751 3513 1792 3576 ut
1810 3505 1950 3579 Venetis

534 3625 737 3698 excellentie
761 3633 875 3697 nostre
899 3622 1086 3699 rebellibus
1113 3634 1233 3698 contra
1259 3623 1460 3699 mandatum
1487 3635 1523 3698 et
1544 3623 1767 3700 interdictum
1792 3637 1949 3700 nostrum

534 3769 674 3843 queque
686 3745 878 3820 necessaria
893 3745 1145 3839 ministrarent,
1162 3757 1265 3843 pmut
1278 3747 1343 3822 hec
1357 3747 1472 3822 omnia
1491 3769 1553 3844 per
1568 3749 1699 3822 litteras
1711 3769 1793 3822 suas
1805 3750 1950 3823 eviden-

535 3871 666 3944 tissime
680 3870 959 3965 comprobantur.
977 3869 1162 3964 Aliquibus
1179 3871 1283 3944 etiam
1304 3871 1481 3944 nobilibus
1498 3871 1846 3946 maruhio't'revisane
1860 3893 1950 3968 quos

534 3990 600 4092 [in]
623 3993 758 4089 imperii
783 3991 854 4066 lide
877 3990 1011 4066 debiles
1038 4001 1074 4065 et
1097 3992 1300 4066 vacillantes
1321 3993 1501 4085 effecerat,
1519 3994 1636 4068 literas
1653 3994 1842 4068 destinavit
1869 4007 1950 4070 uta

533 4117 634 4190 nobis
649 4115 865 4190 manifestius
879 4115 1099 4204 recederent,
1119 4136 1182 4212 pro
1205 4125 1297 4190 carto
1318 4117 1455 4192 scituris
1470 4115 1567 4212 qnod
1592 4119 1658 4193 nisi
1681 4117 1891 4194 ordinationi
1914 4129 1951 4194 ot

533 4239 698 4314 mandato
719 4259 784 4312 suo
806 4239 984 4333 negotium
1002 4237 1208 4314 Lombardie
1231 4241 1403 4314 vellemus
1425 4241 1558 4338 precise
1580 4241 1810 4335 oummittere,
1829 4253 1949 4317 contm

534 4387 597 4439 nos
625 4361 993 4438 excommunicationis
1019 4363 1223 4436 seutentiam
1250 4364 1460 4438 fulminaret.
1493 4367 1605 4460 Super
1628 4365 1758 4462 quibus
1786 4367 1949 4440 omnibus

534 4489 738 4564 dilectorum
752 4485 948 4584 principum
969 4497 1005 4558 et
1026 4486 1171 4560 aliorum
1195 4485 1351 4562 fidelium
1372 4497 1569 4562 nostrorum
1594 4490 1847 4564 communicato
1864 4511 1950 4564 con-

534 4612 611 4686 silio
629 4611 690 4706 qni
707 4611 808 4684 nobis
823 4609 860 4680 iu
877 4607 1060 4682 obsidione
1076 4608 1194 4682 Brixia
1215 4617 1298 4682 tnnc
1311 4610 1477 4706 temporis
1493 4609 1717 4706 assistebant,
1735 4611 1892 4686 volentes
1909 4622 1950 4685 ut

534 4735 690 4810 diximus
709 4735 798 4808 inter
818 4754 882 4807 nos
904 4741 940 4806 et
955 4728 1145 4808 Ecclesiam
1167 4731 1370 4806 scandalum
1394 4753 1601 4831 precavere,
1623 4736 1793 4810 solemnes
1816 4737 1951 4831 legatos
