4524 6012
327 744 505 824 lanrcr.13.]
776 739 969 802 lllsTOltllt
994 739 1286 802 ntrtotllllcll.
1670 733 1731 796 etr

328 901 445 952 eornm
463 877 613 948 neultra
631 876 823 970 polluerent
838 875 1069 948 sanctuarium
1090 876 1168 967 Dei,
1190 877 1256 948 uisi
1270 875 1396 970 publici
1411 895 1515 946 causa
1528 871 1680 944 scandali
1699 881 1734 944 et

329 1001 534 1074 universalis
548 999 690 1072 materia
707 998 788 1070 mali
811 999 855 1071 ab
871 1000 986 1092 ecqui
1006 1022 1068 1094 pro
1083 1021 1167 1094 paee
1185 999 1387 1072 scandalum
1404 997 1558 1093 predicat
1570 997 1731 1086 veniens,

332 1127 419 1198 sicut
431 1127 503 1218 jam
529 1125 566 1195 iu
590 1145 726 1197 omnem
748 1131 872 1196 terram
887 1145 991 1196 sonus
1011 1123 1138 1214 exivit,
1157 1133 1226 1195 tam
1243 1123 1317 1220 pios
1335 1125 1370 1195 in
1392 1123 1491 1196 uobis
1510 1142 1602 1192 nuuc
1615 1141 1736 1216 prepe-

334 1249 438 1322 disset
458 1249 603 1320 allectus
624 1267 688 1320 nec
706 1245 899 1340 generalem
923 1247 1087 1319 catholice
1106 1247 1292 1341 proiectum
1313 1240 1462 1320 Ecclesia
1484 1209 1567 1320 tam⁹
1580 1244 1736 1338 nequiter

334 1371 549 1444 turbavisset.
566 1371 653 1442 Satis
665 1379 820 1466 preterea
832 1369 1007 1464 placidum
1021 1373 1121 1444 uobis
1138 1372 1214 1458 luit,
1230 1373 1312 1444 satis
1324 1381 1359 1443 et
1373 1392 1434 1466 pro
1447 1369 1588 1442 servitio
1601 1367 1736 1440 Domini

335 1505 367 1568 et
378 1516 441 1590 pro
454 1495 559 1567 vestri
577 1495 707 1567 honore
722 1493 904 1566 affectuose
922 1495 1082 1566 volumus
1100 1506 1140 1566 ut
1155 1505 1223 1566 tsm
1240 1496 1364 1568 nobilis
1377 1497 1448 1568 Deo
1462 1495 1498 1566 iu
1512 1493 1612 1566 vobis
1625 1491 1739 1564 consi·

335 1627 459 1714 gnatus
473 1617 648 1690 exercitus
664 1616 710 1692 de
727 1627 842 1690 nostre
858 1617 1066 1712 provisionis
1081 1619 1243 1692 censibus
1258 1619 1295 1690 in
1310 1629 1378 1692 tam
1397 1619 1544 1691 sublime
1564 1615 1739 1710 negotium

337 1739 509 1836 procedat.
541 1741 633 1826 Quin
657 1747 691 1812 et
714 1739 744 1810 si
767 1761 914 1834 perros
937 1742 1082 1834 grandia
1108 1744 1197 1814 sicut
1218 1741 1425 1817 confidimus
1449 1743 1484 1812 iu
1508 1739 1569 1812 Dei
1593 1741 1739 1814 servicio

336 1865 404 1936 sint
415 1863 565 1956 agenda,
584 1865 714 1955 maiora
726 1873 766 1934 ut
778 1862 951 1936 credimus
963 1877 1038 1938 acta
1055 1869 1164 1938 lorent
1179 1867 1240 1937 ubi
1253 1865 1397 1962 provida
1412 1867 1555 1938 Romani
1573 1865 1741 1960 pontilicis

337 2009 405 2083 qua
426 2007 566 2082 queque
588 1986 749 2058 sublimia
771 1987 969 2080 diriguntur
989 1989 1158 2064 ordinatio
1179 1989 1344 2062 affuisset.
1365 1989 1450 2076 Quis
1473 2001 1588 2062 autem
1606 1990 1652 2063 ad
1678 1991 1742 2064 hoo

338 2111 491 2184 delectus
503 2111 638 2184 occasio
655 2111 756 2182 luerit
768 2119 804 2184 et
820 2111 987 2186 obstaculi
1003 2135 1106 2186 ceusu
1125 2135 1189 2186 uso
1205 2123 1353 2186 vestam
1371 2114 1532 2186 noticiam
1546 2133 1611 2186 nec
1622 2117 1762 2207 quem-'

337 2235 420 2307 libet
440 2235 606 2328 angulum
627 2234 721 2306 orbis
740 2235 833 2308 latet.
853 2236 1041 2330 Eapropter
1054 2237 1198 2309 viriliter
1210 2237 1320 2329 agetis
1338 2237 1433 2330 quod
1447 2237 1550 2328 agitis
1563 2246 1603 2308 ut
1618 2236 1744 2308 trium-

339 2358 421 2452 phet
438 2358 474 2428 iu
490 2357 589 2430 vobis
608 2366 716 2430 mater
732 2359 889 2432 Ecclesia
903 2368 939 2431 et
954 2359 1127 2433 laudabile
1144 2361 1219 2432 sitis
1231 2361 1370 2454 signum
1387 2361 1423 2432 iu
1442 2361 1591 2456 populis,
1609 2359 1693 2453 qnia
1709 2361 1744 2430 in

340 2481 480 2556 nornine
498 2481 573 2572 ejus
590 2479 774 2575 perficietis
789 2481 885 2576 quod
902 2483 1043 2577 cupitis,
1063 2485 1099 2554 in
1116 2484 1215 2574 cujus
1234 2483 1364 2556 honore
1384 2484 1539 2578 personis
1557 2493 1593 2555 et
1612 2481 1746 2552 viribus

339 2605 504 2678 militatis.
527 2603 628 2689 Quod
650 2615 765 2678 autem
791 2625 853 2699 pro
877 2603 1156 2678 rehedilicatioue
1183 2627 1358 2678 murorum
1382 2607 1566 2678 ierusalem
1590 2605 1746 2677 subveu-
1887 2585 1892 2596 ’

340 2730 469 2800 tioucm
487 2739 638 2800 nostram
656 2729 859 2822 exposcitis,
882 2729 970 2800 scire
985 2749 1049 2801 vos
1061 2728 1223 2802 volumus
1239 2728 1334 2823 quod
1352 2739 1447 2801 tanto
1466 2728 1512 2802 ad
1532 2729 1598 2800 hoo
1612 2727 1746 2822 specia-

341 2855 418 2926 liter
433 2854 594 2926 voluutas
611 2861 726 2925 nostra
740 2851 900 2944 dirigitur
916 2861 1046 2946 quanto
1059 2861 1093 2925 et
1107 2873 1170 2948 pro
1187 2853 1335 2926 servicio
1348 2853 1410 2924 Dei
1429 2853 1489 2923 ubi
1511 2851 1747 2946 compellimur

343 2987 377 3051 et
396 2977 481 3072 quia
495 2977 603 3050 nostri
620 2977 778 3072 specialis
801 2986 853 3050 est
870 2975 1063 3066 hereditas,
1082 2977 1282 3048 invitamur.
1308 2975 1403 3048 Scire
1421 2985 1535 3046 tamen
1560 2975 1681 3046 saltem
1701 2995 1746 3046 ex

216 3157 219 3166 ,
343 3099 466 3174 auditu
493 3099 635 3196 potestis
660 3108 748 3194 quot
778 3099 1045 3172 innumerabiles
1070 3109 1230 3194 sumptus
1246 3101 1318 3191 jam
1347 3099 1409 3171 diu
1432 3097 1635 3184 fecerimus,
1658 3105 1748 3192 quot

344 3223 471 3296 cotidie
494 3223 659 3296 iaciamus
679 3231 714 3294 et
729 3233 876 3316 quantos
894 3223 996 3295 etiam
1014 3224 1088 3296 sine
1111 3225 1254 3296 remissa
1271 3244 1377 3296 mauu
1392 3244 1456 3296 nos
1477 3223 1590 3295 lacere
1605 3222 1745 3314 deceat,

346 3347 459 3420 donec
483 3355 609 3420 statum
633 3344 768 3440 imperii
792 3365 897 3438 quem
920 3346 1021 3440 primi
1050 3348 1202 3441 nequitia
1222 3347 1370 3420 hominis
1394 3349 1483 3440 Deo,
1504 3347 1605 3419 nobis
1630 3358 1665 3419 et
1689 3349 1749 3419 toti

348 3467 479 3542 mundo
498 3468 669 3558 turbavit,
690 3469 726 3538 iu
740 3467 912 3561 integrum
933 3469 1169 3542 reformemus.
1190 3471 1592 3559 Nicbilomiuus‘tamen,
1611 3472 1674 3543 etsi
1687 3494 1749 3545 ne·

348 3609 517 3686 queamus
529 3601 570 3662 nt
579 3593 752 3681 volumus,
766 3590 913 3664 libenter
923 3591 1078 3665 subsidio
1094 3603 1208 3666 vestro
1221 3602 1323 3689 prout
1335 3593 1522 3688 poterimus
1533 3593 1743 3668 assistamus.

349 3717 399 3790 De
412 3713 701 3810 oportunitatibus
714 3721 829 3788 autem
839 3715 962 3787 vestris
974 3712 1019 3787 de
1034 3717 1149 3790 nostro
1164 3737 1272 3809 reguo
1287 3715 1437 3789 terendis
1453 3725 1490 3788 ut
1501 3717 1628 3810 petitis,
1639 3719 1751 3811 placet

350 3839 449 3914 nobis
475 3846 510 3908 et
532 3845 667 3930 gratum
693 3835 860 3910 hammus
884 3846 924 3909 ut
947 3838 1205 3912 commoditates
1229 3858 1351 3913 omnes
1373 3861 1461 3934 quas
1481 3861 1527 3911 ex
1555 3861 1598 3912 eo
1623 3839 1751 3911 babere

352 3960 518 4056 poteritis,
535 3958 702 4032 habeatis.
717 3959 786 4034 Vos
799 3969 915 4032 nutem
933 3961 979 4034 da
994 3963 1210 4056 prooesaibus
1229 3965 1352 4036 vestris
1368 3976 1457 4057 quos'
1474 3963 1640 4036 fortunari
1660 3961 1750 4034 desi·

351 4085 511 4158 demmus
533 4081 569 4156 in
590 4081 738 4174 bonum,
759 4083 955 4178 bequenter
968 4084 1123 4158 reddatis
1140 4107 1203 4160 uos
1217 4089 1328 4180 ylarss
1349 4085 1577 4178 etjocuudos.

586 4383 1322 4400 ——mn—--m-—ss—-M-a--n———m—
1327 4391 1359 4400 η.
1365 4392 1486 4401 ......—.

406 4667 567 4752 Litteras
597 4676 766 4776 patentes
797 4680 835 4752 et
864 4671 1087 4754 mundatum
1123 4673 1171 4754 de
1206 4670 1311 4754 mille
1340 4681 1377 4753 et
1406 4671 1581 4754 trecentis
1610 4664 1754 4749 saumis
1779 4689 1957 4796 affige

356 4799 536 4885 lnrmenti
571 4803 843 4888 mercatoribus
879 4805 1025 4888 Pisanis
1058 4807 1125 4914 qui
1161 4832 1232 4890 eas·
1261 4832 1285 4889 a
1313 4806 1418 4888 curia
1450 4813 1622 4888 emerunt
1655 4801 1757 4886 assi·
1799 4796 1940 4853 ¹⁶¹²⁸¹¹·'²⁰·
