4358 5996
540 701 602 767 952
1038 699 1251 762 FlllllElllCl
1277 697 1451 761 SECUNDI
1762 693 1845 776 [dn.
1861 693 1959 758 1240.

625 881 750 965 (aqut.
765 884 869 964 torpor.
886 880 1006 945 maa.
1019 883 1063 960 11,
1079 882 1132 946 lol.
1151 891 1207 944 108
1220 898 1323 956 uerso3
1337 883 1370 942 ln
1384 881 1457 943 edlt.
1472 879 1610 960 (ercan,
1622 895 1651 957 p.
1664 875 1750 952 ⁴11.)

591 1067 638 1138 lla
652 1065 809 1138 modae
824 1065 996 1160 imperiali
1009 1067 1100 1157 [octo
1111 1088 1172 1160 par
1187 1065 1382 1158 magistrum
1393 1063 1529 1134 Petrum
1541 1061 1581 1132 dc
1597 1061 1696 1132 Vtcco
1706 1059 1839 1153 aoipaa't
1854 1059 1900 1130 P.
1916 1057 1961 1130 dc

542 1189 590 1260 Co
677 1213 690 1258 .·

586 1213 808 1400 Iurgderious,
839 1320 923 1400 eto,
944 1309 1142 1384 hominibus
1168 1311 1339 1384 uniuersis
1364 1331 1386 1382 a
1411 1309 1498 1382 Fam
1523 1328 1636 1402 usqne
1657 1327 1719 1403 par
1739 1314 1844 1378 totam
1861 1305 1958 1378 Sici·

541 1435 621 1507 liam
640 1435 849 1526 constitutis,
868 1443 934 1506 etc.
950 1435 1002 1506 Na
1020 1434 1218 1508 officialium
1239 1435 1337 1526 regni
1356 1431 1461 1506 nostri
1478 1430 1649 1539 ordinatio
1672 1429 1822 1502 indivisa
1837 1428 1960 1502 officIa

542 1566 657 1630 nostra
676 1557 884 1646 confundat,
906 1557 1085 1630 utilitatem
1113 1557 1281 1652 impediat
1300 1555 1375 1630 fisci
1397 1555 1504 1628 nostri
1522 1563 1557 1626 et
1576 1563 1768 1626 nostrorum
1793 1549 1960 1624 fidelium

541 1681 644 1754 etiam
658 1689 799 1772 generet
816 1681 999 1770 lesionem,
1017 1681 1068 1752 sic
1085 1701 1255 1776 perpenso
1272 1679 1414 1752 consilio
1434 1678 1638 1752 excellentia
1662 1685 1777 1750 nostra
1798 1674 1959 1770 providit

541 1813 581 1876 ut
598 1825 619 1876 a
640 1804 726 1876 Faro
744 1825 856 1896 nsque
876 1825 937 1898 per
955 1812 1059 1876 totam
1078 1803 1228 1876 Siciliam
1251 1824 1342 1874 unus
1366 1811 1516 1876 secretus
1541 1821 1618 1874 esse
1638 1798 1764 1873 debeat
1787 1798 1849 1892 qni
1870 1799 1959 1890 jura

541 1927 637 1998 curie
656 1935 771 1998 nostre
788 1936 949 2020 procuret
964 1926 1146 2018 aotcntins,
1167 1925 1307 2000 servitia
1326 1934 1442 1998 nosba
1459 1932 1619 1998 exerceat
1637 1923 1835 2016 diligenter,
1857 1918 1959 1994 lide-

540 2049 632 2122 libus
649 2049 774 2120 nostris
786 2049 886 2142 juxta
907 2047 1003 2142 quod
1019 2047 1065 2121 ad
1079 2068 1159 2120 eum
1181 2048 1386 2146 spectaverit
1400 2050 1479 2142 jura
1498 2047 1680 2120 ministret.
1697 2047 1748 2118 De
1765 2042 1958 2140 prudentIa

541 2171 656 2266 igitur·
674 2170 815 2247 Obbcrli
845 2171 1097 2244 Fallamonacbi
1127 2170 1240 2244 fidelis
1270 2170 1377 2246 nostri
1403 2180 1439 2244 et
1467 2171 1638 2266 legalitate
1666 2167 1805 2259 confla,
1835 2167 1957 2261 ipsum

542 2293 744 2367 doanerium
770 2293 817 2366 de
842 2293 982 2366 secretis
1009 2301 1044 2368 et
1061 2303 1259 2388 questornm
1279 2294 1482 2390 magistrum
1497 2315 1519 2366 a
1534 2294 1620 2367 Faro
1637 2313 1750 2386 usqne
1767 2311 1828 2384 per
1843 2299 1956 2362 totam

541 2417 690 2489 Siciliam
704 2415 872 2490 duximus
885 2417 1122 2502 statuendum,
1137 2427 1176 2489 ut
1188 2432 1259 2490 tam
1272 2417 1423 2492 officinm
1436 2417 1550 2511 ipsum
1565 2438 1670 2510 quam
1684 2413 1802 2488 omnia
1817 2433 1890 2508 que
1905 2411 1957 2486 ad

540 2560 622 2614 eum
639 2549 796 2636 spectare
806 2549 1008 2632 noscuntur,
1025 2539 1211 2636 diligenter
1223 2551 1258 2613 et
1269 2539 1416 2614 fideliter
1430 2539 1594 2614 ammodo
1609 2539 1736 2611 debeat
1747 2555 1953 2632 procurare*

541 2663 710 2750 Quocirca
738 2661 893 2736 fidelitati
918 2672 1030 2736 vestre
1048 2663 1267 2760 precipiendo
1291 2663 1498 2737 mandamus
1516 2673 1688 2757 molanus
1713 2659 1780 2754 ipsi
1798 2659 1955 2732 obberto

541 2783 636 2857 fideli
654 2792 770 2864 nostro
792 2784 837 2858 de
853 2785 1014 2858 omnibns
1035 2807 1105 2880 que
1123 2784 1171 2858 ad
1187 2785 1329 2858 secretio
1345 2794 1501 2880 specum
1521 2785 1690 2873 officinm,
1711 2779 1899 2854 intendens
1916 2787 1955 2852 et

539 2906 772 3002 respondeatis
790 2906 835 2980 da
851 2917 964 2982 cetero
985 2918 1150 3002 tanquam
1165 2917 1296 2982 secreto
1314 2930 1335 2982 a
1352 2910 1529 3002 maiestate
1541 2915 1657 2982 noeba
1672 2913 1799 2979 statuto
1815 2903 1862 2978 ad
1879 2902 1954 2976 bo-

540 3049 661 3102 norem
678 3038 713 3102 et
730 3027 929 3104 fidelitatem
947 3039 1113 3104 nostram.

559 3155 566 3170 '
590 3154 716 3224 Datum
734 3153 829 3242 Orte,
846 3154 890 3225 lll
908 3153 1027 3245 madii,
1047 3154 1124 3226 XIII
1140 3153 1351 3229 indictionis.

590 3277 674 3345 Item
706 3275 816 3347 lictore
844 3278 932 3368 fecte
962 3288 1040 3348 auct
1068 3277 1174 3350 odero
1199 3279 1337 3350 Obbcrtc
1368 3273 1626 3348 Follomooucbo
1651 3285 1769 3346 acardo
1794 3273 1834 3343 io
1860 3273 1953 3344 bunc

542 3396 696 3468 modttm:

591 3519 815 3612 Fredericus,
837 3529 920 3610 eto,
940 3521 1107 3614 Obberte,
1135 3532 1202 3596 stc.
1224 3524 1383 3597 volentes
1410 3531 1449 3594 ut
1474 3521 1694 3594 commissum
1724 3517 1786 3590 tibi
1808 3537 1830 3588 a
1852 3515 1952 3588 curia

543 3650 660 3714 nostra
676 3642 827 3716 officium
848 3645 991 3717 saccello
1007 3645 1204 3740 diligentius
1218 3645 1420 3740 exequaris,
1440 3644 1621 3716 statuimus
1639 3649 1675 3714 ot
1690 3639 1895 3714 mandamns
1912 3647 1953 3710 nt

540 3761 694 3856 jndicem
711 3785 820 3836 unum
841 3773 876 3838 et
898 3765 987 3840 duos
1011 3768 1160 3841 notarios
1184 3769 1312 3842 babere
1338 3769 1466 3842 debeas
1486 3787 1549 3864 pro
1570 3764 1692 3838 eodem
1713 3761 1827 3836 officio
1848 3781 1953 3834 exer-

545 3885 667 3974 cendo,
683 3895 718 3959 et
735 3908 796 3982 pro
810 3897 844 3960 te
859 3909 901 3960 ae
914 3889 961 3960 Xl
975 3891 1130 3984 personis
1145 3901 1179 3964 et
1191 3891 1254 3963 llll
1268 3892 1484 3986 equitaturis,
1501 3887 1707 3984 computatis
1719 3886 1757 3958 in
1770 3885 1821 3958 ais
1830 3883 1952 3976 jndioo

545 4017 580 4081 et
595 4009 738 4082 noeriis
755 4021 790 4082 et
805 4011 1008 4104 equitaturis
1027 4033 1165 4102 eornm,
1188 4036 1360 4110 expensas
1374 4015 1522 4110 recipias
1541 4012 1586 4086 de
1606 4009 1831 4106 proventibus
1855 4005 1952 4078 curie

546 4141 663 4204 nostra
690 4133 752 4226 qni
778 4141 860 4206 sunt
884 4156 948 4230 per
970 4157 1094 4210 manus
1124 4145 1201 4210 toas
1223 4140 1327 4232 juxta
1351 4137 1495 4211 assisam
1518 4135 1615 4208 curie
1638 4142 1770 4224 nostre3
1798 4135 1952 4225 preterea

546 4255 700 4350 predicto
720 4254 832 4348 jndici
853 4257 973 4331 uncias
993 4259 1070 4332 anri
1087 4269 1164 4334 octo
1188 4283 1248 4357 per
1269 4283 1400 4335 annum
1420 4267 1532 4356 preter
1552 4277 1725 4354 expensas
1747 4275 1810 4350 pro
1831 4249 1953 4324 solidis

547 4377 621 4450 suis
644 4375 689 4450 ad
713 4377 851 4474 pondus
872 4380 987 4474 curie,
1014 4389 1049 4455 et
1070 4383 1215 4458 ‘cuilibet
1235 4383 1468 4482 predictorum
1496 4383 1706 4456 notariorum
1731 4377 1851 4452 uncias
1876 4371 1952 4448 anri

548 4510 696 4596 quatuor
708 4521 771 4597 per
786 4523 915 4578 annum
931 4503 1085 4578 similiter
1099 4517 1213 4602 preter
1226 4529 1396 4606 expensos
1411 4529 1475 4606 pro
1486 4505 1607 4582 solidis
1618 4525 1738 4579 eorum
1752 4501 1800 4576 ad
1816 4495 1953 4596 pondus

548 4625 642 4697 curie
658 4621 786 4696 debeas
803 4624 979 4700 exhibere.

595 4747 721 4819 Datum
736 4747 835 4841 Orto,
850 4747 896 4820 lll
909 4749 1031 4840 madii,
1048 4749 1126 4823 XIII
1142 4751 1352 4828 indictionis.
