4384 6004
556 565 634 628 1106
1057 559 1270 622 FllllllllllGl
1295 559 1471 622 succum
1777 559 1859 639 [An.
1878 560 1970 623 1241.

554 694 804 794 predictarum,
825 695 883 767 tali
901 691 1063 767 videlicet
1080 693 1279 766 conditione
1302 692 1397 787 quod
1419 692 1511 764 bcua
1530 711 1601 786 que
1620 690 1696 786 ipse
1718 692 1934 786 comparavit
1949 714 1974 765 a

554 821 677 896 comite
691 818 848 892 Gotlrido
864 818 910 891 de
931 818 1115 890 Marsteten
1133 817 1170 888 in
1187 817 1273 889 villa
1290 836 1359 909 que
1378 816 1503 888 dicitur
1525 815 1693 907 Ursingeu
1713 838 1793 888 oum
1805 817 1887 910 jure
1905 837 1973 914 pa·

554 953 710 1017 tronatus
725 941 869 1016 ecclesie
881 951 917 1014 et
937 941 1015 1013 aliis
1033 941 1250 1036 pertiuentiis
1267 939 1340 1013 suis
1358 939 1429 1034 quc'
1446 939 1571 1036 ipsein
1589 940 1750 1013 manibus
1767 939 1886 1014 dilecti
1905 939 1972 1012 lilii

556 1069 661 1142 nostri
685 1065 838 1140 Cunradi
855 1067 1086 1138 Romanorum
1112 1063 1149 1135 iu
1174 1085 1290 1156 regem
1316 1065 1416 1136 electi
1444 1084 1580 1160 semper
1603 1063 1743 1158 augusti
1768 1073 1804 1136 et
1826 1063 1972 1138 heredis

555 1193 653 1286 regni
667 1189 966 1266 Jberusalemitani
979 1188 1180 1284 resignavit,
1199 1188 1274 1261 loco
1287 1188 1458 1262 dictorum
1471 1187 1642 1260 bonorum
1662 1188 1799 1260 anobis
1812 1187 1973 1262 similiter

554 1319 590 1390 in
606 1315 713 1389 feudo
726 1313 869 1410 recipiet
883 1321 918 1384 et
933 1321 1131 1406 cognoscet.
1148 1309 1244 1409 [inde
1257 1313 1526 1408 supplicationes
1538 1312 1573 1383 in
1590 1311 1685 1384 omni
1699 1321 1794 1406 parte
1806 1312 1968 1404 excudit,

554 1439 724 1514 licentiam
747 1437 808 1510 dat
833 1436 1036 1510 monialium
1060 1435 1364 1536 monasteriumin
1387 1437 1453 1510 boc
1477 1438 1553 1509 loco
1569 1434 1792 1509 construendi
1811 1434 1972 1532 illudque

553 1587 633 1638 cum
651 1566 727 1656 ejus
751 1560 966 1658 pertinentiis
987 1569 1023 1632 et
1043 1559 1169 1632 laturis
1190 1559 1466 1656 possessionibus
1487 1559 1523 1630 iu
1540 1581 1605 1632 sua
1622 1569 1657 1632 et
1676 1559 1810 1654 imperii
1826 1561 1971 1655 speciali

554 1687 764 1786 protectione
779 1681 953 1782 suscipit]

603 1812 689 1884 Acta
705 1819 788 1882 sunt
806 1810 873 1880 hec
891 1829 983 1880 anno
1003 1804 1140 1878 Domini
1158 1805 1340 1880 millesimo
1357 1804 1407 1878 CC
1422 1805 1690 1902 quadragesimo
1707 1806 1832 1902 primo,
1852 1827 1971 1880 mense

555 1935 687 2024 martii,
704 1933 798 2005 Xllll
818 1930 1018 2004 indictione.

605 2061 729 2132 Datum
751 2057 788 2128 in
805 2054 990 2128 obsidione
1007 2053 1191 2144 Faventie,
1216 2073 1326 2144 anno,
1345 2073 1465 2126 meuse
1486 2064 1522 2126 et
1544 2053 1734 2128 indictione
1752 2054 1968 2152 prescriptis,

556 2183 708 2256 feliciter.
731 2182 855 2253 Amen.

766 2499 1456 2512 ’.Ἢ-,ι--κ---ι---ω-ιψι
1464 2503 1552 2511 ----⁴-
1571 2504 1606 2512 ..-
1615 2505 1674 2511 ...ιη
1694 2505 1769 2512 ——u-

402 2853 476 2886 ..m
609 2832 815 2942 Gregorius
827 2857 928 2941 papa
946 2831 991 2914 G.
1014 2833 1062 2915 de
1078 2833 1265 2915 Romania
1284 2833 1524 2942 Apostolicac
1542 2832 1650 2920 Sedis
1666 2833 1794 2945 legato
1815 2836 1974 2918 mandet

558 2978 599 3047 ut
616 2967 664 3048 dc
682 2965 894 3076 quantitate
912 2989 1093 3048 vasorum
1112 2991 1211 3074 quae
1235 2991 1304 3074 pro
1322 2966 1501 3076 praelatis
1526 2976 1565 3049 et
1586 2993 1720 3050 eorum
1742 2967 1901 3050 familiis
1924 2968 1972 3049 ed

556 3097 760 3182 concilium
778 3097 992 3179 deferendis
1009 3097 1122 3206 plene
1141 3097 1346 3205 sufficiunt,
1369 3101 1518 3181 studeat
1535 3099 1748 3208 providere,
1769 3125 1859 3183 cum
1878 3126 1970 3183 sex-

556 3231 679 3313 decim
699 3229 830 3338 galeae
847 3241 884 3311 et
903 3228 1221 3312 totidemtaridae
1239 3231 1424 3314 nonsatis
1443 3241 1553 3341 aptue
1571 3231 1783 3316 videantur.

640 3465 759 3544 (incdit.
775 3482 812 3524 ex
822 3465 931 3546 Regert.
945 3465 1027 3544 epist.
1042 3463 1162 3548 Gregor.
1177 3467 1229 3535 IX,
1247 3483 1326 3528 anno
1339 3467 1421 3547 XIV,
1437 3470 1469 3529 ln
1478 3469 1593 3531 collect.
1605 3469 1648 3530 La
1659 3469 1747 3530 Portc
1760 3469 1802 3529 du
1814 3467 1911 3542 Tbeil,
1921 3484 1969 3546 ep.

678 3571 814 3632 biblioth.
830 3587 924 3632 cesar.
943 3571 1052 3650 Puris.)
1897 3599 1900 3606 ·

606 3785 805 3879 Gregorius,
820 3793 902 3877 etc,
917 3785 958 3857 G.
974 3783 1195 3858 dellomania
1211 3785 1424 3860 subdiacono
1436 3795 1471 3860 et
1482 3789 1683 3882 cappellano
1698 3795 1815 3861 nostro
1830 3787 1974 3883 Aposto-

559 3911 624 3983 lice
638 3909 738 3984 Sedis
754 3911 886 4000 legato,
906 3917 972 3981 etc.
993 3909 1134 3982 Gratum
1154 3909 1308 4002 gerimus
1324 3919 1359 3984 et
1373 3920 1555 4007 acceptum
1573 3910 1813 3984 sollicitudinis
1828 3919 1888 3984 tue
1903 3919 1973 3984 stu·

559 4032 656 4105 dium
673 4041 707 4105 et
725 4031 1041 4126 circumspectionis
1062 4031 1291 4126 industriam,
1316 4033 1352 4106 in
1375 4033 1522 4106 Domino
1538 4033 1819 4107 commendantes
1835 4033 1924 4128 quid
1940 4034 1974 4104 in

559 4157 753 4230 commissis
776 4155 838 4227 tibi
857 4151 1051 4250 Apostolice
1070 4155 1169 4228 Sedis
1189 4159 1338 4252 negotiis
1362 4180 1425 4252 per
1447 4166 1481 4230 te
1501 4157 1669 4230 hactenus
1687 4157 1809 4230 divina
1832 4158 1976 4230 faciente

559 4282 668 4376 gratie
684 4280 902 4354 laudabiliter
920 4289 972 4352 eet
984 4301 1198 4375 processum.
1217 4284 1345 4354 Verum
1358 4282 1442 4376 quie
1455 4280 1635 4354 sexdecim
1651 4283 1766 4377 galeas
1784 4291 1818 4354 et
1833 4281 1975 4354 totidem

559 4405 688 4479 taridas
702 4403 748 4478 ad
773 4403 996 4477 deserendum
1016 4403 1166 4498 prelatos
1184 4413 1357 4478 eteorum
1377 4405 1525 4477 familias
1549 4427 1590 4478 ac
1612 4406 1701 4478 alios
1722 4405 1768 4478 ad
1793 4407 1975 4480 concilium

559 4549 757 4600 accessuros
771 4549 850 4600 curu
868 4527 973 4598 rebus
992 4526 1059 4598 sibi
1075 4527 1298 4619 necessariis,
1318 4528 1434 4600 minus
1456 4528 1616 4602 sufficere
1632 4530 1858 4618 arbitramur,
1881 4550 1977 4601 man·

561 4651 684 4724 damus
710 4659 880 4743 quatenus
906 4672 952 4724 ne
977 4650 1208 4746 predictorum
1232 4651 1424 4725 adventum
1451 4661 1594 4749 propter
1617 4651 1789 4727 delectum
1811 4675 1976 4726 vasorum
