4564 6038
861 690 1170 752 subrutilabat.
1649 688 1726 748 1225

315 833 498 905 vectiones
513 838 548 902 et
560 849 680 924 pacem
698 827 863 900 hactenus
877 829 983 899 lactas
1001 827 1089 898 inter
1109 824 1257 895 Venetos
1280 831 1314 893 et
1332 823 1539 908 Januenses,
1560 823 1574 912 j
1580 789 1728 892 uiabunt

240 1047 245 1058 ι
315 955 491 1030 attendere
507 951 623 1024 omnia
640 961 675 1024 et
692 951 828 1044 siugula
844 948 1055 1044 supradicta.

365 1071 519 1175 [Actum]
537 1077 643 1147 Rome
658 1073 751 1166 apud
768 1074 974 1146 Lateranum
988 1071 1022 1142 in
1038 1069 1190 1165 quadam
1205 1089 1338 1141 camera
1354 1049 1484 1140 domiui
1501 1089 1602 1162 pape.

365 1203 483 1272 Testes
509 1197 643 1271 domini
669 1196 817 1269 Iacobus
842 1195 1061 1268 Prenestinus
1084 1203 1119 1266 et
1145 1191 1334 1265 Rainaldus
1359 1191 1524 1263 Ostiensis
1551 1191 1723 1285 episcopi,

318 1325 422 1396 trater
436 1321 593 1394 Matheus
611 1319 657 1392 dc
675 1319 799 1392 ordine
818 1320 960 1390 fratrum
979 1317 1250 1412 predicatorum,
1271 1314 1402 1386 domini
1419 1335 1505 1407 pape
1524 1313 1726 1407 penitentia-

318 1447 403 1536 rius,
424 1447 570 1517 loannes
589 1442 782 1514 Hebrianus
797 1441 871 1534 (ric)
889 1450 924 1512 et
933 1439 1113 1512 Heinricus
1123 1437 1168 1510 de
1184 1439 1347 1510 Venetiis.

367 1568 468 1640 Anno
485 1566 657 1639 dominice
679 1565 876 1637 Natiuitatis
890 1563 937 1635 ll.
955 1561 1017 1634 CC.
1034 1562 1218 1653 XXXVIII,
1236 1560 1423 1633 indictione
1439 1559 1514 1646 XII,
1531 1558 1589 1630 die
1606 1558 1727 1628 ultima

319 1691 534 1776 novembris,
552 1689 589 1760 in
606 1709 695 1761 sero.

368 1921 568 2012 Sequuntur
579 1919 711 1988 litterae
727 1915 918 1990 uindicatus
934 1915 1200 1988 ambasiatorum
1214 1914 1424 1985 Venetorum
1443 1933 1521 1982 cum
1541 1910 1593 1982 bis
1608 1911 1721 1982 notIs:

324 2066 341 2110 c
356 2043 440 2112 Data
455 2039 551 2135 apud
567 2048 721 2111 nostrum
735 2037 857 2112 ducale
870 2039 1035 2133 palatium
1050 2059 1140 2110 auno
1154 2036 1289 2108 Domini
1303 2035 1389 2106 MCC
1399 2033 1573 2127 trigesimo
1590 2043 1725 2116 octavo,

320 2165 448 2236 mensis
475 2162 679 2258 septembris
705 2159 763 2233 die
792 2161 946 2250 decimo,
974 2161 1162 2233 indictione
1186 2161 1265 2246 XII,
1286 2183 1303 2226 s
1324 2168 1359 2230 et
1385 2161 1516 2229 litterae
1537 2156 1728 2228 sindicatus

321 2288 586 2360 ambasiatorum
615 2285 838 2358 Ianuensium
868 2285 1027 2356 cumbis
1059 2285 1177 2355 notis:
1208 2309 1224 2351 a
1249 2285 1369 2354 Datum
1397 2280 1492 2375 apud
1519 2281 1665 2352 laruam
1691 2279 1727 2349 in

321 2412 424 2483 domo
439 2411 680 2482 FurnarIurum
697 2409 743 2480 Μ.
760 2407 822 2479 CC.
835 2407 1023 2494 XXXVIII,
1043 2407 1229 2478 indictione
1246 2407 1293 2476 XI
1310 2404 1374 2499 (a),
1386 2405 1463 2474 XIV
1481 2402 1629 2474 octobris
1641 2403 1728 2474 inter

323 2555 483 2630 vesperas
500 2543 535 2606 ct
547 2531 817 2625 completorium.
839 2556 857 2597 ι

374 3031 506 3114 Petrus
538 3030 776 3114 Lombardus
807 3029 1098 3110 archidiaconus
1129 3028 1296 3137 Reginus
1333 3029 1433 3136 apud
1465 3007 1610 3110 curiam
1643 3031 1727 3116 Ro·
1775 3074 1915 3126 [mam

322 3189 478 3246 monam
496 3188 738 3246 commorans
761 3160 1084 3268 archipresbytero
1102 3157 1247 3268 Regino
1274 3159 1405 3242 scribit
1431 3161 1618 3244 derebus
1644 3165 1728 3272 pri-
1786 3127 1896 3181 ΜΝ]

321 3297 440 3402 vatis,
469 3321 629 3378 monens
660 3305 787 3377 tamen
821 3292 1027 3375 Ecclesiam
1058 3292 1146 3375 totis
1178 3291 1322 3374 viribus
1353 3292 1402 3374 ad
1434 3294 1727 3380 destructionem

322 3427 560 3536 imperatoris
578 3426 758 3534 aspirare.

404 3614 529 3696 (lnedlt.
544 3630 583 3674 ex
599 3613 665 3675 cod.
685 3613 793 3686 Vatia,
810 3620 904 3688 rouo,
919 3611 972 3672 Iol.
994 3620 1067 3684 aaa,
1091 3627 1140 3688 ap.
1162 3611 1275 3672 collect.
1296 3611 1422 3688 Iaporte
1434 3613 1475 3672 du
1488 3613 1584 3692 Thell,
1599 3613 1638 3674 ad
1655 3629 1725 3674 aun.

441 3737 554 3781 nonum
573 3720 692 3797 Gregor.
719 3719 778 3791 IX,
798 3735 866 3778 eum
884 3717 941 3777 hac
964 3722 1035 3776 nota
1055 3735 1064 3776 ε
1084 3713 1108 3774 Α
1125 3721 1225 3794 terpc:
1243 3735 1260 3774 c
1279 3715 1317 3776 D.
1338 3717 1373 3778 P.
1398 3718 1649 3798 archipresbytero
1671 3721 1729 3781 lle·

442 3827 521 3902 gina
538 3843 553 3882 n
571 3824 726 3904 Voltcium
736 3819 825 3903 sipillt
839 3823 938 3902 amyci
945 3818 1061 3900 culpari
1072 3836 1148 3895 cera,
1160 3817 1211 3880 loc
1224 3818 1366 3900 utstuca,
1381 3822 1537 3902 impressi.)

369 3983 567 4055 Venerabili
587 3986 663 4055 vlrc
686 3983 827 4056 domino
850 3994 885 4052 et
903 3983 1064 4071 magistro
1086 3982 1120 4051 P.
1142 3980 1438 4075 archipresbytero
1457 3983 1587 4072 Regino
1609 3986 1729 4057 Petrus

324 4106 538 4178 lombardus
559 4109 713 4198 ejusdem
737 4106 880 4178 ecclesie
903 4105 1164 4176 archidiaconus
1183 4103 1235 4200 (l)
1259 4106 1404 4176 salutem
1426 4107 1461 4174 in
1484 4105 1615 4180 Christo
1632 4108 1725 4178 Iesu.

323 4230 419 4322 Rogo
436 4230 533 4323 quod
552 4229 721 4323 quIcquId
742 4229 825 4300 mihi
841 4227 981 4322 potestis
1002 4227 1134 4298 mittere
1152 4226 1196 4298 de
1214 4227 1397 4320 prebendis
1415 4229 1518 4316 maia,
1538 4252 1601 4322 per
1617 4227 1730 4302 domi·

365 4401 406 4480 (a)
430 4403 600 4482 Lugendum
614 4419 685 4463 vero
697 4403 763 4462 XII.

359 4691 393 4765 Il)
411 4693 450 4748 Ex
463 4693 558 4749 litteris
570 4692 692 4765 Gregorii
708 4709 794 4768 pupae
805 4693 933 4751 discimus
943 4693 1015 4750 bunc
1027 4693 1134 4750 Peturm
1147 4694 1326 4751 lombardum
1335 4697 1392 4767 jam
1405 4703 1467 4753 ante
1478 4712 1597 4755 mensem
1611 4705 1731 4772 septem·

323 4787 400 4845 brem
414 4791 482 4846 rato
495 4788 550 4844 vita
564 4787 646 4846 sulsse
659 4789 788 4846 Iunctum.
