4384 6004
1049 639 1261 702 FlllDElllCl
1282 641 1456 702 secutam
1770 641 1850 724 [An.
1869 643 1953 706 1241.

933 935 1045 996 Anno
1072 936 1172 997 1241.
1196 971 1235 984 -
1255 937 1498 998 lNlllC'l'lONE
1521 937 1570 998 14.

1142 1179 1179 1186 ..-
1191 1177 1365 1188 me...—

603 1389 808 1510 Gregorius
847 1426 947 1509 papa
988 1401 1170 1511 Gregorio
1208 1405 1256 1486 de
1291 1405 1532 1516 Montelongo
1573 1403 1810 1514 spostolicae
1850 1405 1955 1488 Sedis

548 1535 674 1643 legato
701 1534 859 1615 mandat
888 1543 931 1615 nt
958 1535 1206 1642 personaliter
1238 1537 1421 1619 accedens
1453 1535 1628 1620 Venetiae
1657 1537 1717 1620 vel
1742 1539 1952 1646 Torcellas,

547 1667 783 1776 patriarchae
801 1664 1046 1775 Aquilegensi
1074 1669 1400 1752 excommunicato
1425 1695 1567 1752 munus
1594 1669 1844 1766 absolutionis
1873 1671 1954 1752 im-

547 1800 706 1907 pendat,
728 1799 761 1878 si
778 1807 906 1880 tamen
928 1798 1030 1879 idem
1048 1799 1263 1907 patriarcha
1281 1802 1329 1883 ad
1349 1801 1486 1884 Sedem
1508 1801 1766 1910 apostolicam
1787 1804 1858 1884 iter
1883 1827 1953 1883 ar-

546 1931 717 2040 ripuarit.

628 2165 722 2246 (lldlt.
741 2183 790 2244 ap.
808 2166 981 2246 Romnum,
996 2164 1107 2228 Annul.
1122 2163 1218 2230 oum.
1234 2171 1273 2230 ad
1291 2185 1363 2231 ann.
1391 2177 1481 2248 1²⁴¹,
1495 2167 1519 2250 S
1536 2169 1644 2245 XLIV,
1659 2186 1676 2230 a
1689 2177 1795 2248 regest.
1817 2169 1952 2250 Gregor,

665 2271 717 2334 llb.
732 2272 913 2350 X1V‚cplst.
930 2275 1014 2348 21².)

593 2481 794 2574 Gregorius,
810 2490 895 2572 etc,
909 2481 1074 2574 Gregorio
1092 2480 1138 2553 de
1155 2479 1374 2574 Montelongo
1388 2480 1601 2552 subdiacono
1614 2489 1649 2552 et
1665 2480 1799 2552 notario
1819 2489 1950 2571 nostro,

544 2604 738 2700 Apostolicc
754 2603 853 2676 Sedis
876 2605 1006 2697 legato,
1030 2615 1097 2677 etc.
1125 2605 1210 2676 Cum
1236 2603 1433 2700 patriarcha
1454 2603 1695 2699 Aquilegensis
1714 2625 1777 2699 pro
1799 2625 1841 2675 eo
1858 2605 1953 2698 qnod

545 2728 718 2802 Fridarioo
732 2727 825 2800 dicto
838 2729 1041 2822 imperatore
1054 2729 1116 2800 Dei
1130 2737 1164 2802 et
1174 2729 1328 2800 Ecclesia
1344 2729 1498 2818 inimico,
1511 2730 1605 2820 juste
1622 2727 1757 2800 anobis
1778 2728 1895 2800 multis
1908 2749 1953 2800 ex

543 2851 657 2925 causis
676 2851 787 2945 culpis
809 2851 882 2924 suis
900 2851 1120 2944 exigentibus
1133 2851 1274 2924 vinculo
1290 2850 1664 2925 excommunicationis
1679 2849 1839 2937 astricto,
1860 2869 1953 2920 oom-

543 2977 720 3048 mnnicara
735 2974 946 3070 presumpsit
962 2983 1031 3045 tam
1046 2974 1081 3045 in
1096 2974 1226 3047 divinis
1243 2974 1365 3046 officiis
1388 2995 1493 3068 qnam
1514 2975 1550 3044 in
1572 2974 1690 3046 osculo
1706 2981 1742 3044 et
1757 2971 1795 3044 in
1816 2994 1948 3061 mensa,

543 3109 578 3172 et
591 3102 673 3194 quia
686 3099 847 3171 eumdem
864 3097 1167 3170 excommunicare
1185 3099 1325 3192 publice
1339 3095 1563 3194 pretermisit,
1583 3107 1685 3193 prout
1701 3118 1722 3168 a
1736 3095 1839 3168 nobis
1857 3117 1950 3168 rece·

542 3233 639 3318 perat
658 3223 693 3295 in
710 3221 903 3312 mandatis,
921 3242 1121 3316 quanquam
1142 3222 1208 3296 hoo
1226 3243 1340 3294 coram
1355 3221 1514 3318 pluribus
1531 3220 1671 3293 duxerit
1684 3218 1948 3314 exequendum,

541 3349 588 3423 ad
602 3357 753 3420 nostram
771 3346 874 3418 etiam
889 3345 1094 3440 presentiam
1108 3348 1197 3420 sicot
1216 3347 1282 3420 sihi
1303 3359 1464 3442 exparte
1487 3355 1602 3418 nostra
1622 3344 1823 3417 mandatnm
1844 3345 1952 3414 fuerat

541 3471 699 3565 pmtinus
720 3492 789 3542 non
806 3467 993 3558 accedens,
1012 3471 1213 3544 auctoritate
1226 3481 1342 3544 nostra
1360 3471 1464 3543 luerit
1481 3466 1852 3541 excommunicationis
1872 3486 1949 3537 san-

542 3595 647 3667 tentia
665 3593 870 3681 innodatns3
897 3593 980 3686 qnia
1006 3613 1169 3686 personas
1190 3595 1470 3668 charissimorum
1488 3591 1637 3666 filiorum
1656 3599 1850 3663 nostmrum
1871 3589 1950 3660 Belo

542 3718 690 3812 Ungaria
708 3739 750 3790 ac
769 3716 943 3790 Colomaui
959 3715 1193 3790 Ruthenorum
1211 3739 1333 3810 regum
1352 3717 1554 3806 illustrium,
1571 3723 1736 3809 nepotum
1758 3713 1868 3808 ipsius
1890 3733 1950 3806 pa·

529 3839 982 3935 ·triarcha,supplicantium
993 3860 1055 3935 pro
1067 3839 1203 3933 eodem,
1216 3842 1357 3936 speciali
1367 3839 1520 3936 quadam
1534 3837 1751 3934 prerogativa
1761 3835 1950 3910 dilectionis

541 3973 576 4036 at
591 3964 699 4058 gratie
709 3963 962 4059 amplexamur,
979 3984 1097 4036 eorum
1110 3964 1421 4060 supplicationibus
1432 3971 1635 4053 annuentes,
1653 3959 1858 4034 mandamns
1869 3979 1951 4052 qna·

541 4095 643 4158 tenus
666 4085 863 4181 postpositis
886 4085 1048 4159 omnibus
1070 4087 1292 4182 personaliter
1310 4087 1482 4161 accedeus
1503 4085 1664 4159 Venetiae
1685 4083 1742 4157 val
1764 4081 1946 4170 Torcellas,

541 4209 654 4282 eidem
666 4207 858 4304 patriarche
870 4217 1052 4302 postquam
1066 4209 1112 4283 ad
1125 4211 1331 4306 presentiam
1345 4219 1495 4284 nostram
1506 4210 1570 4283 iter
1580 4207 1762 4304 arripuerit
1774 4201 1947 4292 veniendi,

541 4333 743 4406 anctoritate
765 4339 882 4403 nostra
901 4331 1005 4423 juxta
1027 4334 1170 4406 formam
1196 4334 1349 4407 Ecclesie
1375 4355 1504 4406 munus
1526 4331 1751 4406 absolutionis
1772 4325 1949 4423 impendas

481 4439 488 4448 '
541 4455 928 4551 humiliterpostulami.

592 4581 716 4652 Datum
729 4579 905 4668 Laterani,
923 4577 1130 4651 Vkalendas
1144 4579 1324 4672 februarii,
1344 4602 1438 4654 anuo
1454 4581 1545 4652 xlv.
