4374 6010
236 617 338 676 innuen
356 613 419 693 lb]
689 614 886 676 HISTORIA
910 613 1203 677 sustollentes.
1592 616 1654 677 ste

237 749 274 820 in
290 747 494 822 Bemontino
511 746 605 820 fideli
623 755 740 821 nosbo
758 758 798 821 ut
816 748 860 822 da
879 750 1051 823 frumento
1071 758 1190 823 nostro
1211 748 1308 844 quod
1326 747 1455 821 babent
1477 747 1575 842 quod
1591 748 1652 820 tibi

236 871 390 944 doluerit
406 871 605 966 suppleant,
622 880 662 942 nt
676 871 803 944 deinde
815 871 1017 944 mandatum
1031 881 1186 945 nostrum
1198 872 1383 945 efficaciter
1396 871 1594 964 exequaris.
1613 871 1652 942 lu

236 1015 308 1068 uno
332 1003 452 1068 tanum
474 1003 508 1066 te
531 995 604 1068 iore
624 995 788 1078 volumus
811 995 1100 1089 circumspectum
1117 995 1234 1090 quod,
1260 995 1344 1088 quia
1372 993 1463 1066 sicut
1480 991 1653 1064 credimus

235 1117 339 1190 binas
355 1118 493 1190 lieteras
512 1117 559 1190 de
581 1117 664 1190 navi
686 1127 826 1191 onerata
843 1119 1014 1190 frumento
1039 1115 1212 1190 micteuda
1238 1117 1284 1190 ad
1309 1116 1546 1189 marescallum
1574 1136 1651 1210 pre·

234 1240 370 1314 dictum
400 1251 563 1314 anostra
590 1240 798 1314 celsitudine
824 1241 1008 1336 recepisti,
1030 1263 1098 1313 nou
1122 1241 1292 1335 intelligas
1323 1240 1368 1312 de
1388 1240 1478 1310 binis
1503 1238 1652 1312 navibus

234 1363 533 1452 transmictendis,
554 1364 617 1436 sed
641 1363 689 1436 sis
706 1386 778 1437 una
795 1373 930 1436 tantum
952 1364 1124 1438 mictenda
1148 1373 1328 1438 contentus
1352 1363 1388 1434 iu
1411 1362 1553 1435 modum
1572 1385 1651 1458 pro·

234 1486 383 1560 dictum.
400 1490 451 1558 De
465 1487 530 1583 bys
546 1507 616 1580 quc
637 1486 748 1560 iecisti
771 1487 808 1558 iu
824 1489 945 1560 castris
962 1489 1086 1562 nostris
1101 1488 1178 1560 Bari
1197 1497 1232 1560 et
1249 1489 1350 1558 Trani
1370 1499 1539 1582 oportuna
1562 1487 1651 1557 sicut
1725 1493 1727 1498 “

232 1609 402 1706 scripsisti
422 1619 458 1681 et
475 1608 520 1683 de
534 1609 698 1704 expensis
711 1631 800 1703 quas
820 1610 1015 1682 castellanis
1032 1611 1134 1683 novis
1150 1609 1281 1683 ibidem
1304 1611 1439 1682 statutis
1460 1608 1570 1682 iecisti
1589 1631 1651 1703 per

233 1734 428 1808 absentim
448 1733 575 1826 judicis
590 1733 737 1828 Philippi
762 1733 807 1806 de
829 1719 963 1806 ¹Aversa
983 1743 1017 1806 et
1036 1733 1224 1830 provisoris
1245 1741 1434 1806 castrorum
1458 1741 1650 1804 nostrorum

233 1857 389 1952 ipsarum
403 1857 567 1952 partium,
579 1878 668 1950 quas
681 1856 914 1929 necessarium
927 1867 1001 1928 erat
1015 1856 1104 1948 dari,
1117 1867 1151 1929 et
1165 1855 1264 1950 quod
1276 1857 1385 1928 iecisti
1400 1854 1473 1927 fieri
1490 1855 1527 1925 in
1541 1864 1651 1927 castro

232 1978 368 2052 Andrie
389 1980 452 2051 ubi
470 1981 507 2052 F.
533 1977 625 2050 tilius
648 1987 762 2052 noster
786 1988 962 2068 moratur,
983 1981 1094 2076 placet
1116 1979 1217 2050 nobis
1237 1978 1334 2074 quod
1353 1978 1399 2051 ad
1415 1977 1512 2048 curie
1536 1986 1652 2050 nostre

232 2102 457 2175 commodum
483 2103 595 2174 iacere
616 2101 793 2174 curavisti.
815 2102 866 2173 De
882 2100 1046 2172 mandato
1068 2101 1164 2194 quod
1184 2100 1270 2174 dicis
1290 2101 1509 2172 ammiratum
1529 2101 1652 2174 iecisse

233 2225 414 2298 duaneriis
427 2225 551 2298 nosbis
569 2223 757 2296 Brundusii
776 2244 837 2318 per
854 2224 989 2296 lieteras
1004 2245 1086 2296 suas
1101 2233 1139 2295 ut
1154 2224 1353 2296 scalaticum
1372 2244 1444 2296 non
1462 2223 1652 2318 reciperent

233 2347 280 2420 de
296 2347 506 2420 victualibus
517 2356 746 2420 mercatorum
758 2368 820 2442 pro
832 2367 951 2420 eorum
967 2347 1116 2419 navibus
1134 2346 1331 2437 onerandis,
1349 2345 1446 2440 quod
1462 2346 1549 2418 sicut
1565 2347 1651 2420 dicis

231 2471 316 2542 olim
337 2469 496 2543 duanerii
520 2471 675 2565 recipere
690 2470 904 2560 debuemut,
922 2490 1004 2542 ecce
1027 2469 1190 2542 eumdem
1210 2469 1426 2542 ammiratum
1448 2469 1494 2542 ad
1510 2491 1651 2564 presen-

232 2592 319 2664 tiam
337 2601 490 2665 nostram
503 2595 716 2682 vocavimus,
731 2601 766 2663 et
778 2591 854 2686 ipso
869 2591 1031 2662 veniente
1047 2599 1117 2662 tam
1137 2591 1182 2662 de
1198 2591 1264 2686 bys
1279 2613 1384 2684 quam
1403 2590 1449 2661 de
1466 2592 1543 2664 aliis
1556 2592 1651 2686 quod

232 2715 443 2787 excellentia
473 2725 588 2788 nostra
614 2715 738 2788 melius
764 2712 893 2786 viderit
922 2722 1123 2785 statuemus.
1156 2713 1294 2786 Interim
1326 2723 1442 2784 autem
1467 2736 1652 2808 quousque

232 2847 391 2910 nostrum
402 2838 485 2911 inde
496 2839 746 2934 beneplacitum
760 2825 994 2932 injungamus,
1010 2838 1208 2909 scalaticum
1222 2837 1328 2930 recipi
1341 2837 1445 2909 iacias
1459 2839 1651 2910 secuudum

232 2960 332 3055 quod
350 2981 372 3032 a
390 2959 566 3034 duaneriis
589 2961 678 3033 sicut
701 2961 865 3055 scripsisti
888 2959 995 3056 recipi
1016 2959 1207 3032 cousuevit.
1233 2961 1282 3032 De
1303 2981 1345 3031 eo
1364 2959 1461 3052 quod
1484 2961 1650 3054 scripsisti

230 3083 317 3179 quia
336 3083 454 3155 statuti
471 3105 575 3178 super
593 3095 694 3179 portu
718 3084 832 3156 Sancti
851 3083 981 3156 Cataldi
1001 3083 1044 3156 de
1059 3085 1146 3154 Baro
1162 3090 1282 3178 petunt
1303 3103 1324 3154 a
1343 3091 1377 3154 te
1393 3093 1431 3152 ut
1446 3092 1648 3156 mercatores

230 3205 348 3278 Baroli
365 3206 531 3278 babentes
555 3207 717 3280 victualia
740 3227 845 3300 cogas
865 3205 998 3278 deterre
1019 3205 1183 3276 victualia
1204 3205 1280 3298 ipsa
1298 3204 1344 3276 ad
1362 3215 1498 3298 portum
1515 3205 1646 3300 ipsum,

231 3349 314 3400 cum
336 3328 489 3400 vicinius
507 3339 645 3424 possent
667 3329 801 3401 deterre
825 3337 860 3400 et
883 3327 1100 3400 commodius
1125 3327 1172 3400 ad
1193 3337 1328 3422 portum
1351 3328 1466 3400 Rivali
1492 3328 1550 3398 ubi
1577 3349 1648 3400 non

231 3451 351 3522 minus
373 3473 479 3544 quam
500 3452 533 3522 in
555 3461 654 3546 porto
674 3452 790 3524 Sancti
814 3450 947 3524 Cataldi
967 3451 1096 3522 utilitas
1117 3461 1232 3523 nostre
1257 3450 1351 3522 curie
1373 3459 1595 3546 procuratur,
1614 3459 1649 3523 et

230 3594 339 3668 super
355 3576 520 3669 expensis
534 3573 660 3647 dandis
672 3575 796 3646 nuntio
807 3574 916 3647 Greco
928 3573 989 3668 qui
1005 3582 1057 3646 est
1067 3574 1172 3666 Fogie
1183 3575 1244 3667 qui
1258 3596 1278 3646 a
1292 3575 1513 3646 curianostra
1529 3573 1645 3664 rediit,

231 3719 315 3770 ecce
337 3698 434 3791 quod
451 3699 611 3770 venimus
631 3699 831 3772 festinantes
851 3698 886 3768 in
905 3717 1013 3788 regno
1034 3705 1150 3769 nostro
1172 3707 1206 3768 et
1223 3698 1382 3791 proxima
1398 3697 1528 3769 erimus
1546 3697 1649 3790 Fogie

231 3820 295 3892 ubi
308 3831 427 3893 nostro
445 3821 643 3916 conspectui
659 3820 891 3916 comparabis,
907 3828 942 3891 et
953 3827 1143 3892 statuemus
1159 3819 1204 3893 de
1224 3820 1290 3916 bys
1308 3819 1404 3914 quod
1422 3819 1469 3892 ad
1482 3819 1648 3892 bonorem

233 3953 269 4016 et
285 3943 504 4016 commodum
523 3946 618 4016 curie
632 3953 749 4017 nostre
766 3943 957 4017 viderimus
971 3942 1205 4014 statuendum.

281 4069 407 4140 Datum
423 4069 523 4157 Orto,
543 4069 620 4141 XVI
634 4069 763 4159 martii,
779 4068 856 4139 Xlll
876 4066 1085 4140 indictionis.

282 4191 365 4264 ltem
391 4191 528 4286 scripsit
553 4192 738 4284 justitiario
761 4192 951 4286 Capitinato
971 4199 1010 4260 ut
1043 4189 1087 4261 do
1109 4191 1280 4261 frumento
1303 4186 1400 4282 quod
1422 4187 1528 4260 babet
1551 4187 1647 4259 curie

233 4313 328 4406 quod
345 4312 496 4386 deluerit
514 4313 716 4387 Alexandro
739 4313 809 4386 lilio
829 4313 965 4385 Raurici
988 4312 1032 4384 de
1052 4312 1242 4406 quantitate
1263 4310 1467 4383 victualium
1492 4310 1648 4406 predicta

234 4437 390 4531 suppleat
402 4459 475 4509 uua
491 4460 570 4510 cum
586 4440 688 4512 fratre
702 4437 889 4510 Ademario
905 4445 1031 4508 statuto
1046 4457 1150 4530 super
1160 4434 1373 4523 Bersontino,
1388 4441 1426 4505 ut
1443 4426 1646 4505 mandatum

234 4558 363 4632 domini
378 4559 425 4635 dc
440 4537 522 4634 navi
535 4572 675 4634 onerata
698 4563 869 4634 frumento
888 4559 1044 4656 predicto
1060 4557 1189 4632 deinde
1208 4559 1437 4653 compleatur,
1456 4566 1491 4629 et
1506 4557 1647 4652 recipiat

234 4681 279 4756 de
291 4706 333 4758 oo
348 4684 447 4780 quod
465 4685 599 4759 dederit
614 4685 816 4781 apodixem.
