4374 6010
544 689 606 752 900
1046 689 1260 756 ruinnaldi
1285 693 1456 755 sacuam
1768 692 1850 772 [An.
1868 692 1959 755 iaia.

544 835 605 899 tua
619 822 842 922 precipiendo
859 821 1067 897 mandamus
1084 835 1257 920 quatenus
1271 849 1378 924 snper
1395 828 1571 923 premissis
1586 829 1741 923 inquiras
1755 827 1960 920 diligentins

543 948 724 1021 verimtem
740 968 801 1042 per
815 947 972 1020 homines
990 946 1061 1022 lide
1078 948 1202 1044 dignos
1221 972 1327 1045 quarn
1344 950 1492 1024 fideliter
1507 952 1554 1025 ad
1569 962 1604 1024 te
1621 961 1744 1024 vocato
1759 951 1812 1048 (a)
1822 962 1858 1024 et
1874 973 1961 1047 pre-

544 1072 646 1146 dictis
670 1070 997 1144 denunciationibus
1013 1072 1210 1166 assistenta3
1229 1095 1336 1168 quarn
1352 1069 1499 1148 fideliter
1514 1077 1551 1147 in
1567 1075 1703 1170 seriptis
1719 1073 1894 1148 redactam
1911 1072 1960 1148 ad

545 1196 677 1269 curiam
694 1204 846 1268 nostram
862 1195 997 1267 mistas.

593 1321 718 1390 Datum
736 1319 854 1412 Fogie,
872 1319 950 1391 XIV
965 1318 1106 1414 aprelis,
1127 1319 1205 1392 Xill
1220 1319 1428 1394 indictionis.

401 1858 465 1913 ⁰¹¹⁸·
561 1967 563 1972 Ι
597 1855 822 1940 Mandatum
858 1859 908 1942 ad
953 1857 1233 1964 Alexandrum,
1273 1859 1397 1944 filium
1434 1859 1604 1969 Henriei,
1641 1869 1686 1944 ut
1717 1859 1882 1944 Guidoni
1911 1859 1959 1942 de

546 1987 688 2072 Guasto
713 1991 900 2099 provisori
917 2001 1130 2076 castrorum
1152 1994 1191 2074 in
1212 1993 1351 2102 Apulia
1374 2019 1559 2102 expensas
1585 1991 1759 2078 exhibeat
1783 2005 1862 2076 tam
1889 2017 1960 2101 pro

545 2146 587 2203 se
603 2131 642 2204 et
659 2123 831 2205 scuteriis
850 2123 930 2204 suis
949 2150 1067 2233 quam
1092 2151 1162 2234 pro
1184 2125 1419 2234 reparatione
1436 2136 1662 2208 castrorum.

628 2321 756 2404 (Repeti.
768 2323 871 2402 impar.
887 2320 1008 2398 Fradcr,
1022 2323 1062 2400 11,
1078 2321 1129 2386 iol.
1148 2333 1186 2386 aa
1198 2329 1294 2400 reot03
1310 2327 1343 2384 in
1357 2324 1429 2386 edit.
1445 2324 1583 2404 caream,
1598 2341 1631 2404 p.
1648 2325 1732 2406 aaa.)

597 2497 775 2568 blandonia
793 2497 923 2569 daniae
948 2499 1147 2592 imperatore
1173 2520 1236 2590 per
1254 2497 1405 2590 judicem
1440 2497 1606 2569 Taddeum
1638 2499 1773 2591 arripnit
1808 2500 1961 2571 notarim

544 2622 587 2692 li.
608 2621 648 2692 da
663 2621 829 2692 Salariae:
1227 2613 1230 2618 ’

594 2744 809 2836 Fredericus,
831 2753 914 2832 eie,
939 2742 1139 2820 Alexandro
1161 2743 1232 2816 filio
1253 2743 1408 2830 Henrioi,
1428 2752 1495 2816 eto.
1516 2743 1631 2818 Gnido
1654 2742 1700 2818 de
1726 2745 1853 2846 Gnosio
1878 2767 1963 2848 pm⁴¹

544 2867 640 2940 visor
661 2877 849 2940 easimrum
874 2875 1070 2940 nostrorum
1094 2867 1131 2938 in
1148 2865 1274 2962 Apulia
1297 2875 1508 2959 conquestus
1527 2875 1579 2940 est
1601 2887 1718 2939 eoram
1739 2869 1840 2941 nobis
1863 2869 1962 2964 quod

545 3013 625 3064 eum
650 2991 851 3065 dederimus
873 2991 1000 3064 nostris
1026 2989 1155 3063 lictoris
1180 2989 1218 3061 iu
1243 2987 1416 3062 mandatis
1435 2989 1547 3082 judici
1574 2989 1733 3086 Phiiippo
1758 2991 1805 3064 de
1826 2992 1962 3066 Aversa

545 3115 606 3210 qui
626 3123 709 3186 tono
724 3123 871 3188 statutus
891 3114 1003 3186 iuerat
1023 3113 1221 3186 recollectos
1237 3111 1385 3208 pecunia
1408 3120 1524 3186 nostre
1540 3112 1577 3184 in
1590 3111 1737 3208 Apulia,
1755 3123 1795 3186 ut
1813 3115 1879 3188 sibi
1896 3139 1963 3212 pro

545 3258 601 3326 se,
622 3239 732 3310 tribus
758 3237 914 3310 scuteriis
939 3245 974 3308 et
998 3246 1146 3330 quatuor
1167 3235 1268 3329 equis
1288 3234 1362 3307 suis
1381 3255 1553 3329 expensas
1572 3236 1676 3328 juxta
1697 3238 1840 3310 assisam
1862 3240 1961 3313 ouria

544 3363 712 3436 exhibere
727 3360 881 3450 deberet,
901 3361 983 3454 quia
998 3359 1091 3432 idem
1103 3357 1215 3450 judex
1228 3356 1426 3430 infirmimte
1443 3355 1604 3430 detentus
1615 3380 1685 3432 non
1700 3361 1846 3434 contulit
1864 3383 1905 3436 se
1922 3363 1962 3435 in

545 3483 705 3580 Apuliam
734 3492 774 3556 ut
799 3483 979 3556 servitium
1005 3481 1102 3554 ouria
1129 3490 1246 3554 nostra
1274 3478 1340 3552 sibi
1368 3480 1589 3576 commissum
1618 3493 1863 3576 exequeretur,
1888 3507 1964 3560 ex-

545 3629 672 3703 pensas
690 3609 783 3703 ipsas
806 3605 964 3679 nondum
990 3604 1080 3676 sieut
1103 3604 1226 3676 asserit
1250 3603 1363 3699 potnit
1384 3601 1513 3675 habere
1535 3603 1581 3674 ab
1603 3602 1805 3697 aliquanao
1829 3607 1875 3680 ab
1901 3629 1959 3682 eo.

545 3733 662 3820 Quare
685 3731 841 3806 fidelitati
863 3739 923 3801 tue
944 3726 1166 3824 precipiendo
1189 3725 1398 3800 mandamns
1423 3733 1595 3820 quatenus
1617 3735 1730 3800 eertus
1755 3729 1847 3802 sicut
1875 3751 1962 3802 oon·

545 3857 643 3929 venit
656 3853 754 3949 qnod
771 3853 886 3928 dietus
900 3851 942 3922 G.
967 3871 1138 3946 expensas
1159 3849 1253 3944 ipsas
1269 3868 1291 3921 a
1307 3849 1403 3920 nulio
1420 3867 1484 3942 pro
1501 3855 1598 3942 parte
1615 3849 1711 3922 curie
1728 3860 1844 3924 nostre
1859 3873 1964 3925 reee-

544 3979 636 4074 perit
662 3979 753 4050 sioni
776 3977 873 4068 dicit,
897 3985 934 4046 tu
958 3993 1131 4068 expensas
1151 3971 1244 4066 ipsas
1271 3991 1334 4066 pro
1356 3991 1412 4062 se,
1439 3970 1549 4042 tribus
1569 3971 1728 4046 scuteriis
1751 3983 1787 4044 et
1810 3983 1963 4069 quatuor

545 4102 644 4196 equis
662 4103 734 4174 suis
749 4102 852 4193 juxta
874 4099 1017 4172 assisam
1035 4096 1132 4168 curie
1149 4095 1338 4184 exhibeas,
1356 4093 1402 4168 ab
1421 4114 1463 4167 eo
1479 4103 1634 4190 tempore
1649 4117 1720 4190 quo
1733 4097 1801 4170 sibi
1816 4119 1879 4194 per
1892 4121 1963 4172 en-

544 4225 630 4297 riam
647 4235 800 4298 nostram
822 4231 948 4294 statute
967 4222 1107 4292 inerunt
1127 4228 1162 4292 ei
1183 4219 1338 4292 inantea
1354 4215 1519 4290 doneoin
1535 4217 1658 4292 eodem
1678 4228 1797 4293 nostru
1818 4223 1962 4296 servitio

544 4347 648 4420 inerit
671 4347 717 4421 da
744 4355 860 4420 nostro
890 4343 1072 4433 mandato,
1101 4363 1164 4436 pro
1191 4341 1258 4414 iliis
1287 4339 1447 4412 videlieet
1475 4339 1598 4412 diebus
1627 4341 1756 4434 quibus
1779 4345 1961 4420 servitium

542 4470 659 4566 ipsum
672 4479 870 4564 exequutus
881 4475 932 4542 est
943 4475 978 4542 et
991 4467 1026 4538 in
1037 4474 1138 4538 antaa
1151 4473 1359 4558 exequetur,
1372 4483 1545 4558 expensas
1555 4463 1699 4538 daturus
1708 4465 1822 4540 eidem
1834 4467 1880 4540 de
1893 4491 1963 4564 pa-

584 4669 626 4750 (a)
646 4671 742 4732 Locus
755 4669 895 4748 mutilus,
910 4669 983 4730 dum
1000 4669 1099 4744 inepta
1118 4667 1163 4727 ibi
1184 4667 1333 4743 irrepserit
1348 4679 1437 4744 paam
1446 4660 1590 4742 fideliter,
1611 4665 1692 4744 qnod
1709 4669 1799 4744 paam
1819 4651 1908 4730 inira¹
1919 4671 1962 4732 ad

541 4791 630 4838 mum
644 4775 742 4837 iocum
757 4777 919 4852 reponitur.
935 4775 1073 4836 Forsitan
1086 4789 1168 4834 nuno
1181 4771 1339 4851 legendum
1351 4767 1429 4833 dioto
1442 4769 1656 4834 Boaaiuooatro
1667 4770 1710 4834 ad
1723 4779 1752 4836 a
1763 4781 1873 4838 meato.
