4384 6004
1057 743 1268 806 suissuis!
1295 745 1467 808 seculum
1780 747 1862 828 [Ars.
1880 750 1962 811 isti.

783 1029 1725 1040 ——nwu———u—-o———n--u—n—*ffl

493 1277 501 1330 ¹
608 1272 841 1378 Fridericus,
865 1271 1126 1354 Romanorum
1152 1270 1378 1381 imperator,
1404 1269 1564 1352 Hennco
1591 1267 1839 1378 Brabantiae,
1863 1269 1965 1354 llat-

556 1409 666 1490 thaeo
693 1405 981 1514 Lotharingiae‚
1006 1403 1168 1488 Henrico
1192 1402 1390 1512 Limburgi
1410 1402 1572 1485 ducibus
1600 1414 1637 1485 et
1656 1404 1813 1485 caeteris
1840 1403 1965 1485 comi-

556 1541 658 1623 tibus
685 1549 723 1623 et
749 1537 958 1621 baronibus
990 1537 1134 1620 ibidem
1166 1535 1372 1620 nominatis
1399 1535 1585 1644 promittit
1611 1537 1716 1644 quod
1747 1561 1812 1618 eos
1839 1546 1968 1618 contra

556 1672 765 1782 quemlibet
784 1671 1046 1780 injuriatorem
1067 1669 1235 1780 juvabit,
1260 1669 1430 1777 ipsisque
1455 1679 1641 1776 tanquam
1669 1667 1741 1750 sibi
1766 1668 1913 1751 cavebit
1938 1669 1968 1750 si

556 1831 644 1900 cum
664 1803 846 1914 Gregorio
864 1827 964 1910 papa
981 1799 1293 1908 compositionem
1311 1799 1393 1882 fieri
1411 1800 1621 1910 contingat.

640 2017 734 2096 (Edit.
749 2033 798 2093 99.
814 2013 970 2086 Burnsrrs,
991 2013 1132 2093 Troplrtes
1151 2011 1352 2086 delirabant,
1370 2031 1489 2090 preuv.‚
1509 2031 1540 2091 p.
1562 2023 1617 2092 81,
1637 2031 1675 2075 ex
1693 2014 1873 2075 chartulario
1893 2014 1971 2074 dieto

677 2123 807 2205 Ropistrc
825 2121 872 2182 des
888 2119 999 2182 91199199
1016 2119 1051 2180 de
1070 2118 1214 2180 Brabcnt.
1231 2153 1269 2168 —
1288 2121 1407 2198 Lumo,
1424 2117 1496 2180 coi.
1521 2119 1618 2181 Germ.
1639 2118 1810 2200 epm,
1830 2127 1905 2181 tom.
1926 2121 1970 2194 11,

683 2249 715 2308 p.
735 2239 822 2290 11199.
838 2262 878 2274 -
892 2229 1085 2300 Bsarrrossr,
1099 2227 1177 2289 11191.
1196 2225 1231 2288 da
1247 2223 1550 2304 199991.,1.11,9.
1567 2225 1630 2306 tis.)

608 2417 825 2506 Fredericus,
843 2417 905 2490 Dei
921 2417 1031 2509 gratia
1043 2417 1273 2488 Romanorum
1290 2416 1474 2509 imperator
1490 2435 1625 2509 semper
1642 2423 1827 2509 angustus,
1847 2417 1975 2488 Hieru-

560 2543 665 2615 salem
680 2551 713 2615 et
727 2542 840 2613 Sicilie
857 2561 937 2626 rex,
954 2539 1124 2612 universis
1144 2559 1284 2634 presens
1298 2540 1462 2634 scriptum
1477 2539 1604 2611 visuris
1618 2539 1654 2609 in
1673 2549 1892 2634 perpetuum.
1913 2540 1976 2612 Per

562 2687 703 2761 presens
716 2665 882 2758 scriptum
901 2674 1020 2736 uotum
1036 2685 1112 2736 esse
1129 2663 1290 2735 volumus
1303 2671 1372 2736 tam
1385 2663 1602 2756 presentibus
1614 2685 1720 2756 qnam
1738 2663 1863 2735 futuris
1878 2662 1975 2757 quod

562 2812 624 2862 nos
637 2789 853 2862 attendentes
868 2787 993 2860 devote
1009 2785 1090 2860 fidei
1108 2787 1285 2860 veritatem
1303 2809 1409 2880 quam
1426 2787 1593 2859 Esuriens
1605 2787 1800 2877 brabantie,
1817 2787 1976 2860 Mothous

562 2913 791 3004 lotharingie,
813 2911 982 2983 Henricus
1007 2911 1052 2982 de
1071 2910 1254 2982 Limburch
1276 2910 1402 2998 duces,
1424 2911 1503 2982 Otto
1520 2909 1709 3001 aeliensis,
1731 2910 1908 2984 Arnoldus
1932 2911 1975 2984 da

564 3040 639 3126 Lus,
660 3035 1257 3123 11119919991911999991999991199,
1276 3035 1470 3106 Walramus
1487 3033 1532 3105 de
1550 3035 1732 3106 limburch
1753 3047 1789 3106 et
1808 3037 1976 3108 Henricus

564 3163 609 3232 de
624 3161 814 3251 Heinsberg
827 3161 986 3248 barones,
1008 3169 1078 3230 tam
1094 3159 1265 3253 principes
1277 3181 1382 3252 quam
1399 3157 1517 3230 fideles
1534 3161 1652 3249 nostri,
1666 3170 1830 3250 tanquam
1846 3162 1976 3231 lumina

563 3305 688 3355 corone
703 3305 778 3354 mee
794 3283 841 3376 (a)
853 3281 897 3352 ad
915 3303 978 3354 nos
996 3293 1031 3353 et
1044 3283 1228 3376 imperium
1249 3282 1415 3354 hacteuus
1433 3282 1628 3354 habuerunt
1643 3293 1678 3353 91
1693 3284 1840 3375 qualiter
1855 3289 1975 3375 majes-

565 3407 624 3478 tati
645 3401 759 3478 nostre
772 3415 807 3477 at
824 3405 983 3476 Conrado
1001 3403 1072 3477 filio
1093 3415 1208 3478 nostro
1225 3405 1285 3477 Dei
1304 3406 1416 3498 gratia
1433 3407 1469 3476 in
1488 3405 1716 3478 Romanorum
1737 3429 1852 3500 rogem
1868 3410 1976 3480 electo

563 3550 700 3624 semper
713 3539 861 3623 augusto
884 3539 919 3600 et
939 3529 1036 3620 regni
1055 3529 1266 3602 Hierusalem
1284 3528 1403 3601 heredi
1418 3527 1628 3601 incessanter
1646 3526 1814 3602 adherere
1837 3529 1976 3603 deside-

564 3664 642 3726 rant
660 3652 705 3724 ad
725 3653 891 3724 honorem
913 3661 1085 3740 nostrum,
1108 3673 1170 3744 pro
1189 3651 1451 3724 conservatione
1470 3673 1595 3724 corone
1613 3653 1756 3725 Romani
1777 3653 1926 3726 nominis
1945 3662 1979 3726 et

564 3787 713 3870 augusta
727 3777 916 3870 diguitatis,
931 3777 1161 3871 promittimus
1172 3777 1223 3848 eis
1242 3775 1390 3850 fideliter
1404 3775 1498 3870 quod
1513 3775 1605 3869 ipsos
1621 3777 1816 3850 fovebimus
1829 3800 1891 3874 pro
1901 3779 1979 3871 jure

565 3923 647 3992 su0;
668 3903 748 3973 etsi
766 3903 845 3994 quis
864 3910 981 3973 contra
994 3901 1083 3992 juris
1100 3900 1285 3994 equitatem
1301 3922 1360 3972 scs
1379 3901 1626 3996 presumpserit
1638 3901 1694 3971 vel
1710 3901 1837 3973 amodo
1860 3925 1979 3996 presu-

567 4035 674 4098 meret
692 4025 872 4111 invadere‚
889 4025 950 4118 qui
962 4025 1031 4114 juri
1047 4046 1166 4119 parere
1182 4045 1285 4118 super
1298 4023 1364 4095 hcc
1379 4045 1417 4094 se
1432 4033 1620 4118 opponeret
1630 4045 1746 4096 coram
1761 4027 1861 4098 nobis
1879 4026 1977 4120 ipsis,

566 4159 626 4220 aut
643 4171 704 4244 999
717 4149 859 4220 modum
878 4147 1062 4220 concordie
1079 4147 1270 4219 amicabilis
1289 4157 1350 4220 aut
1362 4148 1452 4241 juris
1467 4148 1523 4218 vel
1539 4147 1665 4218 virium
1684 4157 1876 4220 nostrarum
1893 4151 1981 4222 bra-

568 4273 646 4345 chio
655 4272 858 4364 juvabimus
871 4294 932 4364 pro
943 4273 1021 4363 jure
1035 4293 1112 4360 suo,
1129 4271 1240 4344 donec
1254 4272 1338 4366 ipsis
1350 4271 1395 4343 de
1411 4272 1591 4345 invasione
1601 4271 1800 4364 hujusmodi
1815 4275 1861 4346 ad
1873 4275 1980 4346 hono·

608 4447 650 4526 (a)
671 4449 751 4508 11999
767 4447 928 4506 certissime
946 4445 1037 4506 verba
1051 4453 1193 4528 19999999
1206 4443 1320 4506 lunum
1333 4462 1435 4505 corone
1447 4463 1521 4520 9999,
1535 4462 1597 4506 999
1611 4450 1755 4525 9999199,
1771 4447 1822 4508 sed
1836 4451 1868 4508 ln
1889 4449 1981 4509 char-

567 4555 674 4615 tulario
688 4557 726 4614 ad
740 4557 898 4631 majorem,
913 4559 948 4612 ut
967 4569 1032 4613 mos
1045 4559 1120 4630 9991,
1135 4553 1312 4630 elegantiam
1331 4553 1506 4628 interpolata
1526 4552 1617 4613 fuisse
1637 4552 1777 4614 ubenum
1793 4555 1979 4616 crediderim.

568 4661 679 4722 Eadem
697 4659 735 4720 dc
751 4659 928 4736 quibusdam
950 4657 1016 4718 91119
1039 4658 1135 4719 verbis
1154 4659 1289 4720 dubietas
1309 4661 1460 4730 exoritur,
1480 4673 1542 4718 nou
1562 4661 1605 4719 ita
1624 4665 1725 4720 mmeu
1744 4668 1778 4721 ut
1794 4661 1981 4740 privilegium

568 4770 688 4827 omnino
701 4768 833 4843 spurium
850 4763 1003 4840 habeatur,
1019 4781 1112 4841 quum
1125 4764 1162 4824 de
1175 4772 1289 4825 caetero
1302 4763 1390 4824 rebus
1403 4765 1602 4825 Alamannicis
1615 4771 1645 4826 et
1659 4773 1826 4844 temporum
1841 4769 1939 4829 ordini
1953 4785 1984 4829 se

569 4875 680 4951 optime
694 4870 905 4932 accommodet.
