4524 6012
522 681 582 744 690
1023 674 1233 736 bolonitici
1260 675 1435 738 saccant
1745 673 1823 758 [burt.
1841 675 1928 738 lato.

571 813 792 904 Fredericus,
805 821 887 899 etc,
906 810 1089 884 Tboiomeo
1099 811 1282 904 justitiario
1294 811 1396 884 valiis
1411 809 1522 882 Gratis
1538 819 1573 882 et
1585 819 1674 884 terro
1686 809 1848 898 tortione,
1862 821 1928 884 etc.

525 941 692 1014 musaea
711 936 926 1030 benignitate
937 934 1130 1029 recepimus
1144 935 1303 1025 lictores,-
1321 949 1388 1008 etc.
1406 936 1456 1006 ne
1468 933 1656 1006 baronibus
1669 943 1786 1008 autam
1803 944 1839 1006 ct
1859 936 1933 1007 ien-

526 1063 665 1138 datariis
675 1056 925 1154 jurisdictionis
945 1067 1004 1129 tue
1023 1078 1112 1152 quos
1128 1059 1231 1149 juxta
1251 1067 1405 1131 tenorem
1424 1057 1577 1130 mandati
1596 1057 1702 1130 nostri
1722 1057 1853 1132 exinde
1869 1059 1933 1131 tibi

526 1186 619 1258 missi
634 1183 745 1259 citasti
758 1181 853 1278 qnod
865 1203 903 1254 se
914 1181 1177 1275 equisetarmis
1188 1202 1251 1276 pro
1258 1181 1385 1256 noetns
1396 1180 1546 1254 servitiis
1557 1181 1935 1268 communirent,.tuum

526 1309 679 1384 studium
695 1304 991 1382 commendamus.
1008 1305 1176 1378 Volumus
1192 1314 1307 1378 tamen
1321 1313 1360 1376 ut
1377 1303 1537 1376 distincta
1547 1303 1651 1376 uobis
1664 1303 1838 1396 significes
1852 1315 1937 1399 quot

526 1443 608 1508 sunt
623 1441 658 1504 ct
671 1431 732 1526 qui
749 1437 831 1506 sunt
848 1428 897 1500 iiii
912 1428 974 1522 qui
992 1449 1030 1502 se
1046 1427 1094 1500 ad
1107 1429 1174 1500 boo
1188 1437 1399 1522 paraverunt
1414 1438 1448 1500 et
1465 1429 1613 1521 qualitor
1630 1436 1710 1500 suut
1728 1429 1871 1516 moniti,
1882 1428 1938 1498 iu·

527 1559 644 1654 quiras
657 1556 760 1628 etiam
779 1553 962 1646 diligenter
978 1552 1158 1624 tenuitates
1172 1561 1208 1626 et
1223 1573 1324 1647 posse
1342 1551 1524 1644 cujuslibet
1544 1559 1581 1622 et
1599 1552 1756 1646 quisunt
1773 1552 1834 1645 qui
1849 1551 1936 1644 jussi

528 1691 609 1758 sunt
626 1679 761 1752 munire
785 1699 823 1750 se
843 1697 907 1750 uec
922 1697 961 1750 sc
984 1675 1202 1766 munierunt,
1228 1685 1263 1748 ct
1281 1675 1318 1747 in
1339 1695 1411 1769 quo
1432 1675 1536 1747 etiam
1554 1675 1602 1746 iiii
1614 1675 1682 1770 qui
1701 1684 1938 1770 paupertatem

528 1806 676 1897 allegant
692 1823 730 1874 se
741 1808 886 1896 possunt
903 1799 1038 1872 munire
1052 1808 1087 1872 et
1097 1801 1286 1894 potentiam
1299 1807 1333 1870 et
1350 1798 1584 1894 impotentiam
1601 1798 1889 1893 uuiuscujusque,
1906 1807 1940 1872 ot

528 1939 653 2002 terram
676 1945 781 2020 quam
804 1923 950 2016 quilibet
973 1932 1083 2012 tenet,
1105 1933 1140 1995 at
1156 1923 1257 1996 nobis
1274 1924 1411 2016 singula
1433 1923 1572 1996 studeas
1590 1923 1747 1996 intimare
1765 1923 1938 1997 distincte.

528 2055 578 2125 De
590 2046 767 2146 quaternis
783 2053 901 2118 autem
914 2053 1092 2138 actorum,
1113 2047 1313 2135 feodorum,
1335 2047 1476 2120 collecte
1493 2047 1664 2138 generalis
1685 2057 1721 2120 et
1739 2047 1940 2120 olorinorum

531 2197 618 2272 quos
631 2173 735 2247 habet
746 2174 891 2243 Senator
904 2169 948 2244 de
959 2168 1081 2242 Auchis
1093 2170 1314 2264 predecessor
1327 2181 1421 2260 tuus,
1436 2169 1547 2244 fidelis
1560 2180 1687 2262 noster,
1702 2191 1791 2266 quos
1805 2179 1942 2266 propter

533 2300 643 2396 ipsius
659 2295 850 2369 absentiam
864 2293 1028 2366 babuisse
1046 2301 1080 2365 ta
1092 2314 1162 2365 uon
1177 2313 1279 2386 posse
1296 2293 1478 2387 scripsisti3
1499 2314 1580 2366 ecce
1592 2293 1813 2388 quodeidem
1825 2297 1861 2366 S.
1879 2294 1941 2386 qui

534 2423 579 2498 de
605 2418 769 2494 mandato
795 2427 911 2488 nostro
933 2434 953 2488 a
979 2415 1075 2487 curia
1099 2423 1214 2487 nostra
1241 2414 1360 2505 rediit,
1384 2415 1509 2488 damus
1524 2437 1587 2511 per
1605 2426 1739 2488 nostras
1755 2416 1890 2488 licteras
1906 2414 1943 2486 iu

533 2543 705 2619 mandatis
724 2549 763 2612 ut
785 2560 847 2612 eos
864 2538 926 2610 tibi
946 2537 1071 2611 debeat
1092 2538 1279 2632 assignare.
1304 2539 1353 2612 De
1376 2539 1443 2612 iliis
1467 2561 1551 2612 roro
1575 2561 1664 2633 quos
1687 2561 1751 2634 per
1770 2536 1944 2628 jurisdic-

534 2669 659 2741 tionem
675 2673 770 2738 tuam
785 2670 976 2736 carceratos
987 2661 1162 2734 invenisse
1173 2662 1337 2757 scripsisti
1350 2683 1411 2758 per
1424 2663 1617 2758 predictum
1629 2665 1826 2736 Senamrem
1835 2681 1945 2756 quon·

534 2791 615 2866 dam
634 2787 878 2882 justitiarium,
898 2785 959 2879 qui
976 2805 1016 2858 se
1037 2795 1234 2882 proponunt
1255 2787 1332 2858 sine
1355 2807 1459 2858 causa
1474 2787 1670 2860 rationabili
1685 2797 1802 2882 captos
1818 2807 1894 2860 esso
1911 2797 1946 2861 et

533 2917 682 2992 offerunt
696 2933 733 2984 se
748 2908 999 3002 fidejussoriam
1012 2909 1206 2982 cautionem
1224 2919 1377 3004 prestare
1395 2908 1440 2982 de
1450 2911 1582 3002 justitia
1597 2910 1767 2998 iacienda,
1785 2912 1947 2984 volumus

534 3052 574 3116 ut
591 3035 791 3132 diligentius
808 3033 963 3127 inquiras
982 3033 1043 3127 qui
1064 3043 1145 3105 sunt
1160 3033 1209 3104 iiii
1226 3034 1287 3127 qni
1305 3034 1395 3129 capti
1414 3043 1495 3105 sunt
1517 3043 1552 3105 ct
1571 3055 1642 3128 qua
1667 3034 1712 3106 de
1732 3055 1836 3108 causa
1854 3038 1946 3130 capti

536 3167 675 3238 luerunt
692 3169 727 3233 et
747 3181 768 3230 a
788 3179 859 3252 qno
874 3167 1049 3251 tempore,
1070 3166 1105 3228 et
1125 3157 1243 3230 omnia
1263 3157 1364 3230 nobis
1385 3157 1545 3230 distincto
1560 3157 1746 3252 significes.
1769 3160 1839 3232 Nos
1853 3159 1946 3232 enirn

536 3285 681 3381 coguitis
697 3282 859 3355 omnibus
882 3280 1109 3352 rescribemus
1131 3281 1194 3353 tibi
1217 3291 1332 3354 nostre
1357 3283 1610 3378 beneplacitum
1631 3283 1833 3357 uoluntatis.
1861 3285 1946 3356 Nam

538 3433 618 3486 cum
635 3409 781 3481 obscure
796 3424 902 3499 super
918 3403 985 3475 boc
1005 3403 1195 3498 scripseris,
1210 3412 1341 3476 certum
1360 3405 1423 3477 tibi
1438 3427 1507 3478 non
1524 3405 1699 3502 potuimus
1713 3405 1945 3498 demandare;

536 3531 725 3609 tamenim
753 3549 858 3622 super
889 3527 955 3599 hoo
982 3547 1089 3619 quam
1123 3548 1228 3622 super
1254 3527 1331 3600 aliis
1363 3529 1523 3602 omuibus
1547 3551 1618 3624 que
1638 3531 1738 3604 uobis
1759 3529 1949 3626 aliquando

536 3653 735 3744 nuntiabis,
767 3649 921 3723 studium
948 3649 1115 3723 adhibeas
1140 3649 1238 3744 qnod
1266 3650 1424 3724 distincte
1452 3653 1553 3726 nobis
1581 3654 1743 3727 universa
1775 3654 1949 3749 significes

537 3790 573 3856 et
594 3786 724 3874 aperto.
754 3778 802 3847 ile
820 3774 888 3848 iliis
909 3773 969 3868 qui
988 3773 1077 3848 siem
1097 3774 1262 3870 scripsisti
1278 3785 1396 3851 contra
1416 3786 1570 3852 tenorem
1590 3799 1765 3850 mnarum
1784 3781 1950 3854 constitu·

514 3995 519 4004 ,
537 3906 669 3978 tionum
688 3907 885 3974 nostrarum
910 3919 1006 3971 arma
1028 3897 1204 3992 prohibita
1231 3921 1309 3972 nou'
1324 3901 1425 3974 veriti
1451 3910 1533 3974 sunt
1554 3910 1712 3996 portare,
1731 3903 1898 3980 volumus.
1912 3911 1951 3978 ut

485 4039 489 4046 '
538 4039 655 4104 contra
669 4047 728 4100 eos
750 4021 942 4097 secundum
963 4023 1106 4095 iormarn
1128 4022 1328 4098 earumdem
1350 4025 1630 4116 constitutionum
1653 4034 1951 4121 nostrarumpro-

539 4152 654 4228 cedas.
671 4147 773 4233 Quod
791 4153 907 4217 autem
925 4143 1126 4238 significasti
1148 4145 1193 4218 de
1215 4147 1363 4242 pecunia
1387 4169 1457 4242 que
1476 4150 1636 4246 imposita
1659 4150 1726 4222 luit
1748 4149 1949 4240 comitibus,

538 4271 741 4362 baronibus,
766 4268 932 4342 militibus
952 4277 986 4341 et
1008 4267 1208 4341 feudatariis
1228 4270 1480 4364 jurisdictionis¹
1496 4282 1554 4344 tue
1572 4295 1635 4370 prq
1650 4294 1770 4354 eorum
1785 4273 1953 4352 domaniis

540 4394 728 4489 quamdam
744 4391 971 4485 quantitatem
989 4412 1065 4464 essa
1084 4389 1200 4464 adhuc
1224 4393 1474 4486 colligendam,
1502 4397 1665 4468 volumus
1689 4405 1730 4468 ut
1753 4417 1894 4490 operam
1915 4398 1952 4468 in

540 4520 607 4592 hoc
624 4517 807 4614 impendas
822 4515 918 4610 quod
935 4515 1167 4612 pecuniaipsa
1185 4517 1253 4592 cito
1264 4518 1310 4593 ad
1326 4539 1450 4593 manus
1465 4519 1560 4594 curie
1578 4532 1695 4595 nostre
1713 4521 1828 4595 valeat
1841 4523 1953 4596 deve-

541 4643 629 4714 nire.
641 4642 691 4712 Dc
704 4640 1119 4712 lactovcrovenatiouum
1130 4661 1192 4734 per
1204 4651 1319 4736 partes
1328 4643 1421 4738 ipsas
1432 4663 1520 4737 quas
1528 4645 1670 4718 Senator
1678 4637 1725 4717 ¹tle
1737 4643 1860 4720 ironis
1868 4643 1951 4716 oiim

540 4763 746 4860 justitiarius
768 4763 894 4834 lecerat
913 4761 1077 4854 inhiberi,
1097 4762 1161 4837 sed
1178 4763 1315 4857 ignoras
1329 4786 1400 4860 quo
1415 4766 1538 4856 motio,
1560 4777 1700 4863 propter
1715 4767 1813 4862 quod
1827 4765 1952 4838 instrui
