4524 6012
282 697 378 761 Ismer.
396 694 457 779 le]
709 691 905 754 IIIS'I'OIIIII
929 686 1223 752 otrnotrsstcs.
1636 687 1695 750 723

281 841 369 906 terre
392 833 469 928 ipsu
491 831 678 902 mictentur
696 829 759 923 qui
777 828 932 900 instructi
958 827 1029 901 siut
1052 827 1098 900 ud
1121 821 1348 896 ministerium
1370 822 1622 918 supradictum.
1642 827 1695 898 Tu

282 977 364 1028 vero
381 977 446 1051 pro
468 953 527 1028 Iilo
548 955 658 1027 terreo
673 952 720 1026 ed
738 973 826 1047 opus
845 951 1028 1024 loricarum
1049 947 1201 1023 emendo
1216 947 1337 1020 mictes
1353 955 1388 1020 et
1407 947 1513 1021 tucius
1528 948 1693 1022 inveniri.

282 1081 329 1152 De
340 1080 511 1152 Saraceno
528 1101 632 1174 quem
648 1077 811 1150 invenisti
824 1075 869 1150 de
883 1078 1038 1172 pertibus
1052 1071 1239 1168 Aquitanis
1251 1073 1421 1164 saltatore,
1437 1073 1500 1168 qui
1513 1095 1594 1148 cum
1606 1075 1696 1148 sicut
1793 1139 1796 1144 .

283 1203 445 1298 scripsisti
476 1201 709 1276 diversimode
738 1203 863 1275 sultare
894 1201 1000 1292 scint,
1032 1201 1146 1296 ipsum
1178 1217 1240 1292 pro
1274 1197 1369 1270 curie
1400 1207 1518 1272 nostre
1547 1199 1696 1274 retinere

285 1327 428 1418 curasti,
447 1327 611 1400 volumus
629 1335 668 1396 ut
683 1347 764 1398 eum
780 1324 827 1398 cd
846 1324 976 1397 curium
992 1331 1145 1396 nostrum
1160 1322 1298 1414 mictns,
1317 1321 1354 1394 in
1368 1323 1559 1417 premissis,
1577 1332 1643 1397 etc.

329 1451 453 1522 Datum
469 1446 624 1544 Fnligni,
639 1449 669 1521 V
686 1449 867 1537 februarii,
887 1447 964 1520 XIII
979 1445 1190 1520 indictionis.

333 1991 555 2077 IIendetum
574 1992 624 2072 ed
647 1989 873 2074 Rioenrdum
895 1989 944 2072 de
968 1987 1129 2072 Puloaro
1146 2015 1217 2100 pro
1244 1987 1419 2098 expensis
1447 1988 1585 2072 dandis
1615 2017 1695 2076 no-

289 2123 374 2206 terio
393 2123 542 2234 Angelo
560 2123 608 2206 de
627 2123 770 2232 Cepun.

360 2337 490 2421 (Itepmt.
505 2338 609 2419 isuper.
624 2335 744 2399 mate.
760 2337 799 2413 11,
814 2335 868 2398 IeI.
882 2345 922 2400 oo
937 2353 1037 2408 νικος
1054 2340 1086 2396 tn
1098 2336 1170 2398 edtt.
1187 2336 1323 2415 cereum,
1338 2354 1368 2415 p.
1387 2335 1465 2417 tte.)

329 2527 373 2595 Dc
384 2525 541 2596 mundato
552 2524 723 2616 imperiali
738 2527 826 2616 secto
839 2545 901 2618 per
913 2523 1109 2616 magistrum
1125 2521 1292 2593 Ioerrum
1306 2525 1439 2616 scripsit
1449 2525 1489 2598 P.
1507 2525 1547 2596 dc
1558 2528 1693 2622 Capsu:

328 2647 546 2740 Fredericus,
564 2658 646 2739 etc,
666 2649 705 2721 R.
724 2645 768 2720 de
783 2647 946 2736 Pulcero,
969 2656 1034 2719 ete.
1052 2646 1137 2718 Cum
1160 2647 1363 2740 magistrum
1384 2647 1426 2721 Α.
1451 2647 1500 2746 (α)
1519 2650 1564 2724 de
1578 2653 1695 2748 Copue

282 2773 450 2846 noterium
468 2782 503 2844 et
520 2769 657 2844 fidelem
678 2779 833 2842 nostrum
853 2769 1144 2866 proquibusdam
1166 2771 1290 2843 nostris
1312 2771 1460 2845 servitiis
1476 2776 1694 2869 exequendis

281 2897 324 2969 ad
347 2917 490 2993 presens
514 2895 697 2967 mictamus
722 2895 758 2965 in
785 2914 951 2986 regnum,
977 2892 1133 2966 fidelitati
1160 2903 1219 2966 tue
1242 2895 1467 2992 precipiendo
1489 2899 1693 2980 mandemus

281 3030 452 3114 quatenus
465 3017 550 3114 quia
565 3019 602 3089 in
618 3039 754 3092 camera
772 3027 889 3090 nostre
904 3017 940 3090 in
954 3017 1105 3112 presenti
1116 3019 1264 3114 pecunIu
1279 3040 1350 3091 non
1366 3020 1524 3110 habetur,
1539 3045 1602 3118 pro
1612 3047 1692 3122 pre·

281 3146 365 3218 scuti
382 3165 502 3218 mense
517 3143 681 3218 februarii
698 3163 769 3236 quo
786 3163 905 3216 mense
921 3142 1051 3238 recepit
1064 3163 1237 3236 expensas
1254 3163 1275 3214 a
1296 3143 1393 3216 curie
1410 3153 1543 3239 nostre,
1560 3158 1692 3244 septem

281 3269 397 3342 uncias
408 3269 486 3340 nuri
502 3267 548 3340 ed
562 3265 701 3363 pondus
714 3267 827 3350 curie,
847 3265 936 3338 sieut
949 3267 985 3338 iu
1003 3265 1098 3340 curie
1117 3275 1233 3340 nostre
1255 3267 1443 3362 recipiebat
1462 3292 1522 3364 per
1537 3293 1691 3346 mensem

280 3415 339 3486 pro
354 3414 412 3482 se,
430 3391 542 3463 tribus
561 3389 718 3462 scuteriis
740 3399 775 3463 et
791 3399 940 3485 quatuor
959 3389 1078 3484 equis,
1100 3390 1230 3485 pretato
1249 3392 1382 3464 notario
1400 3391 1492 3466 fideli
1517 3407 1633 3469 nostro
1647 3397 1693 3470 de

279 3516 426 3610 pecunie
438 3515 534 3588 curis
547 3524 662 3588 nostre
677 3535 747 3609 que
761 3524 813 3588 est
827 3535 890 3610 por
904 3537 1026 3587 manus
1045 3524 1123 3586 tuns
1140 3514 1283 3588 exibere
1299 3537 1474 3612 procures,
1491 3527 1524 3592 et
1538 3541 1559 3592 a
1574 3542 1693 3594 mense

279 3639 396 3713 marcii
414 3641 452 3712 in
467 3647 569 3714 antea
582 3639 612 3711 si
629 3639 665 3710 in
680 3659 788 3734 regno
806 3659 869 3734 pro
887 3637 1051 3733 predictis
1068 3629 1218 3711 servitiis
1236 3641 1360 3713 nostrIs
1376 3664 1507 3715 morum
1529 3645 1690 3730 traxerit,

278 3785 341 3858 pro
361 3785 418 3855 se,
440 3761 601 3858 predictis
620 3761 777 3836 scuteriis
798 3771 833 3835 et
855 3763 956 3858 equis
973 3763 1047 3836 suis
1066 3785 1237 3860 expensas
1253 3765 1355 3858 juxtn
1376 3767 1519 3840 assisam
1537 3770 1631 3842 curie
1656 3773 1691 3842 in

279 3909 383 3982 regno
401 3888 596 3982 persolves,
613 3897 834 3982 recepturus,
855 3895 921 3961 etc.

325 4012 451 4084 Datum
468 4011 612 4100 Intimi,
629 4013 659 4085 V
673 4011 857 4098 februarii,
877 4011 954 4082 XIII
973 4009 1193 4098 indictionis·w

325 4135 460 4208 Similes
471 4137 560 4208 Iacto
573 4143 655 4208 sunt
668 4132 814 4234 [secreto
829 4137 986 4210 Messene
1000 4157 1064 4230 pro
1078 4132 1142 4233 (I)]
1156 4133 1307 4208 Oliverio
1320 4132 1364 4232 (c)
1382 4133 1427 4210 dc
1440 4137 1690 4212 Pontetremuto

279 4256 432 4331 similiter
445 4269 551 4332 eunte
560 4259 597 4331 in
611 4281 758 4353 regnum
771 4258 817 4332 de
830 4257 955 4334 dandis
971 4259 1038 4330 sibi
1054 4259 1167 4331 unciis
1181 4279 1306 4332 novem
1322 4281 1384 4352 pro
1398 4281 1515 4333 mense
1525 4263 1689 4336 februarii

278 4400 339 4474 pro
356 4403 421 4454 sex
443 4383 544 4476 equis
559 4393 594 4454 et
617 4381 772 4478 qumque
790 4381 988 4456 hominibus
1010 4392 1046 4456 ct
1069 4405 1090 4456 n
1112 4405 1229 4498 mense
1247 4380 1365 4456 mercii
1383 4405 1446 4480 pro
1468 4405 1522 4478 se,
1542 4396 1689 4480 quatuor

318 4583 363 4668 (a)
384 4587 502 4650 SeiIIoct
513 4585 668 4670 ducalem.

317 4689 361 4772 (t)
380 4693 461 4756 usse
473 4695 624 4756 adduntur
635 4711 674 4755 ex
686 4697 831 4774 margine.

317 4795 356 4877 (r)
383 4798 510 4860 Interim
524 4815 595 4860 vero
608 4795 743 4860 atterius
758 4819 768 4857 .·
782 4813 859 4876 quus
872 4813 941 4858 veru
954 4797 1041 4860 lectio
1055 4814 1117 4859 esse
1129 4799 1257 4860 videtur.
