<?xml version="1.0" encoding="UTF-8"?>
<!DOCTYPE html PUBLIC "-//W3C//DTD XHTML 1.0 Transitional//EN"
    "http://www.w3.org/TR/xhtml1/DTD/xhtml1-transitional.dtd">
<html xmlns="http://www.w3.org/1999/xhtml" xml:lang="en" lang="en">
 <head>
  <title>
</title>
<meta http-equiv="Content-Type" content="text/html;charset=utf-8" />
  <meta name='ocr-system' content='tesseract 3.04.00' />
  <meta name='ocr-capabilities' content='ocr_page ocr_carea ocr_par ocr_line ocrx_word'/>
</head>
<body>
  <div class='ocr_page' id='page_1' title='image "./historiadiploma01fredgoog_0135.png"; bbox 0 0 4468 6010; ppageno 0'>
   <div class='ocr_carea' id='block_1_1' title="bbox 248 631 1666 726">
    <p class='ocr_par' dir='ltr' id='par_1_1' title="bbox 248 631 1666 726">
     <span class='ocr_line' id='line_1_1' title="bbox 248 631 1666 726; baseline -0.013 -16"><span class='ocrx_word' id='word_1_1' title='bbox 248 651 344 710; x_wconf 75' lang='lat' dir='ltr'><strong>usur.</strong></span> <span class='ocrx_word' id='word_1_2' title='bbox 365 645 430 726; x_wconf 69' lang='lat' dir='ltr'><strong>lu]</strong></span> <span class='ocrx_word' id='word_1_3' title='bbox 702 641 898 704; x_wconf 78' lang='lat' dir='ltr'>HISTORIA</span> <span class='ocrx_word' id='word_1_4' title='bbox 923 635 1217 702; x_wconf 74' lang='lat' dir='ltr'><strong>ututoutttctt.</strong></span> <span class='ocrx_word' id='word_1_5' title='bbox 1606 631 1666 694; x_wconf 78' lang='lat' dir='ltr'><strong>toti</strong></span> 
     </span>
    </p>
   </div>
   <div class='ocr_carea' id='block_1_2' title="bbox 246 764 1666 1728">
    <p class='ocr_par' dir='ltr' id='par_1_2' title="bbox 246 764 1666 1728">
     <span class='ocr_line' id='line_1_2' title="bbox 248 764 1663 870; baseline -0.012 -15"><span class='ocrx_word' id='word_1_6' title='bbox 248 775 539 870; x_wconf 82' lang='lat' dir='ltr'><strong>dumtaxatquod</strong></span> <span class='ocrx_word' id='word_1_7' title='bbox 551 774 644 848; x_wconf 91' lang='lat' dir='ltr'><strong>dicto</strong></span> <span class='ocrx_word' id='word_1_8' title='bbox 659 773 793 870; x_wconf 77' lang='lat' dir='ltr'><strong>ringelo</strong></span> <span class='ocrx_word' id='word_1_9' title='bbox 809 785 924 849; x_wconf 87' lang='lat' dir='ltr'><strong>amoto</strong></span> <span class='ocrx_word' id='word_1_10' title='bbox 939 775 985 848; x_wconf 90' lang='lat' dir='ltr'><strong>ob</strong></span> <span class='ocrx_word' id='word_1_11' title='bbox 996 771 1110 847; x_wconf 88' lang='lat' dir='ltr'><strong>officio</strong></span> <span class='ocrx_word' id='word_1_12' title='bbox 1125 769 1185 840; x_wconf 92' lang='lat' dir='ltr'><strong>tibi</strong></span> <span class='ocrx_word' id='word_1_13' title='bbox 1202 765 1397 856; x_wconf 89' lang='lat' dir='ltr'><strong>commisso,</strong></span> <span class='ocrx_word' id='word_1_14' title='bbox 1414 775 1452 838; x_wconf 93' lang='lat' dir='ltr'><strong>tu</strong></span> <span class='ocrx_word' id='word_1_15' title='bbox 1465 764 1577 839; x_wconf 91' lang='lat' dir='ltr'><strong>eidem</strong></span> <span class='ocrx_word' id='word_1_16' title='bbox 1588 767 1663 838; x_wconf 84' lang='lat' dir='ltr'><strong>vai·</strong></span> 
     </span>
     <span class='ocr_line' id='line_1_3' title="bbox 246 889 1666 994; baseline -0.011 -15"><span class='ocrx_word' id='word_1_17' title='bbox 246 907 335 978; x_wconf 88' lang='lat' dir='ltr'><strong>iecto</strong></span> <span class='ocrx_word' id='word_1_18' title='bbox 351 900 486 975; x_wconf 79' lang='lat' dir='ltr'><strong>exinde</strong></span> <span class='ocrx_word' id='word_1_19' title='bbox 502 919 572 972; x_wconf 92' lang='lat' dir='ltr'><strong>non</strong></span> <span class='ocrx_word' id='word_1_20' title='bbox 591 898 781 994; x_wconf 89' lang='lat' dir='ltr'><strong>respondes</strong></span> <span class='ocrx_word' id='word_1_21' title='bbox 797 899 873 972; x_wconf 90' lang='lat' dir='ltr'><strong>sino</strong></span> <span class='ocrx_word' id='word_1_22' title='bbox 889 897 1054 971; x_wconf 86' lang='lat' dir='ltr'><strong>mandato</strong></span> <span class='ocrx_word' id='word_1_23' title='bbox 1072 895 1180 966; x_wconf 77' lang='lat' dir='ltr'>nostri</span> <span class='ocrx_word' id='word_1_24' title='bbox 1200 889 1360 964; x_wconf 93' lang='lat' dir='ltr'><strong>culminis</strong></span> <span class='ocrx_word' id='word_1_25' title='bbox 1377 889 1532 984; x_wconf 85' lang='lat' dir='ltr'><strong>speciali.</strong></span> <span class='ocrx_word' id='word_1_26' title='bbox 1551 890 1666 976; x_wconf 84' lang='lat' dir='ltr'><strong>Quare</strong></span> 
     </span>
     <span class='ocr_line' id='line_1_4' title="bbox 246 1015 1663 1116; baseline -0.008 -18"><span class='ocrx_word' id='word_1_27' title='bbox 246 1024 456 1100; x_wconf 83' lang='lat' dir='ltr'><strong>mmdamus</strong></span> <span class='ocrx_word' id='word_1_28' title='bbox 471 1029 644 1116; x_wconf 88' lang='lat' dir='ltr'><strong>quatenus</strong></span> <span class='ocrx_word' id='word_1_29' title='bbox 660 1021 689 1092; x_wconf 94' lang='lat' dir='ltr'><strong>si</strong></span> <span class='ocrx_word' id='word_1_30' title='bbox 715 1021 778 1093; x_wconf 88' lang='lat' dir='ltr'><strong>tibi</strong></span> <span class='ocrx_word' id='word_1_31' title='bbox 798 1020 987 1093; x_wconf 88' lang='lat' dir='ltr'><strong>constiterit</strong></span> <span class='ocrx_word' id='word_1_32' title='bbox 1013 1017 1058 1092; x_wconf 92' lang='lat' dir='ltr'><strong>de</strong></span> <span class='ocrx_word' id='word_1_33' title='bbox 1079 1015 1254 1112; x_wconf 80' lang='lat' dir='ltr'>premissis</span> <span class='ocrx_word' id='word_1_34' title='bbox 1275 1035 1346 1108; x_wconf 88' lang='lat' dir='ltr'><strong>que</strong></span> <span class='ocrx_word' id='word_1_35' title='bbox 1364 1033 1477 1107; x_wconf 80' lang='lat' dir='ltr'>nuper</span> <span class='ocrx_word' id='word_1_36' title='bbox 1497 1033 1559 1108; x_wconf 91' lang='lat' dir='ltr'><strong>per</strong></span> <span class='ocrx_word' id='word_1_37' title='bbox 1583 1035 1663 1086; x_wconf 91' lang='lat' dir='ltr'><strong>eum</strong></span> 
     </span>
     <span class='ocr_line' id='line_1_5' title="bbox 247 1134 1663 1234; baseline -0.011 -12"><span class='ocrx_word' id='word_1_38' title='bbox 247 1158 360 1221; x_wconf 76' lang='lat' dir='ltr'><strong>nostre</strong></span> <span class='ocrx_word' id='word_1_39' title='bbox 380 1143 580 1218; x_wconf 89' lang='lat' dir='ltr'><strong>celsitudini</strong></span> <span class='ocrx_word' id='word_1_40' title='bbox 606 1143 828 1234; x_wconf 70' lang='lat' dir='ltr'><strong>nuntiantur,</strong></span> <span class='ocrx_word' id='word_1_41' title='bbox 847 1153 885 1215; x_wconf 93' lang='lat' dir='ltr'><strong>tu</strong></span> <span class='ocrx_word' id='word_1_42' title='bbox 902 1141 1017 1214; x_wconf 91' lang='lat' dir='ltr'><strong>eidem</strong></span> <span class='ocrx_word' id='word_1_43' title='bbox 1040 1136 1214 1233; x_wconf 88' lang='lat' dir='ltr'><strong>Dinpoldo</strong></span> <span class='ocrx_word' id='word_1_44' title='bbox 1228 1137 1330 1229; x_wconf 85' lang='lat' dir='ltr'><strong>juxta</strong></span> <span class='ocrx_word' id='word_1_45' title='bbox 1348 1134 1494 1230; x_wconf 81' lang='lat' dir='ltr'><strong>predicti</strong></span> <span class='ocrx_word' id='word_1_46' title='bbox 1511 1135 1663 1207; x_wconf 90' lang='lat' dir='ltr'><strong>mandati</strong></span> 
     </span>
     <span class='ocr_line' id='line_1_6' title="bbox 248 1258 1664 1370; baseline -0.011 -26"><span class='ocrx_word' id='word_1_47' title='bbox 248 1271 353 1344; x_wconf 89' lang='lat' dir='ltr'><strong>nostri</strong></span> <span class='ocrx_word' id='word_1_48' title='bbox 373 1279 550 1357; x_wconf 88' lang='lat' dir='ltr'><strong>tenorem,</strong></span> <span class='ocrx_word' id='word_1_49' title='bbox 568 1288 630 1361; x_wconf 84' lang='lat' dir='ltr'><strong>pro</strong></span> <span class='ocrx_word' id='word_1_50' title='bbox 645 1287 687 1339; x_wconf 93' lang='lat' dir='ltr'><strong>eo</strong></span> <span class='ocrx_word' id='word_1_51' title='bbox 709 1275 952 1370; x_wconf 83' lang='lat' dir='ltr'><strong>temporeque</strong></span> <span class='ocrx_word' id='word_1_52' title='bbox 970 1284 1112 1336; x_wconf 86' lang='lat' dir='ltr'><strong>moruus</strong></span> <span class='ocrx_word' id='word_1_53' title='bbox 1132 1281 1196 1356; x_wconf 94' lang='lat' dir='ltr'><strong>pro</strong></span> <span class='ocrx_word' id='word_1_54' title='bbox 1213 1281 1277 1331; x_wconf 87' lang='lat' dir='ltr'><strong>suu</strong></span> <span class='ocrx_word' id='word_1_55' title='bbox 1290 1259 1468 1331; x_wconf 81' lang='lat' dir='ltr'><strong>curatione</strong></span> <span class='ocrx_word' id='word_1_56' title='bbox 1482 1269 1521 1329; x_wconf 91' lang='lat' dir='ltr'><strong>ut</strong></span> <span class='ocrx_word' id='word_1_57' title='bbox 1534 1258 1664 1330; x_wconf 92' lang='lat' dir='ltr'><strong>dictum</strong></span> 
     </span>
     <span class='ocr_line' id='line_1_7' title="bbox 250 1378 1661 1487; baseline -0.011 -20"><span class='ocrx_word' id='word_1_58' title='bbox 250 1403 299 1467; x_wconf 89' lang='lat' dir='ltr'><strong>ost</strong></span> <span class='ocrx_word' id='word_1_59' title='bbox 312 1414 384 1466; x_wconf 91' lang='lat' dir='ltr'><strong>non</strong></span> <span class='ocrx_word' id='word_1_60' title='bbox 407 1391 724 1487; x_wconf 84' lang='lat' dir='ltr'><strong>recepitexpensas</strong></span> <span class='ocrx_word' id='word_1_61' title='bbox 747 1389 794 1462; x_wconf 86' lang='lat' dir='ltr'><strong>ab</strong></span> <span class='ocrx_word' id='word_1_62' title='bbox 809 1386 944 1483; x_wconf 75' lang='lat' dir='ltr'><strong>ringeln</strong></span> <span class='ocrx_word' id='word_1_63' title='bbox 967 1395 1158 1458; x_wconf 89' lang='lat' dir='ltr'><strong>memorato</strong></span> <span class='ocrx_word' id='word_1_64' title='bbox 1180 1393 1215 1456; x_wconf 86' lang='lat' dir='ltr'><strong>st</strong></span> <span class='ocrx_word' id='word_1_65' title='bbox 1235 1403 1297 1476; x_wconf 91' lang='lat' dir='ltr'><strong>pro</strong></span> <span class='ocrx_word' id='word_1_66' title='bbox 1319 1381 1492 1454; x_wconf 88' lang='lat' dir='ltr'><strong>veniendo</strong></span> <span class='ocrx_word' id='word_1_67' title='bbox 1512 1378 1558 1454; x_wconf 87' lang='lat' dir='ltr'><strong>ad</strong></span> <span class='ocrx_word' id='word_1_68' title='bbox 1580 1401 1661 1472; x_wconf 88' lang='lat' dir='ltr'><strong>nos,</strong></span> 
     </span>
     <span class='ocr_line' id='line_1_8' title="bbox 253 1505 1660 1613; baseline -0.01 -23"><span class='ocrx_word' id='word_1_69' title='bbox 253 1537 422 1613; x_wconf 85' lang='lat' dir='ltr'><strong>expensas</strong></span> <span class='ocrx_word' id='word_1_70' title='bbox 440 1513 570 1588; x_wconf 81' lang='lat' dir='ltr'><strong>debeas</strong></span> <span class='ocrx_word' id='word_1_71' title='bbox 583 1513 767 1604; x_wconf 84' lang='lat' dir='ltr'><strong>exhibere,</strong></span> <span class='ocrx_word' id='word_1_72' title='bbox 786 1513 816 1584; x_wconf 94' lang='lat' dir='ltr'><strong>si</strong></span> <span class='ocrx_word' id='word_1_73' title='bbox 836 1533 895 1586; x_wconf 86' lang='lat' dir='ltr'><strong>eas</strong></span> <span class='ocrx_word' id='word_1_74' title='bbox 913 1509 1075 1584; x_wconf 78' lang='lat' dir='ltr'><strong>videficet</strong></span> <span class='ocrx_word' id='word_1_75' title='bbox 1091 1505 1273 1580; x_wconf 87' lang='lat' dir='ltr'><strong>abeodem</strong></span> <span class='ocrx_word' id='word_1_76' title='bbox 1288 1505 1506 1598; x_wconf 78' lang='lat' dir='ltr'><strong>Angelonon</strong></span> <span class='ocrx_word' id='word_1_77' title='bbox 1521 1505 1660 1600; x_wconf 85' lang='lat' dir='ltr'><strong>recepit.</strong></span> 
     </span>
     <span class='ocr_line' id='line_1_9' title="bbox 298 1629 1239 1728; baseline -0.013 -16"><span class='ocrx_word' id='word_1_78' title='bbox 298 1641 422 1712; x_wconf 84' lang='lat' dir='ltr'><strong>Datum</strong></span> <span class='ocrx_word' id='word_1_79' title='bbox 439 1636 598 1728; x_wconf 77' lang='lat' dir='ltr'><strong>viterbii,</strong></span> <span class='ocrx_word' id='word_1_80' title='bbox 619 1637 715 1709; x_wconf 83' lang='lat' dir='ltr'><strong>xxti</strong></span> <span class='ocrx_word' id='word_1_81' title='bbox 735 1635 911 1722; x_wconf 80' lang='lat' dir='ltr'><strong>februarii,</strong></span> <span class='ocrx_word' id='word_1_82' title='bbox 931 1633 1011 1706; x_wconf 91' lang='lat' dir='ltr'><strong>Xlll</strong></span> <span class='ocrx_word' id='word_1_83' title='bbox 1027 1629 1239 1704; x_wconf 87' lang='lat' dir='ltr'><strong>indictionis.</strong></span> 
     </span>
    </p>
   </div>
   <div class='ocr_carea' id='block_1_3' title="bbox 310 2199 1845 2314">
    <p class='ocr_par' dir='ltr' id='par_1_3' title="bbox 310 2199 1845 2314">
     <span class='ocr_line' id='line_1_10' title="bbox 310 2199 1845 2314; baseline -0.001 -27"><span class='ocrx_word' id='word_1_84' title='bbox 310 2204 526 2287; x_wconf 91' lang='lat' dir='ltr'><strong>llandatum</strong></span> <span class='ocrx_word' id='word_1_85' title='bbox 554 2201 604 2284; x_wconf 87' lang='lat' dir='ltr'><strong>ad</strong></span> <span class='ocrx_word' id='word_1_86' title='bbox 628 2201 885 2314; x_wconf 79' lang='lat' dir='ltr'><strong>justiciarium</strong></span> <span class='ocrx_word' id='word_1_87' title='bbox 905 2200 1143 2310; x_wconf 85' lang='lat' dir='ltr'><strong>Principatus</strong></span> <span class='ocrx_word' id='word_1_88' title='bbox 1170 2225 1284 2308; x_wconf 90' lang='lat' dir='ltr'><strong>super</strong></span> <span class='ocrx_word' id='word_1_89' title='bbox 1305 2199 1515 2284; x_wconf 80' lang='lat' dir='ltr'><strong>redditibus</strong></span> <span class='ocrx_word' id='word_1_90' title='bbox 1542 2208 1665 2284; x_wconf 91' lang='lat' dir='ltr'><strong>terrae</strong></span> <span class='ocrx_word' id='word_1_91' title='bbox 1701 2199 1845 2298; x_wconf 54' lang='lat' dir='ltr'><strong>„Ilm</strong></span> 
     </span>
    </p>
   </div>
   <div class='ocr_carea' id='block_1_4' title="bbox 269 2333 1664 2552">
    <p class='ocr_par' dir='ltr' id='par_1_4' title="bbox 269 2333 1664 2552">
     <span class='ocr_line' id='line_1_11' title="bbox 269 2333 1664 2446; baseline -0.001 -27"><span class='ocrx_word' id='word_1_92' title='bbox 269 2335 503 2446; x_wconf 82' lang='lat' dir='ltr'><strong>Ilipeelougae</strong></span> <span class='ocrx_word' id='word_1_93' title='bbox 521 2345 560 2418; x_wconf 90' lang='lat' dir='ltr'><strong>et</strong></span> <span class='ocrx_word' id='word_1_94' title='bbox 576 2345 619 2417; x_wconf 92' lang='lat' dir='ltr'><strong>ut</strong></span> <span class='ocrx_word' id='word_1_95' title='bbox 636 2334 705 2416; x_wconf 90' lang='lat' dir='ltr'><strong>lilii</strong></span> <span class='ocrx_word' id='word_1_96' title='bbox 727 2333 885 2416; x_wconf 87' lang='lat' dir='ltr'><strong>Delitiae</strong></span> <span class='ocrx_word' id='word_1_97' title='bbox 911 2333 1133 2418; x_wconf 87' lang='lat' dir='ltr'><strong>Coraozolae</strong></span> <span class='ocrx_word' id='word_1_98' title='bbox 1150 2342 1188 2416; x_wconf 88' lang='lat' dir='ltr'><strong>et</strong></span> <span class='ocrx_word' id='word_1_99' title='bbox 1204 2333 1483 2419; x_wconf 88' lang='lat' dir='ltr'><strong>Bartholomaei</strong></span> <span class='ocrx_word' id='word_1_100' title='bbox 1507 2334 1664 2419; x_wconf 80' lang='lat' dir='ltr'><strong>Camlae</strong></span> 
     </span>
     <span class='ocr_line' id='line_1_12' title="bbox 271 2465 933 2552; baseline -0.009 0"><span class='ocrx_word' id='word_1_101' title='bbox 271 2495 303 2552; x_wconf 88' lang='lat' dir='ltr'><strong>se</strong></span> <span class='ocrx_word' id='word_1_102' title='bbox 318 2468 502 2552; x_wconf 85' lang='lat' dir='ltr'><strong>Caraczoli</strong></span> <span class='ocrx_word' id='word_1_103' title='bbox 521 2465 658 2552; x_wconf 87' lang='lat' dir='ltr'><strong>Carula</strong></span> <span class='ocrx_word' id='word_1_104' title='bbox 675 2467 933 2551; x_wconf 84' lang='lat' dir='ltr'><strong>denominant.</strong></span> 
     </span>
    </p>
   </div>
   <div class='ocr_carea' id='block_1_5' title="bbox 338 2660 1434 2746">
    <p class='ocr_par' dir='ltr' id='par_1_5' title="bbox 338 2660 1434 2746">
     <span class='ocr_line' id='line_1_13' title="bbox 338 2660 1434 2746; baseline 0 -21"><span class='ocrx_word' id='word_1_105' title='bbox 338 2663 460 2746; x_wconf 57' lang='lat' dir='ltr'><strong>(tuot.</strong></span> <span class='ocrx_word' id='word_1_106' title='bbox 474 2665 578 2744; x_wconf 72' lang='lat' dir='ltr'><strong>torpor.</strong></span> <span class='ocrx_word' id='word_1_107' title='bbox 593 2660 712 2726; x_wconf 68' lang='lat' dir='ltr'><strong>mete.</strong></span> <span class='ocrx_word' id='word_1_108' title='bbox 728 2663 768 2738; x_wconf 89' lang='lat'><strong>11,</strong></span> <span class='ocrx_word' id='word_1_109' title='bbox 783 2663 835 2724; x_wconf 87' lang='lat' dir='ltr'><strong>tot.</strong></span> <span class='ocrx_word' id='word_1_110' title='bbox 853 2673 890 2726; x_wconf 85' lang='lat' dir='ltr'><strong>ra</strong></span> <span class='ocrx_word' id='word_1_111' title='bbox 905 2671 1002 2737; x_wconf 84' lang='lat' dir='ltr'><strong>recto;</strong></span> <span class='ocrx_word' id='word_1_112' title='bbox 1018 2665 1050 2724; x_wconf 85' lang='lat' dir='ltr'><strong>in</strong></span> <span class='ocrx_word' id='word_1_113' title='bbox 1063 2664 1134 2724; x_wconf 81' lang='lat' dir='ltr'><strong>sdtt.</strong></span> <span class='ocrx_word' id='word_1_114' title='bbox 1150 2664 1287 2742; x_wconf 79' lang='lat' dir='ltr'><strong>caream,</strong></span> <span class='ocrx_word' id='word_1_115' title='bbox 1302 2681 1332 2743; x_wconf 89' lang='lat' dir='ltr'><strong>p.</strong></span> <span class='ocrx_word' id='word_1_116' title='bbox 1349 2663 1434 2744; x_wconf 81' lang='grc' dir='ltr'>ιιι.)</span> 
     </span>
    </p>
   </div>
   <div class='ocr_carea' id='block_1_6' title="bbox 311 2827 1663 2966">
    <p class='ocr_par' dir='ltr' id='par_1_6' title="bbox 311 2827 1663 2966">
     <span class='ocr_line' id='line_1_14' title="bbox 311 2827 1663 2966; baseline 0.004 -38"><span class='ocrx_word' id='word_1_117' title='bbox 311 2885 326 2928; x_wconf 88' lang='grc' dir='ltr'>ι</span> <span class='ocrx_word' id='word_1_118' title='bbox 346 2863 392 2934; x_wconf 85' lang='lat' dir='ltr'><strong>ils</strong></span> <span class='ocrx_word' id='word_1_119' title='bbox 414 2860 582 2954; x_wconf 84' lang='lat' dir='ltr'><strong>imperiali</strong></span> <span class='ocrx_word' id='word_1_120' title='bbox 610 2827 774 2932; x_wconf 85' lang='lat' dir='ltr'><strong>mandato</strong></span> <span class='ocrx_word' id='word_1_121' title='bbox 796 2879 860 2955; x_wconf 88' lang='lat' dir='ltr'><strong>per</strong></span> <span class='ocrx_word' id='word_1_122' title='bbox 887 2859 1090 2952; x_wconf 77' lang='lat' dir='ltr'><strong>magistrum</strong></span> <span class='ocrx_word' id='word_1_123' title='bbox 1114 2859 1155 2930; x_wconf 83' lang='lat' dir='ltr'><strong>il.</strong></span> <span class='ocrx_word' id='word_1_124' title='bbox 1175 2859 1220 2934; x_wconf 88' lang='lat' dir='ltr'><strong>de</strong></span> <span class='ocrx_word' id='word_1_125' title='bbox 1240 2859 1382 2932; x_wconf 82' lang='lat' dir='ltr'><strong>Camere</strong></span> <span class='ocrx_word' id='word_1_126' title='bbox 1406 2860 1543 2966; x_wconf 80' lang='lat' dir='ltr'><strong>scripsit</strong></span> <span class='ocrx_word' id='word_1_127' title='bbox 1557 2862 1663 2954; x_wconf 87' lang='lat' dir='ltr'><strong>justi·</strong></span> 
     </span>
    </p>
   </div>
   <div class='ocr_carea' id='block_1_7' title="bbox 263 2981 1666 4302">
    <p class='ocr_par' dir='ltr' id='par_1_7' title="bbox 263 2981 1666 4302">
     <span class='ocr_line' id='line_1_15' title="bbox 269 2981 1665 3080; baseline 0.005 -29"><span class='ocrx_word' id='word_1_128' title='bbox 269 3007 285 3051; x_wconf 94' lang='grc' dir='ltr'>ι</span> <span class='ocrx_word' id='word_1_129' title='bbox 301 2983 398 3057; x_wconf 81' lang='lat' dir='ltr'><strong>dario</strong></span> <span class='ocrx_word' id='word_1_130' title='bbox 410 2983 626 3078; x_wconf 84' lang='lat' dir='ltr'><strong>PrIncipatus</strong></span> <span class='ocrx_word' id='word_1_131' title='bbox 637 2981 773 3079; x_wconf 79' lang='lat' dir='ltr'><strong>Aprutii</strong></span> <span class='ocrx_word' id='word_1_132' title='bbox 786 2981 837 3078; x_wconf 86' lang='lat' dir='ltr'><strong>(c)</strong></span> <span class='ocrx_word' id='word_1_133' title='bbox 850 2992 889 3054; x_wconf 94' lang='lat' dir='ltr'><strong>ut</strong></span> <span class='ocrx_word' id='word_1_134' title='bbox 901 2982 1008 3055; x_wconf 90' lang='lat' dir='ltr'><strong>annui</strong></span> <span class='ocrx_word' id='word_1_135' title='bbox 1027 2981 1182 3055; x_wconf 90' lang='lat' dir='ltr'><strong>redditus</strong></span> <span class='ocrx_word' id='word_1_136' title='bbox 1197 3004 1300 3078; x_wconf 89' lang='lat' dir='ltr'><strong>super</strong></span> <span class='ocrx_word' id='word_1_137' title='bbox 1316 2991 1438 3056; x_wconf 88' lang='lat' dir='ltr'><strong>terram</strong></span> <span class='ocrx_word' id='word_1_138' title='bbox 1453 2984 1665 3080; x_wconf 79' lang='lat' dir='ltr'><strong>Ripelonghe</strong></span> 
     </span>
     <span class='ocr_line' id='line_1_16' title="bbox 267 3106 1664 3202; baseline 0.005 -27"><span class='ocrx_word' id='word_1_139' title='bbox 267 3117 481 3202; x_wconf 79' lang='lat' dir='ltr'><strong>»spectantes</strong></span> <span class='ocrx_word' id='word_1_140' title='bbox 507 3106 554 3179; x_wconf 87' lang='lat' dir='ltr'><strong>ud</strong></span> <span class='ocrx_word' id='word_1_141' title='bbox 583 3107 742 3181; x_wconf 85' lang='lat' dir='ltr'><strong>Delitiam</strong></span> <span class='ocrx_word' id='word_1_142' title='bbox 771 3106 986 3180; x_wconf 80' lang='lat' dir='ltr'><strong>Caruonolam</strong></span> <span class='ocrx_word' id='word_1_143' title='bbox 1016 3127 1159 3178; x_wconf 85' lang='lat' dir='ltr'><strong>uxorem</strong></span> <span class='ocrx_word' id='word_1_144' title='bbox 1185 3106 1412 3179; x_wconf 85' lang='lat' dir='ltr'><strong>Bartholomei</strong></span> <span class='ocrx_word' id='word_1_145' title='bbox 1443 3108 1561 3180; x_wconf 86' lang='lat' dir='ltr'><strong>Caraio</strong></span> <span class='ocrx_word' id='word_1_146' title='bbox 1586 3112 1664 3201; x_wconf 88' lang='lat' dir='ltr'><strong>ojus</strong></span> 
     </span>
     <span class='ocr_line' id='line_1_17' title="bbox 267 3226 1664 3324; baseline 0.006 -27"><span class='ocrx_word' id='word_1_147' title='bbox 267 3253 283 3296; x_wconf 89' lang='grc' dir='ltr'>ι</span> <span class='ocrx_word' id='word_1_148' title='bbox 302 3231 366 3302; x_wconf 85' lang='lat' dir='ltr'><strong>vita</strong></span> <span class='ocrx_word' id='word_1_149' title='bbox 385 3229 534 3302; x_wconf 86' lang='lat' dir='ltr'><strong>durante</strong></span> <span class='ocrx_word' id='word_1_150' title='bbox 556 3229 759 3320; x_wconf 83' lang='lat' dir='ltr'><strong>deveniant,</strong></span> <span class='ocrx_word' id='word_1_151' title='bbox 780 3228 827 3301; x_wconf 89' lang='lat' dir='ltr'><strong>od</strong></span> <span class='ocrx_word' id='word_1_152' title='bbox 849 3226 955 3320; x_wconf 85' lang='lat' dir='ltr'><strong>lilios,</strong></span> <span class='ocrx_word' id='word_1_153' title='bbox 975 3237 1118 3323; x_wconf 88' lang='lat' dir='ltr'><strong>nepotes</strong></span> <span class='ocrx_word' id='word_1_154' title='bbox 1135 3239 1169 3301; x_wconf 87' lang='lat' dir='ltr'><strong>et</strong></span> <span class='ocrx_word' id='word_1_155' title='bbox 1188 3239 1393 3324; x_wconf 84' lang='lat' dir='ltr'><strong>pronepotes</strong></span> <span class='ocrx_word' id='word_1_156' title='bbox 1416 3229 1664 3306; x_wconf 83' lang='lat' dir='ltr'><strong>descendentes</strong></span> 
     </span>
     <span class='ocr_line' id='line_1_18' title="bbox 268 3354 1665 3451; baseline 0.006 -29"><span class='ocrx_word' id='word_1_157' title='bbox 268 3379 283 3422; x_wconf 91' lang='grc' dir='ltr'>ι</span> <span class='ocrx_word' id='word_1_158' title='bbox 301 3375 342 3426; x_wconf 82' lang='lat' dir='ltr'><strong>ex</strong></span> <span class='ocrx_word' id='word_1_159' title='bbox 362 3356 485 3428; x_wconf 86' lang='lat' dir='ltr'><strong>eodem</strong></span> <span class='ocrx_word' id='word_1_160' title='bbox 503 3356 625 3428; x_wconf 87' lang='lat' dir='ltr'><strong>Delitia</strong></span> <span class='ocrx_word' id='word_1_161' title='bbox 642 3364 676 3428; x_wconf 92' lang='lat' dir='ltr'><strong>et</strong></span> <span class='ocrx_word' id='word_1_162' title='bbox 703 3355 851 3448; x_wconf 85' lang='lat' dir='ltr'><strong>prelato</strong></span> <span class='ocrx_word' id='word_1_163' title='bbox 864 3354 1080 3427; x_wconf 87' lang='lat' dir='ltr'><strong>Bortoiomco</strong></span> <span class='ocrx_word' id='word_1_164' title='bbox 1101 3354 1173 3426; x_wconf 92' lang='lat' dir='ltr'><strong>lilio</strong></span> <span class='ocrx_word' id='word_1_165' title='bbox 1195 3354 1317 3450; x_wconf 89' lang='lat' dir='ltr'><strong>Filippi</strong></span> <span class='ocrx_word' id='word_1_166' title='bbox 1340 3356 1473 3428; x_wconf 82' lang='lat' dir='ltr'><strong>Caralis</strong></span> <span class='ocrx_word' id='word_1_167' title='bbox 1496 3355 1541 3428; x_wconf 88' lang='lat' dir='ltr'><strong>de</strong></span> <span class='ocrx_word' id='word_1_168' title='bbox 1560 3357 1665 3451; x_wconf 89' lang='lat' dir='ltr'><strong>Spina</strong></span> 
     </span>
     <span class='ocr_line' id='line_1_19' title="bbox 265 3475 1663 3574; baseline 0.007 -28"><span class='ocrx_word' id='word_1_169' title='bbox 265 3501 280 3545; x_wconf 98' lang='grc' dir='ltr'>ι</span> <span class='ocrx_word' id='word_1_170' title='bbox 296 3499 339 3550; x_wconf 86' lang='lat' dir='ltr'><strong>ox</strong></span> <span class='ocrx_word' id='word_1_171' title='bbox 355 3479 555 3550; x_wconf 87' lang='lat' dir='ltr'><strong>oonsulibus</strong></span> <span class='ocrx_word' id='word_1_172' title='bbox 571 3479 653 3552; x_wconf 92' lang='lat' dir='ltr'><strong>oiim</strong></span> <span class='ocrx_word' id='word_1_173' title='bbox 672 3475 861 3572; x_wconf 88' lang='lat' dir='ltr'><strong>reipublice</strong></span> <span class='ocrx_word' id='word_1_174' title='bbox 879 3477 1118 3571; x_wconf 83' lang='lat' dir='ltr'><strong>Neapolitano,</strong></span> <span class='ocrx_word' id='word_1_175' title='bbox 1141 3500 1219 3549; x_wconf 93' lang='lat' dir='ltr'><strong>cum</strong></span> <span class='ocrx_word' id='word_1_176' title='bbox 1240 3478 1305 3550; x_wconf 90' lang='lat' dir='ltr'><strong>hoc</strong></span> <span class='ocrx_word' id='word_1_177' title='bbox 1326 3487 1365 3550; x_wconf 91' lang='lat' dir='ltr'><strong>ut</strong></span> <span class='ocrx_word' id='word_1_178' title='bbox 1386 3479 1478 3574; x_wconf 86' lang='lat' dir='ltr'><strong>ipsos</strong></span> <span class='ocrx_word' id='word_1_179' title='bbox 1500 3501 1539 3554; x_wconf 88' lang='lat' dir='ltr'><strong>se</strong></span> <span class='ocrx_word' id='word_1_180' title='bbox 1555 3479 1663 3556; x_wconf 87' lang='lat' dir='ltr'><strong>deno·</strong></span> 
     </span>
     <span class='ocr_line' id='line_1_20' title="bbox 265 3599 1661 3696; baseline 0.006 -28"><span class='ocrx_word' id='word_1_181' title='bbox 265 3601 425 3672; x_wconf 80' lang='lat' dir='ltr'><strong>unirent</strong></span> <span class='ocrx_word' id='word_1_182' title='bbox 452 3601 621 3674; x_wconf 83' lang='lat' dir='ltr'><strong>Carocnoli</strong></span> <span class='ocrx_word' id='word_1_183' title='bbox 647 3599 767 3673; x_wconf 87' lang='lat' dir='ltr'><strong>Curala</strong></span> <span class='ocrx_word' id='word_1_184' title='bbox 796 3619 843 3670; x_wconf 85' lang='lat' dir='ltr'><strong>ox</strong></span> <span class='ocrx_word' id='word_1_185' title='bbox 874 3599 1109 3692; x_wconf 82' lang='lat' dir='ltr'><strong>Sigismundis</strong></span> <span class='ocrx_word' id='word_1_186' title='bbox 1135 3601 1287 3695; x_wconf 88' lang='lat' dir='ltr'><strong>antiquis</strong></span> <span class='ocrx_word' id='word_1_187' title='bbox 1310 3599 1459 3674; x_wconf 92' lang='lat' dir='ltr'><strong>dominis</strong></span> <span class='ocrx_word' id='word_1_188' title='bbox 1481 3603 1661 3696; x_wconf 83' lang='lat' dir='ltr'><strong>Sardinie,</strong></span> 
     </span>
     <span class='ocr_line' id='line_1_21' title="bbox 264 3721 1665 3818; baseline 0.006 -26"><span class='ocrx_word' id='word_1_189' title='bbox 264 3723 379 3795; x_wconf 80' lang='lat' dir='ltr'><strong>odunt</strong></span> <span class='ocrx_word' id='word_1_190' title='bbox 395 3723 608 3818; x_wconf 83' lang='lat' dir='ltr'><strong>supplicavit</strong></span> <span class='ocrx_word' id='word_1_191' title='bbox 629 3721 804 3794; x_wconf 91' lang='lat' dir='ltr'><strong>humiliter</strong></span> <span class='ocrx_word' id='word_1_192' title='bbox 824 3721 916 3794; x_wconf 88' lang='lat' dir='ltr'><strong>diota</strong></span> <span class='ocrx_word' id='word_1_193' title='bbox 933 3723 1056 3794; x_wconf 83' lang='lat' dir='ltr'><strong>ilelitiu</strong></span> <span class='ocrx_word' id='word_1_194' title='bbox 1080 3732 1115 3794; x_wconf 90' lang='lat' dir='ltr'><strong>et</strong></span> <span class='ocrx_word' id='word_1_195' title='bbox 1137 3723 1304 3818; x_wconf 82' lang='lat' dir='ltr'><strong>imperiali</strong></span> <span class='ocrx_word' id='word_1_196' title='bbox 1323 3733 1438 3798; x_wconf 90' lang='lat' dir='ltr'><strong>nostra</strong></span> <span class='ocrx_word' id='word_1_197' title='bbox 1460 3726 1665 3802; x_wconf 83' lang='lat' dir='ltr'><strong>authoritate</strong></span> 
     </span>
     <span class='ocr_line' id='line_1_22' title="bbox 263 3845 1665 3940; baseline 0.006 -26"><span class='ocrx_word' id='word_1_198' title='bbox 263 3847 358 3918; x_wconf 77' lang='lat' dir='ltr'><strong>»luit</strong></span> <span class='ocrx_word' id='word_1_199' title='bbox 380 3845 583 3938; x_wconf 76' lang='lat' dir='ltr'><strong>elargitum,</strong></span> <span class='ocrx_word' id='word_1_200' title='bbox 598 3865 660 3940; x_wconf 88' lang='lat' dir='ltr'><strong>per</strong></span> <span class='ocrx_word' id='word_1_201' title='bbox 683 3853 840 3940; x_wconf 86' lang='lat' dir='ltr'><strong>patentes</strong></span> <span class='ocrx_word' id='word_1_202' title='bbox 862 3846 998 3916; x_wconf 87' lang='lat' dir='ltr'><strong>iioteras</strong></span> <span class='ocrx_word' id='word_1_203' title='bbox 1022 3854 1172 3936; x_wconf 86' lang='lat' dir='ltr'><strong>constat,</strong></span> <span class='ocrx_word' id='word_1_204' title='bbox 1192 3855 1226 3918; x_wconf 91' lang='lat' dir='ltr'><strong>et</strong></span> <span class='ocrx_word' id='word_1_205' title='bbox 1246 3845 1291 3919; x_wconf 91' lang='lat' dir='ltr'><strong>de</strong></span> <span class='ocrx_word' id='word_1_206' title='bbox 1312 3849 1407 3940; x_wconf 82' lang='lat' dir='ltr'><strong>regia</strong></span> <span class='ocrx_word' id='word_1_207' title='bbox 1431 3851 1527 3922; x_wconf 91' lang='lat' dir='ltr'><strong>curia</strong></span> <span class='ocrx_word' id='word_1_208' title='bbox 1542 3850 1665 3923; x_wconf 91' lang='lat' dir='ltr'><strong>obser-</strong></span> 
     </span>
     <span class='ocr_line' id='line_1_23' title="bbox 264 3965 1666 4068; baseline 0.005 -32"><span class='ocrx_word' id='word_1_209' title='bbox 264 3968 370 4040; x_wconf 77' lang='lat' dir='ltr'><strong>»vari</strong></span> <span class='ocrx_word' id='word_1_210' title='bbox 398 3967 500 4040; x_wconf 84' lang='lat' dir='ltr'><strong>iaciat</strong></span> <span class='ocrx_word' id='word_1_211' title='bbox 529 3977 699 4060; x_wconf 85' lang='lat' dir='ltr'><strong>quantum</strong></span> <span class='ocrx_word' id='word_1_212' title='bbox 728 3967 837 4061; x_wconf 76' lang='lat' dir='ltr'><strong>gratio</strong></span> <span class='ocrx_word' id='word_1_213' title='bbox 867 3965 1022 4060; x_wconf 76' lang='lat' dir='ltr'><strong>diligitur</strong></span> <span class='ocrx_word' id='word_1_214' title='bbox 1053 3977 1088 4040; x_wconf 90' lang='lat' dir='ltr'><strong>et</strong></span> <span class='ocrx_word' id='word_1_215' title='bbox 1118 3967 1389 4062; x_wconf 78' lang='lat' dir='ltr'><strong>indignationem</strong></span> <span class='ocrx_word' id='word_1_216' title='bbox 1415 3972 1501 4064; x_wconf 83' lang='lat' dir='ltr'><strong>(ric)</strong></span> <span class='ocrx_word' id='word_1_217' title='bbox 1528 3973 1666 4068; x_wconf 89' lang='lat' dir='ltr'><strong>cupitur</strong></span> 
     </span>
     <span class='ocr_line' id='line_1_24' title="bbox 263 4087 495 4184; baseline 0 -24"><span class='ocrx_word' id='word_1_218' title='bbox 263 4114 280 4160; x_wconf 82' lang='grc' dir='ltr'>ι</span> <span class='ocrx_word' id='word_1_219' title='bbox 299 4089 415 4162; x_wconf 86' lang='lat' dir='ltr'><strong>evitari</strong></span> <span class='ocrx_word' id='word_1_220' title='bbox 433 4087 495 4184; x_wconf 84' lang='lat' dir='ltr'><em>(b).</em></span> 
     </span>
     <span class='ocr_line' id='line_1_25' title="bbox 307 4209 1329 4302; baseline 0.003 -23"><span class='ocrx_word' id='word_1_221' title='bbox 307 4212 466 4284; x_wconf 82' lang='lat' dir='ltr'><strong>»Datum</strong></span> <span class='ocrx_word' id='word_1_222' title='bbox 486 4209 641 4302; x_wconf 77' lang='lat' dir='ltr'><strong>vttorbii,</strong></span> <span class='ocrx_word' id='word_1_223' title='bbox 657 4210 769 4284; x_wconf 84' lang='lat' dir='ltr'>XXIII</span> <span class='ocrx_word' id='word_1_224' title='bbox 784 4209 967 4301; x_wconf 82' lang='lat' dir='ltr'><strong>februarii,</strong></span> <span class='ocrx_word' id='word_1_225' title='bbox 986 4211 1063 4284; x_wconf 87' lang='lat' dir='ltr'>XIII</span> <span class='ocrx_word' id='word_1_226' title='bbox 1077 4211 1287 4285; x_wconf 84' lang='lat' dir='ltr'><strong>Indictionis.</strong></span> <span class='ocrx_word' id='word_1_227' title='bbox 1311 4241 1329 4282; x_wconf 91' lang='grc' dir='ltr'>ι</span> 
     </span>
    </p>
   </div>
   <div class='ocr_carea' id='block_1_8' title="bbox 298 4395 1668 4583">
    <p class='ocr_par' dir='ltr' id='par_1_8' title="bbox 298 4395 1668 4583">
     <span class='ocr_line' id='line_1_26' title="bbox 298 4395 1164 4477; baseline 0.002 -21"><span class='ocrx_word' id='word_1_228' title='bbox 298 4395 336 4476; x_wconf 78' lang='grc' dir='ltr'>(ι)</span> <span class='ocrx_word' id='word_1_229' title='bbox 358 4397 417 4460; x_wconf 85' lang='lat' dir='ltr'><strong>Sic.</strong></span> <span class='ocrx_word' id='word_1_230' title='bbox 432 4395 555 4477; x_wconf 73' lang='lat' dir='ltr'><strong>sprota</strong></span> <span class='ocrx_word' id='word_1_231' title='bbox 567 4413 637 4458; x_wconf 80' lang='lat' dir='ltr'><strong>vero</strong></span> <span class='ocrx_word' id='word_1_232' title='bbox 650 4395 837 4474; x_wconf 82' lang='lat' dir='ltr'><strong>interpolatio</strong></span> <span class='ocrx_word' id='word_1_233' title='bbox 853 4413 905 4457; x_wconf 85' lang='lat' dir='ltr'><strong>seu</strong></span> <span class='ocrx_word' id='word_1_234' title='bbox 918 4395 1026 4456; x_wconf 87' lang='lat' dir='ltr'><strong>menda</strong></span> <span class='ocrx_word' id='word_1_235' title='bbox 1038 4398 1164 4474; x_wconf 85' lang='lat' dir='ltr'><strong>irrepsit.</strong></span> 
     </span>
     <span class='ocr_line' id='line_1_27' title="bbox 298 4501 1668 4583; baseline 0.006 -21"><span class='ocrx_word' id='word_1_236' title='bbox 298 4501 336 4581; x_wconf 78' lang='lat' dir='ltr'><strong>(i)</strong></span> <span class='ocrx_word' id='word_1_237' title='bbox 356 4504 495 4566; x_wconf 74' lang='lat' dir='ltr'><strong>dotanda</strong></span> <span class='ocrx_word' id='word_1_238' title='bbox 509 4509 556 4564; x_wconf 72' lang='lat' dir='ltr'><strong>ed</strong></span> <span class='ocrx_word' id='word_1_239' title='bbox 571 4517 676 4580; x_wconf 85' lang='lat' dir='ltr'><strong>porum</strong></span> <span class='ocrx_word' id='word_1_240' title='bbox 689 4501 819 4580; x_wconf 66' lang='lat' dir='ltr'><strong>lemtim</strong></span> <span class='ocrx_word' id='word_1_241' title='bbox 838 4509 869 4562; x_wconf 88' lang='lat' dir='ltr'><strong>et</strong></span> <span class='ocrx_word' id='word_1_242' title='bbox 887 4509 1022 4578; x_wconf 85' lang='lat' dir='ltr'><strong>suspecta</strong></span> <span class='ocrx_word' id='word_1_243' title='bbox 1042 4502 1135 4580; x_wconf 77' lang='lat' dir='ltr'><strong>huius</strong></span> <span class='ocrx_word' id='word_1_244' title='bbox 1149 4503 1281 4565; x_wconf 80' lang='lat' dir='ltr'><strong>mandati</strong></span> <span class='ocrx_word' id='word_1_245' title='bbox 1300 4503 1407 4568; x_wconf 80' lang='lat' dir='ltr'><strong>torma</strong></span> <span class='ocrx_word' id='word_1_246' title='bbox 1421 4505 1545 4583; x_wconf 82' lang='lat' dir='ltr'><strong>Insuper</strong></span> <span class='ocrx_word' id='word_1_247' title='bbox 1560 4510 1593 4568; x_wconf 93' lang='lat' dir='ltr'><strong>iu</strong></span> <span class='ocrx_word' id='word_1_248' title='bbox 1609 4510 1668 4570; x_wconf 92' lang='lat' dir='ltr'><strong>lm·</strong></span> 
     </span>
    </p>
   </div>
   <div class='ocr_carea' id='block_1_9' title="bbox 258 4608 1669 4776">
    <p class='ocr_par' dir='ltr' id='par_1_9' title="bbox 258 4608 1669 4776">
     <span class='ocr_line' id='line_1_28' title="bbox 258 4608 1669 4776; baseline 0.004 -104"><span class='ocrx_word' id='word_1_249' title='bbox 258 4625 352 4776; x_wconf 57' lang='lat' dir='ltr'><strong>:zo</strong></span> <span class='ocrx_word' id='word_1_250' title='bbox 363 4613 489 4674; x_wconf 68' lang='lat' dir='ltr'><strong>insudo</strong></span> <span class='ocrx_word' id='word_1_251' title='bbox 500 4611 698 4696; x_wconf 78' lang='lat' dir='ltr'><strong>commollitus</strong></span> <span class='ocrx_word' id='word_1_252' title='bbox 710 4608 909 4683; x_wconf 85' lang='lat' dir='ltr'><strong>conciuditur,</strong></span> <span class='ocrx_word' id='word_1_253' title='bbox 923 4626 999 4688; x_wconf 82' lang='lat' dir='ltr'><strong>quse</strong></span> <span class='ocrx_word' id='word_1_254' title='bbox 1012 4617 1143 4674; x_wconf 72' lang='lat' dir='ltr'><strong>masam</strong></span> <span class='ocrx_word' id='word_1_255' title='bbox 1156 4627 1209 4673; x_wconf 87' lang='lat' dir='ltr'><strong>scu</strong></span> <span class='ocrx_word' id='word_1_256' title='bbox 1221 4613 1397 4674; x_wconf 63' lang='lat' dir='ltr'><strong>cancellum</strong></span> <span class='ocrx_word' id='word_1_257' title='bbox 1414 4613 1524 4676; x_wconf 82' lang='lat' dir='ltr'><strong>littam</strong></span> <span class='ocrx_word' id='word_1_258' title='bbox 1539 4617 1669 4678; x_wconf 80' lang='lat' dir='ltr'><strong>indicere</strong></span> 
     </span>
     <span class='ocr_line' id='line_1_29' title="bbox 333 4721 358 4776; baseline 0 0"><span class='ocrx_word' id='word_1_259' title='bbox 333 4721 358 4776; x_wconf 84' lang='lat' dir='ltr'><strong>i.</strong></span> 
     </span>
    </p>
   </div>
   <div class='ocr_carea' id='block_1_10' title="bbox 0 0 2238 6008">
    <p class='ocr_par' dir='ltr' id='par_1_10' title="bbox 0 0 2238 6008">
     <span class='ocr_line' id='line_1_30' title="bbox 0 0 2238 6008; baseline 0 0"><span class='ocrx_word' id='word_1_260' title='bbox 0 0 2238 6008; x_wconf 95' lang='lat' dir='ltr'><strong> </strong></span> 
     </span>
    </p>
   </div>
  </div>
 </body>
</html>
