4374 6010
208 695 310 758 tntu.
336 689 397 773 lb]
664 687 863 752 HISTORIA
888 687 1181 753 utrtottatmlt.
1566 693 1626 756 867

210 828 344 904 eisdem
358 825 553 919 justitiariis
573 833 613 896 ut
629 824 764 919 baJ'ulos
783 825 877 919 ipsos
895 824 1008 898 curias
1023 847 1104 897 suus
1122 847 1241 920 regere
1260 825 1403 921 pacifice
1424 828 1629 922 permictant

211 953 297 1048 ipsis
322 953 425 1026 etiam
443 950 596 1022 interris
620 949 856 1044 presentibus,
878 971 957 1021 cum
975 951 1126 1042 cognitio
1143 951 1299 1023 ciuilium
1318 951 1538 1046 questionum
1560 973 1629 1046 que

211 1086 372 1172 spectant
394 1074 442 1148 ad
461 1074 599 1166 bajulos
620 1074 851 1166 cognitionem
880 1073 1109 1146 criminalium
1138 1095 1208 1167 qne
1232 1071 1387 1168 spectant
1412 1075 1458 1146 ad
1476 1076 1629 1167 justitiu-

212 1203 305 1274 rium
324 1221 394 1274 non
417 1198 600 1293 impediat,
621 1199 705 1292 quia
723 1207 949 1291 utrorumque
965 1197 1078 1271 officia
1093 1199 1217 1271 nostris
1235 1198 1535 1270 constitutionibus
1550 1209 1630 1271 sunt

213 1326 377 1399 discreta.
394 1325 561 1397 Defensus
574 1323 675 1396 etium
698 1323 903 1396 officialibus
914 1323 993 1415 jura
1009 1323 1103 1395 curia
1121 1333 1235 1396 nostre
1248 1323 1504 1417 requirentibus
1520 1324 1630 1420 impo-

213 1447 297 1520 sitas
313 1444 505 1540 aliquando
520 1465 582 1541 par
598 1445 735 1539 eosqui
752 1455 834 1517 sunt
850 1453 966 1518 nostre
988 1445 1084 1518 curie
1105 1445 1296 1538 debitores,
1322 1447 1449 1519 nullius
1467 1447 1630 1520 volumus

213 1571 287 1642 lore
311 1568 478 1642 momenti
500 1589 565 1642 nec
594 1567 688 1663 ipsos
717 1567 763 1642 de
787 1568 938 1641 delensis
963 1568 1092 1641 talibus
1119 1591 1232 1642 coram
1257 1569 1447 1661 justitiariis
1470 1572 1631 1644 volumus

211 1693 413 1785 conveniri,
431 1701 533 1788 prout
550 1692 753 1765 mandatum
775 1691 821 1765 ad
838 1714 898 1765 eos
916 1692 1041 1765 nostris
1058 1693 1186 1766 lictoris
1205 1692 1430 1766 destinamus.
1454 1695 1492 1766 In
1515 1695 1630 1767 Sicilia

213 1818 300 1890 citra
322 1819 453 1890 tlumen
475 1817 611 1888 Salsum
637 1815 695 1887 ubi
720 1826 975 1889 consueverunt
999 1815 1166 1889 hactenus
1189 1838 1265 1890 esse
1282 1825 1350 1889 tres
1372 1819 1567 1910 camerarii,
1593 1829 1630 1891 tu

213 1961 301 2014 veru
327 1961 438 2014 unum
455 1939 586 2012 scilicet
599 1938 758 2032 Sergium
776 1939 1014 2013 blusoettulam
1031 1940 1198 2028 statuisti,
1221 1941 1333 2035 placet
1348 1941 1447 2012 nobis
1463 1951 1503 2013 ut
1526 1942 1630 2014 alium

214 2086 298 2138 cum
319 2063 396 2160 ipso
422 2071 553 2136 statuas
575 2072 615 2134 ut
640 2061 712 2135 duo
733 2063 911 2135 camerarii
932 2085 994 2158 por
1015 2072 1139 2136 terram
1162 2063 1213 2135 sic
1231 2062 1393 2136 diffusam
1411 2063 1536 2137 melius
1552 2087 1632 2162 pos-

214 2187 286 2260 sint
306 2190 389 2280 jura
409 2185 699 2280 conquerentibus
717 2184 864 2258 reddere
879 2193 913 2258 et
930 2185 1079 2259 rationes
1105 2187 1201 2259 curie
1218 2199 1332 2260 nostre
1355 2185 1555 2280 diligentius
1574 2189 1633 2260 in-

216 2310 365 2404 dagare,
385 2331 512 2382 nomen
528 2307 674 2382 secundi
691 2308 871 2382 camerarii
888 2307 935 2381 ud
951 2309 1108 2382 notitiam
1122 2319 1276 2383 nostram
1298 2309 1367 2382 tuis
1383 2311 1506 2386 lictoris
1522 2323 1632 2384 truns-

216 2430 400 2504 missurus.
421 2433 461 2504 ln
479 2427 639 2504 iacienda
654 2430 875 2525 inquisitione
891 2452 997 2526 super
1011 2432 1176 2504 curatulis
1192 2432 1392 2505 animalium
1406 2433 1502 2507 curie
1520 2446 1634 2508 nostre

217 2566 252 2628 et
267 2553 467 2652 recipienda
481 2555 613 2626 meone
624 2577 646 2627 a
659 2555 943 2650 procuratoribus
955 2555 1177 2628 ecclesiarum
1194 2557 1408 2646 vacantium,
1424 2559 1520 2632 unde
1538 2561 1634 2634 tarde

218 2679 312 2752 sicut
334 2678 504 2774 scripsisti
527 2679 644 2750 lictere
667 2687 783 2751 nostre
804 2685 923 2773 aperte
941 2698 1003 2772 per
1024 2678 1065 2750 G.
1096 2677 1141 2750 de
1159 2677 1317 2773 Anglone
1334 2680 1558 2770 justitiarium
1578 2685 1635 2755 si-

219 2801 300 2874 cilie
319 2800 457 2874 fidelem
479 2810 635 2873 nostrum
655 2809 887 2896 peruenerunt
908 2799 955 2873 ad
973 2809 1022 2891 te,
1042 2800 1093 2872 sic
1115 2809 1149 2872 te
1167 2801 1240 2872 lore
1263 2801 1425 2874 volumus
1440 2803 1634 2876 studiosum

218 2933 261 2996 ut
286 2945 385 2997 mora
415 2931 588 2996 contracta
614 2923 651 2994 in
683 2923 809 2996 lictoris
830 2933 891 2996 tua
918 2923 1149 2996 sollicitudine
1172 2923 1377 3015 redimatur,
1410 2925 1493 3018 quie
1522 2939 1634 3000 autem

218 3046 339 3120 lietera
362 3057 479 3120 nostre
502 3047 607 3118 misse
629 3045 676 3118 ad
702 3055 736 3119 te
758 3067 821 3142 per
842 3046 1006 3120 eumdem
1025 3045 1248 3138 justitiarium
1269 3055 1386 3141 aperte
1409 3048 1553 3138 luerint,
1574 3073 1637 3146 per

220 3178 257 3242 te
278 3170 410 3264 inquiri
431 3171 596 3244 volumus
626 3179 662 3242 et
687 3170 788 3242 nobis
815 3169 1036 3264 postmodum
1062 3169 1217 3244 reserari.
1242 3171 1294 3242 Dc
1317 3184 1539 3265 procuratore
1565 3187 1638 3248 sta-

220 3301 299 3366 tuto
318 3315 382 3388 per
400 3303 435 3366 te
450 3315 554 3389 super
571 3293 798 3389 proventibus
810 3291 1045 3367 cathaniensis
1060 3293 1221 3380 ecclesie,
1240 3293 1286 3366 de
1302 3295 1472 3369 locatione
1490 3319 1639 3392 proven·

222 3425 325 3490 tuum
341 3417 499 3511 ipsorum
514 3418 603 3490 lactu
617 3437 678 3511 per
693 3427 740 3507 te,
759 3416 856 3489 uictu
874 3425 909 3489 et
920 3416 1121 3488 necessariis
1139 3415 1317 3489 monachis
1333 3419 1502 3492 ordinatis
1520 3443 1640 3494 secun·

222 3537 311 3611 dum
337 3536 541 3612 mandatum
566 3549 738 3630 nostrum,
767 3540 878 3633 placet
897 3548 1014 3611 nostre
1036 3538 1241 3611 excellentie
1262 3539 1360 3632 quod
1385 3542 1507 3615 fecisti.
1538 3544 1641 3629 Quod

222 3663 334 3734 iecisti
355 3661 525 3735 derebus
547 3661 702 3735 Riccartli
717 3661 857 3734 Vetrani
877 3661 1054 3755 quondum
1077 3663 1249 3734 castellani
1274 3664 1457 3758 Syracusis
1482 3676 1516 3738 et
1538 3668 1640 3740 Nothi
1679 3661 1680 3664 ’

224 3785 353 3859 saisitis
369 3785 416 3858 ad
431 3807 521 3880 opus
537 3786 633 3858 curie
647 3795 780 3876 nostre,
799 3795 937 3879 gratum
950 3785 1134 3858 habemus.
1151 3787 1202 3858 De
1216 3786 1327 3858 cassia
1341 3809 1426 3862 vero
1447 3811 1526 3861 cum
1547 3813 1642 3884 qua-

227 3909 333 3980 ternis
344 3908 456 4002 ipsius
473 3929 579 4001 quam
596 3927 703 4001 penes
714 3909 968 4002 Syracusanum
986 3908 1188 4003 episcopum
1208 3907 1412 4002 deposuisti,
1427 3911 1463 3982 in
1480 3921 1514 3984 te
1534 3914 1643 4006 negli-

226 4032 380 4124 gentiam
396 4030 480 4104 inde
499 4030 679 4123 arguimus
704 4039 739 4102 st
763 4030 971 4104 mandamus
994 4039 1033 4102 ut
1053 4031 1089 4102 in
1106 4031 1234 4126 palatio
1256 4041 1372 4105 nostro
1394 4035 1550 4107 Messene
1566 4057 1643 4107 eam

226 4155 333 4228 lucius
348 4154 536 4228 custodire.
556 4155 607 4226 De
619 4153 854 4227 satisfactione
869 4156 1111 4227 Bonaventure
1121 4154 1305 4227 Tusculani
1320 4166 1355 4228 et
1367 4156 1540 4229 sociorum
1557 4179 1644 4230 mer-

228 4289 383 4352 catorum
394 4280 626 4354 Romanorum
635 4279 737 4371 juxta
751 4277 953 4352 mandatum
965 4287 1135 4367 nostrum,
1151 4279 1263 4374 plucct
1281 4278 1381 4351 nobis
1395 4289 1434 4350 ut
1446 4279 1491 4352 de
1504 4283 1644 4374 quanti·

230 4411 298 4476 tute
314 4405 462 4499 pecunie
474 4403 526 4477 eis
537 4402 655 4476 debite
674 4403 726 4475 eis
737 4402 936 4476 mustacem
951 4401 1104 4494 studeaS,
1119 4401 1237 4475 habita
1253 4400 1386 4475 ratione
1403 4425 1483 4474 cum
1499 4405 1582 4500 ipsis
1599 4405 1646 4480 ds

230 4526 401 4622 petueptis
427 4526 670 4622 proventibus,
696 4525 874 4598 residuum
891 4526 1114 4620 suppleturus
1142 4525 1272 4598 eisdem
1296 4526 1343 4598 ita
1370 4526 1466 4620 quod
1485 4531 1643 4621 venatio,

232 4649 344 4724 donna
358 4661 394 4724 et
411 4651 470 4723 alii
485 4661 674 4747 pmventus
687 4651 836 4724 ecclesie
852 4649 1090 4724 Cathaniensis
1103 4650 1246 4745 obligati
1263 4651 1394 4724 eisdem
1414 4651 1513 4724 liberi
1529 4675 1648 4726 rema-

231 4783 335 4846 neant
349 4773 446 4846 curis
464 4782 591 4866 nostre,
607 4774 658 4848 eis
674 4773 905 4848 satisfactione
922 4774 1066 4868 prestita
1077 4775 1180 4867 Juxta
1197 4775 1303 4848 nostri
1318 4773 1471 4848 mandati
1490 4776 1552 4849 tibi
1569 4778 1648 4850 lacti
