4384 6004
539 703 619 764 loto
1041 701 1255 762 FlllDElllCl
1280 701 1452 761 sucuuot
1759 701 1841 779 [Ass.
1861 701 1951 760 luto.
2027 789 2032 799 ι

537 836 699 930 quentius
716 835 903 926 obtulistis,
924 858 1029 908 nunc.
1062 888 1071 907 .
1102 888 1111 906 .
1131 835 1310 908 Provincie
1327 835 1487 907 comitem
1506 833 1725 906 manifestum
1742 835 1962 908 excellentie

538 969 653 1032 nostre
675 960 872 1050 rebellem„
903 1011 912 1030 .
943 1013 952 1030 .
979 959 1104 1032 ducem
1125 959 1365 1046 venetiarum,
1393 955 1626 1030 marchionem
1649 957 1864 1048 Estensem„
1897 1011 1907 1028 .
1938 1011 1947 1028 .

537 1083 693 1155 comitem
714 1083 821 1155 suncti
840 1083 1022 1166 Bonifatii,
1050 1081 1248 1154 Albericum
1270 1081 1315 1153 de
1336 1082 1505 1169 Romano,
1526 1080 1726 1151 biaclrinnm
1743 1089 1778 1151 et
1803 1080 1952 1174 Cingul-

536 1205 609 1276 lum
628 1204 677 1301 (a)
696 1206 741 1304 de
758 1206 899 1278 Camino
915 1215 949 1277 et
967 1205 1111 1277 Paulum
1131 1203 1400 1288 Traversarium,
1419 1224 1499 1274 cum
1522 1202 1649 1296 quibus
1671 1203 1707 1272 in
1729 1223 1851 1274 necem
1871 1223 1952 1276 nos·

535 1340 636 1416 tram,
652 1329 730 1400 data
742 1329 809 1400 sibi
820 1329 981 1423 pecunia,
994 1337 1095 1422 prout
1109 1335 1160 1399 est
1175 1326 1313 1422 publica
1327 1347 1416 1398 voce
1430 1326 1614 1413 notorium,
1626 1327 1832 1417 conjuravit,
1845 1338 1952 1400 vorat

536 1453 711 1546 expressis
727 1452 925 1524 nominibus
942 1451 988 1522 ad
1005 1447 1180 1546 synodum
1200 1445 1447 1543 supradictam.
1474 1449 1602 1521 Verum
1625 1459 1952 1544 quantumcumque

535 1577 604 1648 sint
623 1577 713 1648 clara
731 1575 926 1648 calliditatis
941 1573 1079 1650 windicia
1099 1573 1227 1667 quibus
1252 1574 1317 1643 iste
1339 1575 1510 1645 Romanus
1527 1572 1683 1667 pontifex
1709 1583 1862 1644 nostram
1880 1574 1950 1645 cir·

536 1697 737 1770 cumvenire
751 1697 898 1770 credidit
915 1696 1095 1791 puritatem
1112 1695 1173 1790 (b),
1191 1703 1306 1767 tamen
1322 1695 1367 1766 ob
1385 1694 1614 1766 reverentiam
1630 1695 1756 1764 summi
1774 1695 1881 1788 Regis
1898 1696 1950 1768 sic

536 1819 711 1892 nominato
733 1819 894 1913 episcopo
920 1816 1087 1890 duximus
1112 1813 1390 1911 respondendum
1415 1814 1513 1909 quod
1538 1837 1601 1888 nos
1624 1837 1704 1888 cum
1728 1827 1950 1890 sacrosancta

536 1944 687 2016 lfomana
703 1943 854 2014 Ecclesia
873 1953 981 2014 matre
999 1951 1114 2013 nostra
1134 1939 1340 2012 discordiam
1360 1959 1430 2011 non
1450 1939 1618 2012 babemus
1630 1939 1799 2032 aliquam,
1816 1941 1883 2013 sed
1901 1942 1948 2014 ab

534 2065 734 2158 hujusmodi
759 2066 902 2137 Romani
920 2061 1091 2160 pontificis
1112 2063 1241 2158 impetu
1258 2061 1425 2154 justitiam
1447 2061 1581 2156 imperii
1601 2063 1707 2136 nostri
1723 2061 1946 2138 defendimus

535 2199 569 2264 et
595 2189 754 2282 injuriam
773 2188 1028 2282 propulsamus.
1053 2186 1301 2258 Niohilominus
1327 2197 1540 2258 tamencum
1561 2187 1635 2280 ipso
1664 2207 1782 2280 pacem
1805 2209 1948 2283 semper

533 2315 661 2386 babere
675 2312 872 2408 optavimus
885 2321 920 2384 et
935 2322 1106 2406 optamus,
1122 2333 1184 2405 per
1199 2331 1303 2405 quam
1318 2311 1474 2404 generale
1491 2310 1612 2383 muudi
1627 2310 1848 2405 dispendium
1866 2313 1945 2386 evi·

532 2446 661 2527 temus;
678 2445 713 2509 et
726 2445 764 2507 ut
775 2444 938 2508 tractatus
949 2435 1043 2530 pacis
1054 2457 1075 2506 a
1086 2435 1325 2507 remotioribus
1339 2434 1493 2529 partibus
1504 2455 1573 2506 non
1586 2443 1760 2527 queratur,
1774 2457 1837 2528 per
1849 2457 1946 2508 eum·

533 2561 613 2634 dem
627 2561 825 2656 episcopum
845 2569 879 2631 et
895 2558 980 2630 alios
999 2559 1109 2630 bonos
1127 2559 1232 2647 viros,
1246 2557 1382 2650 justicie
1395 2567 1510 2629 nostre
1526 2557 1682 2629 conscios
1699 2569 1733 2629 et
1747 2559 1945 2630 communis

532 2683 714 2756 concordie
728 2683 903 2768 zelatores,
918 2679 964 2752 ad
976 2689 1167 2774 presentem
1186 2689 1366 2751 tractatum
1384 2681 1479 2774 pacis
1489 2689 1528 2751 ut
1541 2681 1631 2752 mola
1647 2681 1692 2752 dc
1709 2681 1826 2753 medio
1840 2683 1944 2754 citius

531 2808 744 2894 auferantur,
766 2803 954 2876 obtulimus
972 2825 1035 2874 nos
1050 2813 1202 2897 paratos;
1221 2812 1359 2895 treugas
1373 2803 1476 2875 etiam
1494 2803 1574 2876 licet
1591 2805 1690 2875 nobis
1713 2813 1879 2898 tunquam
1896 2805 1943 2879 ad

530 2929 613 3001 belli
633 2927 780 3023 presidia
801 2927 943 2997 munitis
967 2926 1119 3010 infestas,
1146 2925 1233 2996 inire
1255 2926 1487 2997 concessimus
1505 2947 1585 2998 cum
1607 2927 1746 3016 eodem,
1764 2939 1943 3022 sperantes

530 3074 592 3148 per
620 3073 678 3125 eas
701 3053 795 3125 velot
820 3073 881 3146 per
907 3049 1095 3144 quamdam
1127 3049 1336 3120 salutiferam
1362 3050 1489 3121 scalam
1517 3071 1618 3144 posse
1642 3050 1774 3121 facilius
1799 3050 1845 3123 ad
1871 3053 1942 3125 alta

530 3175 656 3270 palatia
670 3173 765 3268 pacis
779 3173 932 3246 ascendi.
946 3170 1155 3244 lombardos
1167 3181 1281 3243 umen
1298 3171 1500 3244 excellentie
1514 3182 1628 3244 nostre
1642 3172 1787 3245 rebelles
1805 3195 1827 3244 a
1843 3195 1941 3247 nexu

529 3309 728 3392 treugarum
747 3295 960 3388 hujusmodi,
978 3295 1069 3367 sicut
1086 3316 1220 3389 semper
1236 3295 1460 3384 exclusimus,
1481 3295 1582 3367 sicet
1599 3293 1635 3365 in
1652 3305 1858 3390 perpetuum
1874 3320 1940 3369 ex·

530 3420 728 3509 cludemus;
748 3442 813 3493 uec
827 3421 915 3492 inter
931 3441 994 3492 nos
1008 3430 1043 3491 et
1058 3439 1138 3490 eum
1161 3417 1309 3490 durante
1327 3419 1479 3514 presenti
1495 3417 1668 3490 discordia
1687 3419 1804 3491 vocari
1821 3421 1939 3492 conci·

528 3543 614 3615 lium
631 3565 690 3637 per
705 3543 866 3617 eumdem
885 3543 981 3614 velut
993 3542 1124 3615 bostem
1145 3541 1322 3636 publicum
1340 3541 1474 3636 imperii
1491 3541 1738 3634 permittemus,
1756 3543 1936 3637 presertim

529 3687 609 3738 cum
622 3665 737 3756 nobis,
757 3667 903 3762 imperio
921 3674 956 3737 et
971 3674 1059 3737 terre
1074 3665 1289 3760 principibus
1307 3663 1625 3737 indecentissimum
1639 3663 1839 3757 judicemus
1851 3687 1937 3738 cau-

528 3809 584 3860 sas
610 3797 802 3862 nostrarum
825 3788 1029 3862 secularium
1050 3795 1259 3877 potestatum
1278 3785 1508 3858 ecclesiastico
1531 3787 1604 3858 foro
1628 3785 1673 3879 (c)
1691 3787 1861 3881 subjicere
1877 3791 1936 3862 vel

524 3909 657 4004 jndicio
678 3911 852 4008 synodali3
869 3911 932 3983 sed
952 3911 1114 3982 omnibus
1131 3909 1177 3981 ud
1195 3909 1378 3981 concilium
1400 3910 1513 4003 ipsum
1536 3911 1734 3982 convocatis
1750 3931 1810 4005 per
1827 3920 1935 3983 totam

526 4043 652 4108 terram
681 4045 796 4108 nostre
818 4033 1029 4128 juridictioni
1059 4033 1250 4123 subjectam
1273 4031 1309 4101 iu
1338 4033 1494 4126 personis
1521 4045 1556 4104 et
1581 4033 1685 4105 rebus
1717 4033 1935 4106 securitatem

526 4159 716 4252 quamlibet
733 4158 957 4251 denegamus.
974 4155 1187 4250 Quapropter
1200 4155 1415 4227 serenitatem
1428 4156 1558 4249 regiam
1577 4157 1736 4250 precibus
1750 4177 1935 4230 exoramus

526 4291 698 4376 quatenus
717 4302 779 4376 per
801 4279 948 4375 prelatos
968 4299 1087 4351 omnes
1104 4287 1140 4352 et
1160 4278 1316 4372 singulos
1334 4277 1432 4371 regni
1447 4279 1553 4351 vestri
1569 4279 1673 4352 edicti
1687 4280 1772 4375 regii
1790 4281 1934 4373 vulgato

567 4475 610 4556 (o)
631 4476 689 4554 Ap.
708 4477 795 4538 Matr.
810 4477 893 4555 Pon,
911 4475 1083 4556 θιψίηιιηι.
1097 4504 1138 4520 -
1151 4473 1222 4536 ooo.
1238 4484 1270 4534 n⁰
1285 4481 1380 4552 8564,
1398 4475 1579 4554 Bosporicum
1596 4481 1625 4536 et
1643 4471 1792 4556 mlum,
1820 4475 1933 4538 scilicet

524 4581 670 4664 Bicqrttac
682 4589 712 4643 et
731 4578 1045 4644 GumHoerumion.

566 4685 608 4767 (t)
630 4689 710 4748 llaec
723 4687 831 4748 desunt
845 4703 893 4763 sp.
909 4687 953 4749 M.
968 4687 1062 4747 Paris.
1084 4690 1114 4745 et
1125 4701 1175 4762 up.
1193 4684 1288 4744 Perta.

566 4793 602 4874 (c)
624 4795 682 4872 Ap.
699 4797 783 4856 blett.
797 4793 891 4854 Paris.
903 4799 932 4853 ct
945 4807 993 4870 sp.
1009 4791 1094 4852 Perta
1110 4807 1118 4853 ι
1133 4787 1248 4850 torem
1261 4789 1353 4850 uortrr‘
1365 4805 1481 4851 murum
1492 4797 1619 4872 reputo
1626 4787 1708 4872 soro.
