4384 6004
578 650 657 710 tort
1077 655 1291 716 rsruustcl
1318 657 1491 718 SECUNDI
1800 660 1879 746 [An.
1898 664 1989 728 124⁰.

574 785 675 856 miter
705 795 942 880 acceptatum,
972 785 1156 862 deuotione
1178 790 1277 862 sulita
1307 793 1465 885 prosequi
1496 791 1664 866 studentis
1690 795 1837 888 qualiter
1861 797 1990 872 ellectu

574 907 691 981 debito
706 910 961 1004 compleantur;
978 933 1057 984 cum
1075 910 1156 986 licet
1166 915 1311 1008 pecunie
1328 915 1479 1010 predicte
1492 915 1669 1012 percussio
1685 919 1991 992 commoditatibus

573 1031 675 1103 erarii
703 1033 812 1105 nostri
844 1034 1015 1128 proficiat,
1038 1037 1212 1109 universis
1235 1045 1270 1110 et
1296 1038 1442 1130 singulis
1464 1049 1619 1110 vestrum
1650 1061 1692 1112 ac
1719 1039 1848 1114 ciuitati
1873 1052 1990 1114 vestre

572 1155 673 1228 cedat
693 1157 873 1230 commodo
895 1167 930 1229 et
951 1156 1073 1232 honori
1099 1169 1134 1230 et
1159 1181 1223 1231 nos
1249 1161 1284 1230 in
1306 1161 1426 1250 vobis,
1446 1183 1534 1254 quos
1558 1161 1606 1234 ud
1628 1161 1746 1236 sedem
1765 1163 1932 1258 eligimus
1951 1165 1989 1236 iu

572 1279 695 1350 Tuscia
708 1279 908 1373 specialem,
925 1281 1150 1354 delectatione
1163 1283 1327 1354 continua
1339 1284 1568 1377 perimamur.

620 1401 745 1474 Datum
770 1404 806 1474 in
829 1405 949 1476 castris
971 1405 1007 1476 in
1028 1405 1210 1477 obsidione
1224 1405 1403 1494 Fauentie,
1431 1427 1522 1480 suno
1550 1405 1723 1480 dominice
1741 1407 1989 1483 incarnationis

571 1525 619 1596 M.
636 1525 697 1598 CC.
719 1527 867 1620 XXXX,
884 1548 1003 1600 meuse
1016 1527 1218 1622 septembri,
1235 1529 1312 1599 XIV
1327 1527 1528 1602 indictione.

803 1809 1375 1820 ura—ww
1379 1811 1389 1818 -
1393 1811 1472 1818 ...-
1476 1809 1760 1820 ----.-----

625 2061 857 2171 Fridericus,
877 2063 1138 2148 Romanorum
1164 2065 1385 2174 imperator,
1406 2065 1638 2148 universales
1663 2067 1857 2148 nundinas
1883 2067 1988 2176 upud

434 2190 461 2221 ⁸¹³
571 2193 781 2278 Vitcrbium
811 2195 973 2306 singulis
1002 2197 1112 2279 annis
1139 2197 1386 2280 celebrandas
1407 2197 1588 2303 instituit,
1609 2225 1633 2280 s
1654 2197 1750 2281 festo
1776 2199 1877 2282 beati
1903 2199 1987 2282 lli-

571 2327 712 2410 chaelis
729 2353 797 2438 per
814 2329 1032 2438 quindecim
1051 2329 1132 2412 dies
1154 2331 1377 2438 duraturas,
1397 2355 1607 2438 omnesque
1630 2331 1679 2412 ad
1700 2331 1771 2412 hus
1790 2331 1987 2414 nundinus

571 2443 835 2544 convenientes
854 2460 926 2543 sub
946 2487 1015 2542 sus
1033 2470 1071 2543 et
1087 2461 1237 2570 imperii
1256 2461 1409 2570 speciali
1428 2461 1659 2570 protectione
1676 2461 1821 2570 recipit.

652 2673 753 2753 (lldld.
768 2674 995 2754 Bussr,1ttcriu
1008 2669 1040 2732 dl
1058 2671 1187 2749 Viturbo,
1201 2691 1232 2751 p.
1249 2672 1336 2754 tot.)

619 2860 839 2950 Fredericus,
855 2859 919 2932 Dei
938 2857 1048 2954 gratia
1065 2859 1294 2932 Romanorum
1313 2859 1499 2954 imperator
1514 2881 1650 2954 semper
1665 2869 1849 2954 augustus,
1870 2810 1986 2958 [Jemss

568 2982 690 3082 salem]
706 2993 741 3056 et
753 2983 868 3055 Sicilie
884 3004 961 3054 rex.
986 2981 1042 3056 Ad
1063 2982 1129 3054 boc
1150 2982 1187 3053 iu
1206 2983 1409 3076 opportunis
1423 2981 1510 3055 locis
1531 2983 1709 3074 generales
1726 2983 1884 3058 nundine
1901 2994 1987 3056 sunt

569 3109 727 3198 invente,
747 3115 787 3178 ul
803 3105 997 3180 communis
1013 3105 1153 3198 utilitas,
1175 3129 1278 3200 quum
1296 3107 1398 3200 louge
1418 3107 1554 3200 lateque
1576 3105 1726 3180 humans
1749 3117 1909 3201 procuret
1931 3109 1987 3179 iu·

568 3232 718 3320 dustria,
735 3231 871 3302 alternis
889 3229 1095 3302 commertiis
1114 3239 1328 3324 procuretur.
1352 3230 1439 3302 Hinc
1460 3239 1513 3302 est
1533 3229 1637 3322 igitur
1652 3229 1747 3324 quod
1765 3230 1983 3304 subditorum

569 3363 760 3428 nostrorum
777 3352 1078 3425 commoditatibus
1091 3353 1323 3448 providentes,
1337 3353 1561 3425 nihilomiuus
1572 3353 1750 3446 generales
1764 3374 1865 3424 curas
1876 3352 1986 3426 homi·

568 3499 652 3550 num
670 3487 703 3549 et
721 3477 856 3548 labores
880 3475 1031 3565 benigno
1054 3477 1303 3570 prospicientes
1327 3476 1470 3566 intuitu,
1492 3477 1607 3548 locum
1631 3477 1666 3547 iu
1684 3475 1807 3548 Tuscis
1826 3476 1985 3570 partibus

570 3622 632 3696 pro
646 3599 775 3670 mutuis
797 3597 985 3670 commodis
999 3599 1204 3672 exercendis
1219 3600 1337 3671 utilem
1355 3608 1389 3670 et
1412 3610 1605 3694 acceptum,
1626 3599 1788 3672 videlicet
1807 3599 1984 3673 civitatem

568 3732 719 3796 nostram
732 3721 875 3794 Viterbii
892 3731 966 3792 tum
986 3723 1121 3816 presul
1145 3723 1333 3810 fertilitate,
1359 3733 1432 3794 tom
1448 3743 1509 3818 pre
1529 3723 1819 3817 oportunitatibus
1842 3723 1984 3796 viciuo-

568 3869 667 3934 rum,
684 3846 729 3918 ad
748 3845 971 3918 celebrandas
992 3847 1170 3918 aunuatim
1193 3845 1404 3918 universales
1423 3843 1596 3918 nundinas
1620 3843 1788 3918 duximus
1810 3844 1984 3940 deputan-

568 3971 668 4058 dum3
690 3969 876 4064 imperialis
893 3968 1094 4040 auctoritate
1108 3968 1271 4040 culminis
1289 3976 1479 4040 statuentes
1494 3977 1532 4038 ut
1547 3965 1710 4062 deinceps
1721 3967 1867 4058 singulis
1883 3967 1985 4038 aunis

567 4115 589 4166 c
605 4094 690 4166 lusto
703 4091 793 4164 besti
809 4091 986 4163 Michaelis
999 4089 1219 4184 Archangeli,
1240 4089 1400 4162 videlicet
1418 4089 1573 4162 secundo
1586 4089 1644 4162 die
1658 4089 1778 4162 stantis
1789 4087 1838 4184 (a)
1854 4110 1986 4162 mensus

568 4215 772 4312 septembris
794 4215 830 4286 in
851 4215 972 4286 eudem
994 4214 1134 4286 civitate
1152 4213 1295 4286 Viturbii
1318 4213 1475 4286 nundine
1495 4213 1684 4310 incipiant,
1702 4234 1765 4307 per
1781 4211 1983 4306 quindecim

568 4339 643 4412 dies
662 4339 805 4412 firmiter
820 4337 998 4426 durature,
1022 4348 1057 4410 et
1074 4347 1113 4410 ut
1129 4337 1258 4410 ibidem
1279 4335 1345 4408 sub
1362 4337 1545 4410 securitate
1562 4346 1677 4410 nostra
1701 4345 1736 4408 et
1758 4335 1894 4430 imperii
1914 4345 1985 4406 tam

566 4463 674 4535 vicini
696 4483 800 4556 quam
827 4461 945 4534 remoti
961 4462 1180 4551 conveniant,
1200 4459 1415 4554 Transalpini
1433 4459 1538 4532 simul
1556 4468 1591 4532 et
1608 4459 1732 4544 Italici,
1758 4479 1839 4530 cum
1859 4459 1982 4530 merci·

568 4587 692 4660 moniis
717 4595 752 4660 et
776 4585 880 4657 rebus
907 4585 981 4656 suis
1007 4585 1226 4674 communia,
1251 4583 1341 4654 sicut
1367 4583 1471 4654 moris
1490 4593 1568 4674 est,
1594 4580 1775 4656 commoda
1806 4579 1979 4652 faciendo.

608 4745 651 4828 (a)
671 4745 720 4809 Slc
733 4761 787 4825 pro
801 4743 947 4806 menotio.
