4374 6010
214 646 311 708 Ιηισῐ.
331 643 394 722 lu]
665 641 864 704 HISTORIA
887 639 1182 704 uluuottaslctt.
1567 643 1623 705 851

259 778 346 846 item
371 775 412 845 de
436 772 593 844 mundato
620 775 708 864 sacto
727 795 789 867 per
812 773 961 865 judicem
992 775 1030 844 Τ.
1058 773 1098 844 dc
1121 771 1244 844 Suessa
1273 773 1400 866 scripsit
1422 775 1560 845 tuccius
1588 775 1627 845 dc

212 901 368 970 Boatrc:

256 1019 481 1100 Fredericue,
500 1027 583 1104 eto,
598 1019 640 1090 R.
660 1017 705 1091 de
720 1019 934 1111 Montenigro
948 1018 1133 1110 justitiario
1150 1019 1253 1090 Terre
1272 1019 1432 1107 Laboris,
1452 1029 1518 1092 etc.
1542 1021 1627 1092 Cum

211 1143 254 1216 de
276 1144 398 1214 innata
414 1141 626 1233 benignitate
645 1151 762 1214 nostra
786 1141 833 1214 de
852 1141 1045 1236 quantitate
1067 1141 1241 1235 presentis
1264 1141 1404 1214 collecte
1429 1142 1627 1214 bominibus

210 1270 336 1340 Suessa
358 1263 522 1336 fidelibus
547 1265 674 1336 nostris
694 1263 857 1358 impositu
881 1273 1019 1336 centum
1037 1263 1158 1335 uncias
1178 1263 1255 1336 auri
1278 1261 1483 1336 duxerimus
1503 1265 1626 1336 remic-

213 1387 354 1478 tendes,
375 1385 532 1459 fidelitati
546 1396 604 1458 tue
622 1385 844 1481 precipiendo
864 1385 1072 1459 mandamus
1088 1395 1259 1479 qnatenus
1277 1385 1322 1458 de
1337 1386 1528 1480 quantitate
1541 1409 1625 1482 pre-

210 1515 299 1588 dicta
316 1511 514 1584 nominatas
529 1520 669 1582 eentum
694 1510 815 1582 uncias
839 1511 925 1604 ipsis
946 1508 1107 1582 fidelibus
1131 1509 1256 1582 nostris
1275 1508 1452 1597 dimicas,
1475 1510 1624 1604 reliquas

210 1637 253 1710 ad
266 1656 358 1729 opus
371 1635 468 1707 cume
483 1643 599 1706 nostre
610 1633 763 1726 recolligi
777 1634 907 1706 iaciens
925 1633 971 1706 ab
988 1631 1135 1706 eisdem.

254 1762 381 1834 Datum
398 1757 548 1845 timelio,
564 1757 657 1830 XVII
676 1755 807 1847 martii,
823 1757 900 1828 Xlll
917 1755 1126 1828 indictionis.

254 1885 339 1955 Item
352 1901 556 1976 responsum
572 1889 626 1954 est
640 1901 746 1974 super
757 1880 823 1952 hoo
834 1878 1050 1952 universitati
1065 1879 1206 1952 Suessa.

259 2443 439 2531 Mandata
457 2449 505 2530 de
523 2447 683 2558 pecunia
702 2449 913 2534 necessario
932 2448 978 2534 G.
1000 2450 1049 2532 de
1074 2447 1200 2532 Cicola
1220 2447 1474 2532 ministranda
1492 2459 1535 2532 ut
1551 2475 1620 2532 re·
1682 2471 1790 2522 amaru-0,

1675 2526 1700 2567 1⁷
1715 2527 1799 2570 munt.

211 2580 353 2686 paratio
371 2581 630 2690 quarumdam
651 2582 857 2666 domorum
879 2582 982 2690 apud
1004 2581 1167 2665 Romam
1188 2579 1371 2690 compleri
1388 2580 1537 2665 debeat.

291 2779 413 2862 (aaut.
429 2781 532 2860 imper.
546 2775 663 2842 medea
678 2781 719 2857 11,
737 2779 790 2842 tol.
805 2789 843 2842 eu
858 2795 960 2856 serso3
976 2781 1007 2841 ln
1020 2779 1091 2842 edit.
1105 2779 1239 2855 Curcum,
1249 2797 1277 2857 p.
1296 2778 1380 2858 utu.)

257 2949 444 3024 Mcadcote
459 2953 590 3024 domiuo
605 2953 800 3048 imperatore
813 2974 877 3046 per
883 2952 1033 3045 judicem
1046 2953 1182 3024 Petrum
1205 2950 1245 3022 de
1270 2952 1371 3022 Viaca
1385 2952 1517 3046 scripsit
1536 2937 1626 3046 Βορ-ο

210 3078 318 3166 parius
337 3076 378 3146 dc
392 3077 530 3148 Saturno
546 3104 558 3147 :

254 3197 468 3290 Fredericus,
485 3209 568 3291 eto,
581 3196 749 3272 Riccardo
761 3195 805 3270 de
820 3198 984 3286 Pulcaro,
999 3207 1065 3272 etc.
1087 3197 1227 3270 Dudum
1240 3198 1423 3271 recolimus
1436 3199 1619 3274 mandasse

212 3319 249 3391 G.
265 3322 310 3394 de
327 3322 441 3396 Cicola
456 3321 548 3395 fideti
561 3333 678 3395 nostro
694 3321 789 3415 quod
805 3342 868 3416 pro
884 3318 1149 3393 robodificandis
1167 3321 1329 3394 domibus
1349 3320 1394 3394 de
1412 3322 1618 3397 Libibazono

212 3458 243 3515 et
264 3446 342 3518 Gilii
365 3446 482 3518 Bibozi
510 3446 639 3518 civium
662 3447 896 3518 Romanorum
922 3445 1065 3516 Romam
1087 3465 1126 3516 se
1151 3443 1294 3518 deberet
1320 3444 1380 3541 (a)
1406 3447 1559 3519 conferre
1584 3458 1619 3521 et

212 3565 343 3640 dedisse
358 3567 493 3662 Angelo
511 3569 556 3642 de
578 3569 690 3642 Murra
705 3567 799 3641 fideli
819 3577 936 3640 nostro
951 3567 1012 3659 qui
1032 3575 1115 3637 tunc
1137 3566 1344 3661 inpartibus
1359 3569 1463 3643 Terre
1478 3571 1618 3644 Laboris

212 3699 242 3760 et
252 3691 465 3785 Principatus
474 3690 749 3784 jurisdictionem
764 3689 949 3762 exercebat
963 3689 1089 3760 nostris
1103 3688 1229 3760 licteris
1243 3689 1279 3760 in
1299 3689 1471 3763 mandatis
1486 3703 1524 3763 ut
1543 3689 1616 3792 [ad]

211 3815 461 3908 requisitionem
479 3814 635 3907 ejusdem
660 3813 701 3886 G.
727 3834 788 3908 pro
811 3812 1025 3908 reparatione
1051 3811 1232 3884 domorum
1255 3812 1410 3907 ipsarum
1430 3815 1496 3886 sibi
1516 3817 1618 3888 suffi-

212 3936 348 4010 cientem
375 3938 558 4034 pccuniam
581 3937 778 4028 exhiberet3
809 3935 870 4030 qui
897 3935 937 4006 G.
958 3936 1061 4027 juxta
1085 3934 1288 4006 mandatum
1314 3945 1470 4008 nostrum
1492 3938 1618 4010 dicitur

212 4061 410 4152 processisse
434 4081 618 4155 quousque
640 4081 700 4155 per
722 4057 885 4132 eumdem
904 4057 1078 4152 Angelum
1102 4057 1170 4130 sibi
1195 4058 1259 4128 tuit
1280 4067 1448 4152 oportuna
1470 4065 1617 4155 pecunia

211 4182 405 4256 ministrata.
426 4185 525 4255 Nunc
545 4190 659 4255 autam
677 4203 722 4253 ne
743 4202 808 4278 per
831 4180 1041 4253 amotionem
1056 4179 1101 4252 ab
1121 4180 1234 4252 officio
1252 4180 1362 4276 ipsius
1388 4179 1509 4276 Angeli
1528 4206 1618 4280 opus

213 4303 385 4379 domorum
404 4307 557 4402 ipsarum
579 4304 741 4400 compleri
763 4304 925 4396 desistat,
943 4303 1028 4376 dum
1052 4325 1122 4377 non
1145 4304 1190 4376 sit
1214 4303 1275 4399 qui
1293 4325 1356 4400 pro
1375 4305 1496 4377 eodem
1513 4329 1617 4402 opere

211 4439 406 4522 oportunam
434 4430 615 4524 pecuniam
634 4427 760 4502 debeat
781 4428 974 4500 ministrare
992 4425 1105 4499 eidem
1126 4425 1185 4511 G.,
1203 4449 1283 4498 cum
1299 4427 1447 4500 velimus
1466 4431 1561 4522 quod
1580 4432 1616 4502 in
1693 4429 1697 4440 '

212 4553 451 4646 complemento
475 4553 626 4648 ipsarum
649 4551 831 4625 domorum
856 4551 972 4623 nullus
991 4549 1160 4624 habeatur
1180 4549 1354 4643 deiectus,
1380 4549 1533 4624 fidelitati
1560 4562 1617 4626 tue

249 4715 291 4796 (a)
310 4721 345 4780 ln
357 4723 498 4798 impresso
512 4715 603 4794 debet,
618 4717 706 4780 mule.
