<?xml version="1.0" encoding="UTF-8"?>
<!DOCTYPE html PUBLIC "-//W3C//DTD XHTML 1.0 Transitional//EN"
    "http://www.w3.org/TR/xhtml1/DTD/xhtml1-transitional.dtd">
<html xmlns="http://www.w3.org/1999/xhtml" xml:lang="en" lang="en">
 <head>
  <title>
</title>
<meta http-equiv="Content-Type" content="text/html;charset=utf-8" />
  <meta name='ocr-system' content='tesseract 3.04.00' />
  <meta name='ocr-capabilities' content='ocr_page ocr_carea ocr_par ocr_line ocrx_word'/>
</head>
<body>
  <div class='ocr_page' id='page_1' title='image "./historiadiploma01fredgoog_0246.png"; bbox 0 0 4374 6010; ppageno 0'>
   <div class='ocr_carea' id='block_1_1' title="bbox 1005 698 1950 782">
    <p class='ocr_par' dir='ltr' id='par_1_1' title="bbox 1005 698 1950 782">
     <span class='ocr_line' id='line_1_1' title="bbox 1005 698 1950 782; baseline 0 -16"><span class='ocrx_word' id='word_1_1' title='bbox 1005 761 1007 766; x_wconf 81' lang='grc'>,</span> <span class='ocrx_word' id='word_1_2' title='bbox 1042 698 1257 763; x_wconf 71' lang='lat' dir='ltr'><strong>turbemer</strong></span> <span class='ocrx_word' id='word_1_3' title='bbox 1281 702 1454 766; x_wconf 69' lang='lat' dir='ltr'><strong>securem</strong></span> <span class='ocrx_word' id='word_1_4' title='bbox 1763 701 1845 782; x_wconf 76' lang='lat' dir='ltr'><strong>[Arar.</strong></span> <span class='ocrx_word' id='word_1_5' title='bbox 1864 703 1950 768; x_wconf 72' lang='grc'>1240.</span> 
     </span>
    </p>
   </div>
   <div class='ocr_carea' id='block_1_2' title="bbox 363 1211 1948 1458">
    <p class='ocr_par' dir='ltr' id='par_1_2' title="bbox 363 1211 1948 1458">
     <span class='ocr_line' id='line_1_2' title="bbox 363 1211 1948 1327; baseline 0.004 -33"><span class='ocrx_word' id='word_1_6' title='bbox 363 1217 486 1327; x_wconf 53' lang='lat' dir='ltr'><strong>{my</strong></span> <span class='ocrx_word' id='word_1_7' title='bbox 591 1211 754 1298; x_wconf 77' lang='lat' dir='ltr'>Litterae</span> <span class='ocrx_word' id='word_1_8' title='bbox 769 1213 1010 1324; x_wconf 81' lang='lat' dir='ltr'><strong>responsales</strong></span> <span class='ocrx_word' id='word_1_9' title='bbox 1026 1215 1077 1298; x_wconf 91' lang='lat' dir='ltr'><strong>ad</strong></span> <span class='ocrx_word' id='word_1_10' title='bbox 1087 1214 1337 1325; x_wconf 81' lang='lat' dir='ltr'><strong>justitiarium</strong></span> <span class='ocrx_word' id='word_1_11' title='bbox 1354 1215 1503 1302; x_wconf 82' lang='lat' dir='ltr'><strong>Siciliae</strong></span> <span class='ocrx_word' id='word_1_12' title='bbox 1524 1216 1620 1300; x_wconf 85' lang='lat' dir='ltr'><strong>citra</strong></span> <span class='ocrx_word' id='word_1_13' title='bbox 1638 1215 1784 1302; x_wconf 86' lang='lat' dir='ltr'><strong>flumen</strong></span> <span class='ocrx_word' id='word_1_14' title='bbox 1794 1216 1948 1300; x_wconf 83' lang='lat' dir='ltr'><strong>Salsum</strong></span> 
     </span>
     <span class='ocr_line' id='line_1_3' title="bbox 538 1343 1619 1458; baseline 0.005 -31"><span class='ocrx_word' id='word_1_15' title='bbox 538 1343 587 1428; x_wconf 89' lang='lat' dir='ltr'><strong>de</strong></span> <span class='ocrx_word' id='word_1_16' title='bbox 603 1344 786 1430; x_wconf 87' lang='lat' dir='ltr'><strong>diletione</strong></span> <span class='ocrx_word' id='word_1_17' title='bbox 802 1346 975 1458; x_wconf 81' lang='lat' dir='ltr'><strong>responsi</strong></span> <span class='ocrx_word' id='word_1_18' title='bbox 991 1356 1030 1430; x_wconf 90' lang='lat' dir='ltr'><strong>et</strong></span> <span class='ocrx_word' id='word_1_19' title='bbox 1046 1347 1096 1431; x_wconf 92' lang='lat' dir='ltr'><strong>de</strong></span> <span class='ocrx_word' id='word_1_20' title='bbox 1112 1347 1228 1432; x_wconf 88' lang='lat' dir='ltr'><strong>mulis</strong></span> <span class='ocrx_word' id='word_1_21' title='bbox 1246 1350 1297 1433; x_wconf 92' lang='lat' dir='ltr'><strong>ad</strong></span> <span class='ocrx_word' id='word_1_22' title='bbox 1313 1350 1460 1433; x_wconf 78' lang='lat' dir='ltr'><strong>nudam</strong></span> <span class='ocrx_word' id='word_1_23' title='bbox 1477 1349 1619 1432; x_wconf 87' lang='lat' dir='ltr'><strong>missis.</strong></span> 
     </span>
    </p>
   </div>
   <div class='ocr_carea' id='block_1_3' title="bbox 620 1547 1726 1632">
    <p class='ocr_par' dir='ltr' id='par_1_3' title="bbox 620 1547 1726 1632">
     <span class='ocr_line' id='line_1_4' title="bbox 620 1547 1726 1632; baseline 0.003 -22"><span class='ocrx_word' id='word_1_24' title='bbox 620 1547 749 1630; x_wconf 71' lang='lat' dir='ltr'><strong>(neque.</strong></span> <span class='ocrx_word' id='word_1_25' title='bbox 763 1549 867 1630; x_wconf 80' lang='lat' dir='ltr'><strong>imper.</strong></span> <span class='ocrx_word' id='word_1_26' title='bbox 880 1547 1001 1610; x_wconf 78' lang='lat' dir='ltr'><strong>Frcdcr.</strong></span> <span class='ocrx_word' id='word_1_27' title='bbox 1016 1551 1060 1624; x_wconf 85' lang='lat'><strong>11,</strong></span> <span class='ocrx_word' id='word_1_28' title='bbox 1074 1549 1126 1611; x_wconf 81' lang='lat' dir='ltr'><strong>ful.</strong></span> <span class='ocrx_word' id='word_1_29' title='bbox 1142 1559 1180 1611; x_wconf 78' lang='grc'><strong>95</strong></span> <span class='ocrx_word' id='word_1_30' title='bbox 1195 1569 1294 1626; x_wconf 63' lang='lat' dir='ltr'><strong>ueram</strong></span> <span class='ocrx_word' id='word_1_31' title='bbox 1311 1555 1344 1612; x_wconf 91' lang='lat' dir='ltr'><strong>ln</strong></span> <span class='ocrx_word' id='word_1_32' title='bbox 1356 1551 1428 1616; x_wconf 83' lang='lat' dir='ltr'><strong>edit.</strong></span> <span class='ocrx_word' id='word_1_33' title='bbox 1444 1551 1580 1628; x_wconf 73' lang='lat' dir='ltr'><strong>Cnreen„</strong></span> <span class='ocrx_word' id='word_1_34' title='bbox 1594 1569 1627 1632; x_wconf 88' lang='lat' dir='ltr'><strong>p.</strong></span> <span class='ocrx_word' id='word_1_35' title='bbox 1643 1551 1726 1630; x_wconf 78' lang='lat'><strong>890.)</strong></span> 
     </span>
    </p>
   </div>
   <div class='ocr_carea' id='block_1_4' title="bbox 534 1723 1954 2922">
    <p class='ocr_par' dir='ltr' id='par_1_4' title="bbox 537 1723 1951 1936">
     <span class='ocr_line' id='line_1_5' title="bbox 587 1723 1951 1818; baseline -0.001 -22"><span class='ocrx_word' id='word_1_36' title='bbox 587 1723 636 1795; x_wconf 86' lang='lat' dir='ltr'><strong>De</strong></span> <span class='ocrx_word' id='word_1_37' title='bbox 648 1724 819 1817; x_wconf 81' lang='lat' dir='ltr'><strong>imperiali</strong></span> <span class='ocrx_word' id='word_1_38' title='bbox 830 1724 988 1797; x_wconf 83' lang='lat' dir='ltr'><strong>mundate</strong></span> <span class='ocrx_word' id='word_1_39' title='bbox 1001 1727 1090 1816; x_wconf 82' lang='lat' dir='ltr'><strong>sactu</strong></span> <span class='ocrx_word' id='word_1_40' title='bbox 1094 1775 1381 1799; x_wconf 90' lang='grc'><strong>........</strong></span> <span class='ocrx_word' id='word_1_41' title='bbox 1381 1803 1383 1807; x_wconf 57' lang='grc'>,</span> <span class='ocrx_word' id='word_1_42' title='bbox 1413 1775 1790 1798; x_wconf 91' lang='grc'><strong>..........</strong></span> <span class='ocrx_word' id='word_1_43' title='bbox 1816 1746 1833 1794; x_wconf 78' lang='lat' dir='ltr'><strong>s</strong></span> <span class='ocrx_word' id='word_1_44' title='bbox 1834 1725 1951 1818; x_wconf 74' lang='lat' dir='ltr'><strong>eripuit</strong></span> 
     </span>
     <span class='ocr_line' id='line_1_6' title="bbox 537 1846 760 1936; baseline 0.004 -19"><span class='ocrx_word' id='word_1_45' title='bbox 537 1846 760 1936; x_wconf 69' lang='lat' dir='ltr'><strong>Laurentius.-</strong></span> 
     </span>
    </p>

    <p class='ocr_par' dir='ltr' id='par_1_5' title="bbox 534 1967 1954 2922">
     <span class='ocr_line' id='line_1_7' title="bbox 586 1967 1950 2064; baseline 0.002 -24"><span class='ocrx_word' id='word_1_46' title='bbox 586 1968 804 2056; x_wconf 64' lang='lat' dir='ltr'><strong>heduinus,</strong></span> <span class='ocrx_word' id='word_1_47' title='bbox 828 1977 912 2061; x_wconf 79' lang='lat' dir='ltr'><strong>etc,</strong></span> <span class='ocrx_word' id='word_1_48' title='bbox 934 1969 976 2042; x_wconf 89' lang='lat' dir='ltr'><strong>G.</strong></span> <span class='ocrx_word' id='word_1_49' title='bbox 1004 1967 1050 2042; x_wconf 90' lang='lat' dir='ltr'><strong>de</strong></span> <span class='ocrx_word' id='word_1_50' title='bbox 1075 1969 1236 2064; x_wconf 78' lang='lat' dir='ltr'><strong>Anglono</strong></span> <span class='ocrx_word' id='word_1_51' title='bbox 1252 1969 1439 2059; x_wconf 74' lang='lat' dir='ltr'><strong>instillario</strong></span> <span class='ocrx_word' id='word_1_52' title='bbox 1465 1969 1580 2043; x_wconf 81' lang='lat' dir='ltr'><strong>Sicilie</strong></span> <span class='ocrx_word' id='word_1_53' title='bbox 1607 1969 1693 2043; x_wconf 88' lang='lat' dir='ltr'><strong>citra</strong></span> <span class='ocrx_word' id='word_1_54' title='bbox 1714 1970 1844 2042; x_wconf 88' lang='lat' dir='ltr'><strong>llumen</strong></span> <span class='ocrx_word' id='word_1_55' title='bbox 1867 1971 1950 2043; x_wconf 89' lang='lat' dir='ltr'><strong>Sal-</strong></span> 
     </span>
     <span class='ocr_line' id='line_1_8' title="bbox 537 2092 1949 2188; baseline 0.002 -24"><span class='ocrx_word' id='word_1_56' title='bbox 537 2113 629 2184; x_wconf 87' lang='lat' dir='ltr'><strong>sum,</strong></span> <span class='ocrx_word' id='word_1_57' title='bbox 646 2101 731 2184; x_wconf 82' lang='lat' dir='ltr'><strong>etc,</strong></span> <span class='ocrx_word' id='word_1_58' title='bbox 746 2093 909 2183; x_wconf 77' lang='lat' dir='ltr'><strong>Licterus,</strong></span> <span class='ocrx_word' id='word_1_59' title='bbox 924 2102 993 2166; x_wconf 88' lang='lat' dir='ltr'><strong>etc.</strong></span> <span class='ocrx_word' id='word_1_60' title='bbox 1008 2093 1099 2179; x_wconf 83' lang='lat' dir='ltr'><strong>Quis</strong></span> <span class='ocrx_word' id='word_1_61' title='bbox 1113 2115 1200 2166; x_wconf 86' lang='lat' dir='ltr'><strong>vero</strong></span> <span class='ocrx_word' id='word_1_62' title='bbox 1217 2092 1264 2166; x_wconf 87' lang='lat' dir='ltr'><strong>ed</strong></span> <span class='ocrx_word' id='word_1_63' title='bbox 1280 2093 1486 2188; x_wconf 86' lang='lat' dir='ltr'><strong>presentium</strong></span> <span class='ocrx_word' id='word_1_64' title='bbox 1504 2101 1654 2166; x_wconf 88' lang='lat' dir='ltr'><strong>nostram</strong></span> <span class='ocrx_word' id='word_1_65' title='bbox 1671 2113 1710 2165; x_wconf 89' lang='lat' dir='ltr'><strong>es</strong></span> <span class='ocrx_word' id='word_1_66' title='bbox 1727 2102 1895 2166; x_wconf 85' lang='lat' dir='ltr'><strong>venturus</strong></span> <span class='ocrx_word' id='word_1_67' title='bbox 1910 2094 1949 2167; x_wconf 92' lang='lat' dir='ltr'><strong>in</strong></span> 
     </span>
     <span class='ocr_line' id='line_1_9' title="bbox 536 2214 1951 2312; baseline 0.001 -25"><span class='ocrx_word' id='word_1_68' title='bbox 536 2214 654 2308; x_wconf 87' lang='lat' dir='ltr'><strong>brevi,</strong></span> <span class='ocrx_word' id='word_1_69' title='bbox 672 2225 775 2310; x_wconf 87' lang='lat' dir='ltr'><strong>prout</strong></span> <span class='ocrx_word' id='word_1_70' title='bbox 796 2215 859 2288; x_wconf 92' lang='lat' dir='ltr'><strong>tibi</strong></span> <span class='ocrx_word' id='word_1_71' title='bbox 875 2215 1013 2290; x_wconf 80' lang='lat' dir='ltr'><strong>dedisse</strong></span> <span class='ocrx_word' id='word_1_72' title='bbox 1029 2217 1213 2290; x_wconf 89' lang='lat' dir='ltr'><strong>recolimus</strong></span> <span class='ocrx_word' id='word_1_73' title='bbox 1232 2217 1269 2288; x_wconf 90' lang='lat' dir='ltr'><strong>in</strong></span> <span class='ocrx_word' id='word_1_74' title='bbox 1286 2215 1475 2308; x_wconf 83' lang='lat' dir='ltr'><strong>mundetis,</strong></span> <span class='ocrx_word' id='word_1_75' title='bbox 1501 2215 1711 2312; x_wconf 72' lang='lat' dir='ltr'><strong>suspendere</strong></span> <span class='ocrx_word' id='word_1_76' title='bbox 1730 2217 1792 2288; x_wconf 84' lang='lat' dir='ltr'><strong>tibi</strong></span> <span class='ocrx_word' id='word_1_77' title='bbox 1810 2215 1856 2290; x_wconf 87' lang='lat' dir='ltr'><strong>ud</strong></span> <span class='ocrx_word' id='word_1_78' title='bbox 1874 2217 1951 2288; x_wconf 88' lang='lat' dir='ltr'><strong>sin·</strong></span> 
     </span>
     <span class='ocr_line' id='line_1_10' title="bbox 536 2338 1952 2435; baseline 0.004 -26"><span class='ocrx_word' id='word_1_79' title='bbox 536 2340 618 2435; x_wconf 79' lang='lat' dir='ltr'><strong>gula</strong></span> <span class='ocrx_word' id='word_1_80' title='bbox 646 2360 757 2435; x_wconf 89' lang='lat' dir='ltr'><strong>usque</strong></span> <span class='ocrx_word' id='word_1_81' title='bbox 781 2338 871 2413; x_wconf 87' lang='lat' dir='ltr'><strong>adeo</strong></span> <span class='ocrx_word' id='word_1_82' title='bbox 896 2339 1095 2414; x_wconf 76' lang='lat' dir='ltr'><strong>distulimus</strong></span> <span class='ocrx_word' id='word_1_83' title='bbox 1120 2361 1192 2435; x_wconf 89' lang='lat' dir='ltr'><strong>quo</strong></span> <span class='ocrx_word' id='word_1_84' title='bbox 1214 2341 1464 2435; x_wconf 78' lang='lat' dir='ltr'><strong>presentialiter</strong></span> <span class='ocrx_word' id='word_1_85' title='bbox 1488 2339 1614 2414; x_wconf 83' lang='lat' dir='ltr'><strong>nudius</strong></span> <span class='ocrx_word' id='word_1_86' title='bbox 1638 2349 1793 2412; x_wconf 80' lang='lat' dir='ltr'><strong>nostrum</strong></span> <span class='ocrx_word' id='word_1_87' title='bbox 1816 2339 1952 2414; x_wconf 80' lang='lat' dir='ltr'><strong>exinde</strong></span> 
     </span>
     <span class='ocr_line' id='line_1_11' title="bbox 536 2459 1951 2558; baseline -0.001 -23"><span class='ocrx_word' id='word_1_88' title='bbox 536 2461 790 2558; x_wconf 87' lang='lat' dir='ltr'><strong>beneplacitum</strong></span> <span class='ocrx_word' id='word_1_89' title='bbox 809 2473 844 2536; x_wconf 86' lang='lat' dir='ltr'><strong>et</strong></span> <span class='ocrx_word' id='word_1_90' title='bbox 871 2461 1086 2536; x_wconf 87' lang='lat' dir='ltr'><strong>mandatum.</strong></span> <span class='ocrx_word' id='word_1_91' title='bbox 1111 2463 1246 2534; x_wconf 85' lang='lat' dir='ltr'><strong>blulurn</strong></span> <span class='ocrx_word' id='word_1_92' title='bbox 1268 2461 1389 2534; x_wconf 90' lang='lat' dir='ltr'><strong>datum</strong></span> <span class='ocrx_word' id='word_1_93' title='bbox 1411 2463 1515 2536; x_wconf 88' lang='lat' dir='ltr'><strong>nobis</strong></span> <span class='ocrx_word' id='word_1_94' title='bbox 1536 2483 1559 2534; x_wconf 86' lang='lat' dir='ltr'><strong>a</strong></span> <span class='ocrx_word' id='word_1_95' title='bbox 1582 2463 1763 2534; x_wconf 88' lang='lat' dir='ltr'><strong>Guillelmo</strong></span> <span class='ocrx_word' id='word_1_96' title='bbox 1786 2459 1951 2534; x_wconf 84' lang='lat' dir='ltr'><strong>Pedcvil·</strong></span> 
     </span>
     <span class='ocr_line' id='line_1_12' title="bbox 536 2584 1952 2679; baseline 0.001 -21"><span class='ocrx_word' id='word_1_97' title='bbox 536 2587 616 2659; x_wconf 87' lang='lat' dir='ltr'><strong>lene</strong></span> <span class='ocrx_word' id='word_1_98' title='bbox 635 2596 670 2658; x_wconf 85' lang='lat' dir='ltr'><strong>et</strong></span> <span class='ocrx_word' id='word_1_99' title='bbox 691 2587 820 2658; x_wconf 87' lang='lat' dir='ltr'><strong>mulam</strong></span> <span class='ocrx_word' id='word_1_100' title='bbox 843 2585 1006 2659; x_wconf 67' lang='lat' dir='ltr'><strong>donnum</strong></span> <span class='ocrx_word' id='word_1_101' title='bbox 1029 2586 1129 2658; x_wconf 89' lang='lat' dir='ltr'><strong>nubis</strong></span> <span class='ocrx_word' id='word_1_102' title='bbox 1149 2585 1308 2658; x_wconf 87' lang='lat' dir='ltr'><strong>similiter</strong></span> <span class='ocrx_word' id='word_1_103' title='bbox 1322 2586 1367 2658; x_wconf 88' lang='lat' dir='ltr'><strong>ab</strong></span> <span class='ocrx_word' id='word_1_104' title='bbox 1385 2587 1511 2660; x_wconf 80' lang='lat' dir='ltr'><strong>abbate</strong></span> <span class='ocrx_word' id='word_1_105' title='bbox 1530 2585 1645 2658; x_wconf 79' lang='lat' dir='ltr'><strong>Sancti</strong></span> <span class='ocrx_word' id='word_1_106' title='bbox 1662 2585 1753 2659; x_wconf 90' lang='lat' dir='ltr'><strong>Petri</strong></span> <span class='ocrx_word' id='word_1_107' title='bbox 1774 2584 1821 2658; x_wconf 92' lang='lat' dir='ltr'><strong>de</strong></span> <span class='ocrx_word' id='word_1_108' title='bbox 1838 2585 1952 2679; x_wconf 78' lang='lat' dir='ltr'><strong>Regio</strong></span> 
     </span>
     <span class='ocr_line' id='line_1_13' title="bbox 534 2707 1952 2806; baseline -0.001 -24"><span class='ocrx_word' id='word_1_109' title='bbox 534 2719 679 2804; x_wconf 85' lang='lat' dir='ltr'><strong>questu</strong></span> <span class='ocrx_word' id='word_1_110' title='bbox 698 2708 1061 2783; x_wconf 88' lang='lat' dir='ltr'><strong>adcuriamnustram</strong></span> <span class='ocrx_word' id='word_1_111' title='bbox 1082 2708 1222 2800; x_wconf 87' lang='lat' dir='ltr'><strong>misisti,</strong></span> <span class='ocrx_word' id='word_1_112' title='bbox 1248 2710 1345 2783; x_wconf 88' lang='lat' dir='ltr'><strong>curia</strong></span> <span class='ocrx_word' id='word_1_113' title='bbox 1368 2719 1485 2784; x_wconf 82' lang='lat' dir='ltr'><strong>nostru</strong></span> <span class='ocrx_word' id='word_1_114' title='bbox 1508 2710 1635 2806; x_wconf 87' lang='lat' dir='ltr'><strong>recepit</strong></span> <span class='ocrx_word' id='word_1_115' title='bbox 1661 2729 1724 2804; x_wconf 88' lang='lat' dir='ltr'><strong>per</strong></span> <span class='ocrx_word' id='word_1_116' title='bbox 1749 2707 1952 2804; x_wconf 80' lang='lat' dir='ltr'><strong>predictum</strong></span> 
     </span>
     <span class='ocr_line' id='line_1_14' title="bbox 536 2831 1954 2922; baseline -0.001 -16"><span class='ocrx_word' id='word_1_117' title='bbox 536 2834 696 2906; x_wconf 90' lang='lat' dir='ltr'><strong>nuntium</strong></span> <span class='ocrx_word' id='word_1_118' title='bbox 712 2841 811 2906; x_wconf 90' lang='lat' dir='ltr'><strong>tuum</strong></span> <span class='ocrx_word' id='word_1_119' title='bbox 833 2833 1002 2906; x_wconf 83' lang='lat' dir='ltr'><strong>lecchum</strong></span> <span class='ocrx_word' id='word_1_120' title='bbox 1018 2831 1065 2906; x_wconf 90' lang='lat' dir='ltr'><strong>de</strong></span> <span class='ocrx_word' id='word_1_121' title='bbox 1081 2831 1239 2922; x_wconf 78' lang='lat' dir='ltr'><strong>lentico,</strong></span> <span class='ocrx_word' id='word_1_122' title='bbox 1257 2843 1293 2906; x_wconf 88' lang='lat' dir='ltr'><strong>et</strong></span> <span class='ocrx_word' id='word_1_123' title='bbox 1311 2832 1358 2907; x_wconf 91' lang='lat' dir='ltr'><strong>de</strong></span> <span class='ocrx_word' id='word_1_124' title='bbox 1372 2833 1448 2906; x_wconf 88' lang='lat' dir='ltr'><strong>aliis</strong></span> <span class='ocrx_word' id='word_1_125' title='bbox 1467 2833 1578 2906; x_wconf 85' lang='lat' dir='ltr'><strong>tribus</strong></span> <span class='ocrx_word' id='word_1_126' title='bbox 1594 2833 1697 2905; x_wconf 86' lang='lat' dir='ltr'><strong>mulis</strong></span> <span class='ocrx_word' id='word_1_127' title='bbox 1716 2833 1779 2904; x_wconf 90' lang='lat' dir='ltr'><strong>tibi</strong></span> <span class='ocrx_word' id='word_1_128' title='bbox 1795 2832 1954 2908; x_wconf 88' lang='lat' dir='ltr'><strong>mictitur</strong></span> 
     </span>
    </p>
   </div>
   <div class='ocr_carea' id='block_1_5' title="bbox 535 2955 699 3053">
    <p class='ocr_par' dir='ltr' id='par_1_6' title="bbox 535 2955 699 3053">
     <span class='ocr_line' id='line_1_15' title="bbox 535 2955 699 3053; baseline -0.012 -23"><span class='ocrx_word' id='word_1_129' title='bbox 535 2955 699 3053; x_wconf 56' lang='lat' dir='ltr'><strong>opusne.</strong></span> 
     </span>
    </p>
   </div>
   <div class='ocr_carea' id='block_1_6' title="bbox 585 3029 1419 3176">
    <p class='ocr_par' dir='ltr' id='par_1_7' title="bbox 585 3029 1419 3176">
     <span class='ocr_line' id='line_1_16' title="bbox 585 3029 1419 3176; baseline -0.002 -22"><span class='ocrx_word' id='word_1_130' title='bbox 585 3081 711 3154; x_wconf 75' lang='lat' dir='ltr'><strong>nauum</strong></span> <span class='ocrx_word' id='word_1_131' title='bbox 726 3080 885 3172; x_wconf 73' lang='lat' dir='ltr'><strong>nuens,</strong></span> <span class='ocrx_word' id='word_1_132' title='bbox 901 3080 946 3152; x_wconf 91' lang='lat'><strong>111</strong></span> <span class='ocrx_word' id='word_1_133' title='bbox 962 3029 1193 3176; x_wconf 44' lang='lat' dir='ltr'><strong>epern&#39;xur</strong></span> <span class='ocrx_word' id='word_1_134' title='bbox 1207 3079 1419 3154; x_wconf 81' lang='lat' dir='ltr'><strong>indictionis.</strong></span> 
     </span>
    </p>
   </div>
   <div class='ocr_carea' id='block_1_7' title="bbox 387 3627 1957 4028">
    <p class='ocr_par' dir='ltr' id='par_1_8' title="bbox 387 3627 1957 4028">
     <span class='ocr_line' id='line_1_17' title="bbox 387 3627 1957 3774; baseline -0.003 -37"><span class='ocrx_word' id='word_1_135' title='bbox 387 3741 400 3774; x_wconf 43' lang='grc' dir='ltr'>ι</span> <span class='ocrx_word' id='word_1_136' title='bbox 470 3705 478 3731; x_wconf 82' lang='lat'><strong>·</strong></span> <span class='ocrx_word' id='word_1_137' title='bbox 588 3627 811 3738; x_wconf 77' lang='lat' dir='ltr'><strong>Mandalum</strong></span> <span class='ocrx_word' id='word_1_138' title='bbox 830 3651 880 3734; x_wconf 91' lang='lat' dir='ltr'><strong>ad</strong></span> <span class='ocrx_word' id='word_1_139' title='bbox 897 3649 1124 3734; x_wconf 84' lang='lat' dir='ltr'><strong>Riccerdum</strong></span> <span class='ocrx_word' id='word_1_140' title='bbox 1141 3650 1190 3734; x_wconf 89' lang='lat' dir='ltr'><strong>de</strong></span> <span class='ocrx_word' id='word_1_141' title='bbox 1206 3649 1367 3732; x_wconf 87' lang='lat' dir='ltr'><strong>Pulcaro</strong></span> <span class='ocrx_word' id='word_1_142' title='bbox 1389 3661 1432 3732; x_wconf 90' lang='lat' dir='ltr'><strong>ut</strong></span> <span class='ocrx_word' id='word_1_143' title='bbox 1449 3649 1529 3732; x_wconf 81' lang='lat' dir='ltr'><strong>vice</strong></span> <span class='ocrx_word' id='word_1_144' title='bbox 1547 3646 1684 3758; x_wconf 82' lang='lat' dir='ltr'><strong>Angeli</strong></span> <span class='ocrx_word' id='word_1_145' title='bbox 1707 3646 1756 3730; x_wconf 91' lang='lat' dir='ltr'><strong>de</strong></span> <span class='ocrx_word' id='word_1_146' title='bbox 1775 3647 1902 3734; x_wconf 83' lang='lat' dir='ltr'><strong>Marna</strong></span> <span class='ocrx_word' id='word_1_147' title='bbox 1924 3675 1957 3732; x_wconf 89' lang='lat' dir='ltr'><strong>e·</strong></span> 
     </span>
     <span class='ocr_line' id='line_1_18' title="bbox 535 3780 1948 3891; baseline -0.005 -22"><span class='ocrx_word' id='word_1_148' title='bbox 535 3783 723 3870; x_wconf 88' lang='lat' dir='ltr'><strong>Palmerio</strong></span> <span class='ocrx_word' id='word_1_149' title='bbox 740 3784 789 3866; x_wconf 91' lang='lat' dir='ltr'><strong>de</strong></span> <span class='ocrx_word' id='word_1_150' title='bbox 808 3781 921 3868; x_wconf 82' lang='lat' dir='ltr'><strong>Celve</strong></span> <span class='ocrx_word' id='word_1_151' title='bbox 937 3793 975 3868; x_wconf 90' lang='lat' dir='ltr'><strong>et</strong></span> <span class='ocrx_word' id='word_1_152' title='bbox 992 3783 1143 3868; x_wconf 87' lang='lat' dir='ltr'><strong>Crescio</strong></span> <span class='ocrx_word' id='word_1_153' title='bbox 1155 3781 1386 3868; x_wconf 85' lang='lat' dir='ltr'><strong>Amalfitsuo</strong></span> <span class='ocrx_word' id='word_1_154' title='bbox 1403 3807 1475 3891; x_wconf 88' lang='lat' dir='ltr'><strong>pru</strong></span> <span class='ocrx_word' id='word_1_155' title='bbox 1491 3790 1599 3890; x_wconf 86' lang='lat' dir='ltr'><strong>parte</strong></span> <span class='ocrx_word' id='word_1_156' title='bbox 1615 3780 1744 3864; x_wconf 85' lang='lat' dir='ltr'><strong>curiae</strong></span> <span class='ocrx_word' id='word_1_157' title='bbox 1760 3781 1948 3864; x_wconf 86' lang='lat' dir='ltr'><strong>rationem</strong></span> 
     </span>
     <span class='ocr_line' id='line_1_19' title="bbox 534 3915 963 4028; baseline -0.012 -26"><span class='ocrx_word' id='word_1_158' title='bbox 534 3917 691 4028; x_wconf 90' lang='lat' dir='ltr'><strong>recipiet</strong></span> <span class='ocrx_word' id='word_1_159' title='bbox 707 3926 745 4000; x_wconf 88' lang='lat' dir='ltr'><strong>et</strong></span> <span class='ocrx_word' id='word_1_160' title='bbox 761 3915 963 4024; x_wconf 85' lang='lat' dir='ltr'><strong>compleat.</strong></span> 
     </span>
    </p>
   </div>
   <div class='ocr_carea' id='block_1_8' title="bbox 616 4111 1714 4202">
    <p class='ocr_par' dir='ltr' id='par_1_9' title="bbox 616 4111 1714 4202">
     <span class='ocr_line' id='line_1_20' title="bbox 616 4111 1714 4202; baseline -0.004 -24"><span class='ocrx_word' id='word_1_161' title='bbox 616 4116 743 4202; x_wconf 72' lang='lat' dir='ltr'><strong>(depost.</strong></span> <span class='ocrx_word' id='word_1_162' title='bbox 754 4117 859 4196; x_wconf 76' lang='lat' dir='ltr'><strong>imper.</strong></span> <span class='ocrx_word' id='word_1_163' title='bbox 873 4113 990 4176; x_wconf 74' lang='lat' dir='ltr'><strong>dbcdcr.</strong></span> <span class='ocrx_word' id='word_1_164' title='bbox 1006 4115 1046 4193; x_wconf 79' lang='grc' dir='ltr'><strong>ΙΙ,</strong></span> <span class='ocrx_word' id='word_1_165' title='bbox 1061 4114 1170 4192; x_wconf 70' lang='lat' dir='ltr'><strong>lutee</strong></span> <span class='ocrx_word' id='word_1_166' title='bbox 1184 4131 1285 4192; x_wconf 61' lang='lat' dir='ltr'><strong>verum</strong></span> <span class='ocrx_word' id='word_1_167' title='bbox 1299 4117 1333 4176; x_wconf 86' lang='lat' dir='ltr'><strong>ln</strong></span> <span class='ocrx_word' id='word_1_168' title='bbox 1344 4115 1416 4177; x_wconf 86' lang='lat' dir='ltr'><strong>edit.</strong></span> <span class='ocrx_word' id='word_1_169' title='bbox 1432 4115 1569 4193; x_wconf 70' lang='lat' dir='ltr'><strong>Curcum,</strong></span> <span class='ocrx_word' id='word_1_170' title='bbox 1583 4129 1613 4192; x_wconf 92' lang='lat' dir='ltr'><strong>p.</strong></span> <span class='ocrx_word' id='word_1_171' title='bbox 1629 4111 1714 4192; x_wconf 78' lang='lat' dir='ltr'><strong>teo.)</strong></span> 
     </span>
    </p>
   </div>
   <div class='ocr_carea' id='block_1_9' title="bbox 532 4284 1959 4881">
    <p class='ocr_par' dir='ltr' id='par_1_10' title="bbox 532 4284 1959 4881">
     <span class='ocr_line' id='line_1_21' title="bbox 584 4284 1948 4386; baseline -0.004 -24"><span class='ocrx_word' id='word_1_172' title='bbox 584 4293 631 4362; x_wconf 87' lang='lat' dir='ltr'><strong>lle</strong></span> <span class='ocrx_word' id='word_1_173' title='bbox 648 4290 820 4386; x_wconf 72' lang='lat' dir='ltr'><strong>imperiali</strong></span> <span class='ocrx_word' id='word_1_174' title='bbox 837 4287 995 4362; x_wconf 74' lang='lat' dir='ltr'><strong>medulo</strong></span> <span class='ocrx_word' id='word_1_175' title='bbox 1018 4292 1106 4382; x_wconf 84' lang='lat' dir='ltr'><strong>[unte</strong></span> <span class='ocrx_word' id='word_1_176' title='bbox 1125 4312 1187 4385; x_wconf 84' lang='lat' dir='ltr'><strong>per</strong></span> <span class='ocrx_word' id='word_1_177' title='bbox 1205 4290 1400 4384; x_wconf 79' lang='lat' dir='ltr'><strong>mapistrum</strong></span> <span class='ocrx_word' id='word_1_178' title='bbox 1419 4290 1586 4363; x_wconf 75' lang='lat' dir='ltr'><strong>elbertum</strong></span> <span class='ocrx_word' id='word_1_179' title='bbox 1604 4287 1738 4381; x_wconf 62' lang='lat' dir='ltr'><strong>scripu</strong></span> <span class='ocrx_word' id='word_1_180' title='bbox 1754 4285 1794 4358; x_wconf 86' lang='lat' dir='ltr'><strong>G.</strong></span> <span class='ocrx_word' id='word_1_181' title='bbox 1818 4284 1859 4356; x_wconf 88' lang='lat' dir='ltr'><strong>de</strong></span> <span class='ocrx_word' id='word_1_182' title='bbox 1879 4284 1948 4357; x_wconf 85' lang='lat' dir='ltr'><strong>Gu-</strong></span> 
     </span>
     <span class='ocr_line' id='line_1_22' title="bbox 593 4415 666 4486; baseline 0 0"><span class='ocrx_word' id='word_1_183' title='bbox 593 4415 640 4486; x_wconf 85' lang='lat' dir='ltr'><strong>tin</strong></span> <span class='ocrx_word' id='word_1_184' title='bbox 652 4441 666 4484; x_wconf 94' lang='grc'><strong>.·</strong></span> 
     </span>
     <span class='ocr_line' id='line_1_23' title="bbox 533 4439 1959 4632; baseline -0.005 -22"><span class='ocrx_word' id='word_1_185' title='bbox 533 4439 797 4628; x_wconf 54' lang='grc' dir='ltr'><strong>ιςθηἰῖτοόοιήοιιε,</strong></span> <span class='ocrx_word' id='word_1_186' title='bbox 818 4544 884 4610; x_wconf 87' lang='lat' dir='ltr'><strong>etc.</strong></span> <span class='ocrx_word' id='word_1_187' title='bbox 903 4535 1071 4611; x_wconf 83' lang='lat' dir='ltr'><strong>Riccnrdu</strong></span> <span class='ocrx_word' id='word_1_188' title='bbox 1088 4534 1133 4610; x_wconf 90' lang='lat' dir='ltr'><strong>de</strong></span> <span class='ocrx_word' id='word_1_189' title='bbox 1149 4535 1310 4628; x_wconf 79' lang='lat' dir='ltr'><strong>Pulcero‚</strong></span> <span class='ocrx_word' id='word_1_190' title='bbox 1329 4545 1396 4610; x_wconf 89' lang='lat' dir='ltr'><strong>etc.</strong></span> <span class='ocrx_word' id='word_1_191' title='bbox 1413 4535 1596 4632; x_wconf 87' lang='lat' dir='ltr'><strong>Scripsisse</strong></span> <span class='ocrx_word' id='word_1_192' title='bbox 1611 4533 1747 4609; x_wconf 87' lang='lat' dir='ltr'><strong>dudum</strong></span> <span class='ocrx_word' id='word_1_193' title='bbox 1762 4531 1959 4606; x_wconf 81' lang='lat' dir='ltr'><strong>recolimus.</strong></span> 
     </span>
     <span class='ocr_line' id='line_1_24' title="bbox 533 4655 1948 4756; baseline -0.004 -22"><span class='ocrx_word' id='word_1_194' title='bbox 533 4662 667 4755; x_wconf 76' lang='lat' dir='ltr'><strong>Angelo</strong></span> <span class='ocrx_word' id='word_1_195' title='bbox 685 4659 730 4733; x_wconf 90' lang='lat' dir='ltr'><strong>de</strong></span> <span class='ocrx_word' id='word_1_196' title='bbox 744 4660 856 4732; x_wconf 86' lang='lat' dir='ltr'><strong>Merra</strong></span> <span class='ocrx_word' id='word_1_197' title='bbox 873 4659 1108 4756; x_wconf 78' lang='lat' dir='ltr'><strong>predecessori</strong></span> <span class='ocrx_word' id='word_1_198' title='bbox 1131 4669 1191 4732; x_wconf 93' lang='lat' dir='ltr'><strong>tuo</strong></span> <span class='ocrx_word' id='word_1_199' title='bbox 1206 4657 1302 4732; x_wconf 88' lang='lat' dir='ltr'><strong>fideli</strong></span> <span class='ocrx_word' id='word_1_200' title='bbox 1317 4668 1436 4733; x_wconf 90' lang='lat' dir='ltr'><strong>nostru</strong></span> <span class='ocrx_word' id='word_1_201' title='bbox 1451 4669 1527 4733; x_wconf 90' lang='lat' dir='ltr'><strong>uta</strong></span> <span class='ocrx_word' id='word_1_202' title='bbox 1545 4657 1714 4734; x_wconf 86' lang='lat' dir='ltr'><strong>Palmeric</strong></span> <span class='ocrx_word' id='word_1_203' title='bbox 1727 4655 1773 4730; x_wconf 92' lang='lat' dir='ltr'><strong>de</strong></span> <span class='ocrx_word' id='word_1_204' title='bbox 1789 4655 1948 4729; x_wconf 79' lang='lat' dir='ltr'><strong>Calveet</strong></span> 
     </span>
     <span class='ocr_line' id='line_1_25' title="bbox 532 4777 1945 4881; baseline -0.004 -27"><span class='ocrx_word' id='word_1_205' title='bbox 532 4783 669 4857; x_wconf 87' lang='lat' dir='ltr'><strong>Cresciu</strong></span> <span class='ocrx_word' id='word_1_206' title='bbox 681 4781 889 4856; x_wconf 79' lang='lat' dir='ltr'><strong>Amalfitana</strong></span> <span class='ocrx_word' id='word_1_207' title='bbox 906 4783 1041 4856; x_wconf 86' lang='lat' dir='ltr'><strong>statutis</strong></span> <span class='ocrx_word' id='word_1_208' title='bbox 1059 4783 1141 4856; x_wconf 89' lang='lat' dir='ltr'><strong>olim</strong></span> <span class='ocrx_word' id='word_1_209' title='bbox 1164 4803 1269 4879; x_wconf 89' lang='lat' dir='ltr'><strong>snper</strong></span> <span class='ocrx_word' id='word_1_210' title='bbox 1287 4783 1454 4858; x_wconf 80' lang='lat' dir='ltr'><strong>faciendis</strong></span> <span class='ocrx_word' id='word_1_211' title='bbox 1479 4781 1644 4881; x_wconf 88' lang='lat' dir='ltr'><strong>expensis</strong></span> <span class='ocrx_word' id='word_1_212' title='bbox 1664 4781 1701 4854; x_wconf 92' lang='lat' dir='ltr'><strong>in</strong></span> <span class='ocrx_word' id='word_1_213' title='bbox 1718 4798 1823 4876; x_wconf 90' lang='lat' dir='ltr'><strong>opere</strong></span> <span class='ocrx_word' id='word_1_214' title='bbox 1840 4777 1945 4850; x_wconf 85' lang='lat' dir='ltr'><strong>turris</strong></span> 
     </span>
    </p>
   </div>
   <div class='ocr_carea' id='block_1_10' title="bbox 0 0 2192 6007">
    <p class='ocr_par' dir='ltr' id='par_1_11' title="bbox 0 0 2192 6007">
     <span class='ocr_line' id='line_1_26' title="bbox 0 0 2192 6007; baseline 0 0"><span class='ocrx_word' id='word_1_215' title='bbox 0 0 2192 6007; x_wconf 95' lang='lat' dir='ltr'><strong> </strong></span> 
     </span>
    </p>
   </div>
  </div>
 </body>
</html>
