4374 6010
377 1267 503 1380 aliid.

1057 665 1462 731 raronrrcrsranunr
1779 668 1971 752 [assisto

610 1247 832 1334 Mandatum
864 1250 914 1332 ad
942 1249 1192 1360 justitiarium
1222 1251 1361 1336 Terrae
1386 1251 1543 1336 Laboris
1572 1263 1616 1336 ut
1650 1251 1760 1336 Petro
1792 1248 1972 1334 Silratico

556 1381 787 1490 procuratori
816 1381 1081 1466 demoniorum
1102 1393 1142 1466 et
1158 1392 1422 1468 revocatorum
1446 1384 1584 1468 Terrae
1603 1383 1762 1469 babonis
1780 1381 1971 1466 stallerios

556 1523 594 1596 ct
611 1523 875 1623 procuratores
892 1515 943 1596 ad
965 1513 1193 1600 solutionem
1216 1515 1399 1625 pecuniae
1418 1516 1547 1602 curiae
1563 1516 1713 1600 debitae
1742 1513 1972 1624 compellere

556 1643 696 1729 volenti
714 1643 900 1730 auxilium
917 1655 1082 1755 praestet
1098 1655 1137 1731 et
1150 1645 1334 1732 favorem.

638 1867 765 1950 (Rapuit.
782 1867 887 1948 imper.
900 1865 1020 1930 breda.
1034 1868 1078 1945 11,
1094 1867 1146 1930 iol.
1164 1876 1220 1929 ton
1233 1874 1327 1943 κοῖος
1343 1869 1376 1930 ln
1389 1867 1461 1930 edlt.
1474 1867 1610 1937 Carcen„
1626 1885 1658 1948 p.
1674 1871 1758 1942 4⁰2.)

603 2067 655 2138 De
667 2064 825 2136 mandute
835 2063 1004 2158 imperiali
1016 2065 1104 2156 [aeto
1115 2083 1179 2158 per
1194 2062 1390 2156 mopistmm
1403 2065 1539 2136 Pctmm
1553 2063 1594 2136 dc
1609 2065 1711 2138 Vinea
1724 2064 1855 2160 scripsit
1867 2065 1911 2136 P.
1928 2063 1970 2134 dc

557 2191 700 2286 Capua:

603 2311 816 2406 Frederions,
828 2319 911 2400 etc,
924 2307 1091 2384 Riccardo
1103 2309 1148 2383 de
1159 2309 1375 2405 Montsnigro
1386 2305 1585 2408 [Justitiario
1596 2309 1699 2384 Terre
1709 2305 1878 2406 Laboris]‚
1894 2318 1963 2382 ete.

552 2437 758 2532 Exponente
772 2435 874 2508 nobis
889 2433 988 2508 Petro
1000 2433 1163 2507 Silvatico
1178 2442 1399 2530 procuratore
1418 2431 1658 2508 demoniorum
1673 2442 1708 2507 ot
1725 2443 1964 2507 revocatorum

554 2560 656 2633 Terre
667 2557 808 2634 laboris
820 2567 855 2632 et
871 2557 1053 2632 comitatus
1065 2555 1202 2647 ltlolisii,
1219 2556 1296 2630 cive
1312 2557 1442 2654 Capua,
1459 2553 1555 2628 fideli
1570 2563 1699 2646 nostro,
1716 2577 1829 2651 nuper
1845 2564 1964 2655 nostra

554 2683 718 2756 serenitas
735 2681 905 2754 intellexit
920 2679 1016 2776 quod
1031 2679 1189 2753 nonnulli
1209 2679 1349 2752 stellarii
1368 2688 1402 2753 et
1419 2687 1655 2776 procuratores
1670 2700 1732 2774 per
1747 2699 1828 2751 enm
1843 2679 1965 2750 statuti

553 2827 615 2902 per
628 2807 885 2900 justitiariatnm
902 2815 1001 2878 tunm
1019 2803 1243 2877 inveniuntur
1258 2813 1373 2877 nostre
1389 2803 1484 2877 curie
1501 2800 1675 2876 debitores
1688 2813 1723 2874 et
1739 2801 1776 2874 in
1793 2801 1965 2875 solatione

552 2931 699 3026 pecunia
715 2931 816 3006 nobis
826 2929 943 3005 debite
956 2928 1115 3002 difficiles
1124 2937 1160 3000 et
1175 2927 1389 3020 negligentes
1400 2926 1567 3000 existunt.
1577 2927 1739 3001 Nolentes
1751 2925 1856 3019 igitur
1866 2923 1966 3019 qnod

549 3057 628 3149 jura
644 3065 680 3128 et
695 3053 843 3150 pecnnia
860 3053 956 3126 curie
973 3061 1087 3126 nostre
1104 3049 1149 3123 ab
1173 3050 1348 3146 aliquibus
1366 3050 1517 3124 debeant
1532 3049 1696 3142 detineri,
1719 3058 1838 3145 utpote
1858 3049 1963 3121 nobis

552 3175 599 3249 ad
614 3197 755 3272 presens
769 3177 955 3271 plurimam
969 3179 1158 3270 oportuna,
1174 3169 1329 3245 fidelitati
1347 3181 1405 3246 tue
1417 3170 1641 3268 precipiendo
1656 3170 1863 3245 mandamus
1875 3192 1965 3265 qna·

553 3309 654 3372 tenus
673 3299 738 3394 ipsi
756 3298 793 3370 P.
812 3297 942 3370 volenti
961 3295 1163 3390 compellere¹
1178 3293 1344 3368 stallarios
1359 3303 1394 3366 et
1410 3303 1647 3390 procuratores
1666 3314 1768 3382 suos,
1790 3291 1965 3387 quoslibet

552 3423 588 3496 in
603 3421 825 3516 justitiariam
841 3429 921 3512 tuo,
938 3441 1027 3516 quos
1043 3415 1139 3490 curio
1161 3425 1276 3491 nostre
1295 3417 1355 3488 tibi
1369 3419 1558 3492 constiterit
1575 3417 1747 3492 debitores
1762 3426 1796 3490 et
1813 3415 1851 3488 in
1866 3417 1963 3490 soln-

552 3546 645 3619 tiono
660 3565 826 3633 morosos,
840 3545 944 3636 juxta
963 3541 1220 3636 requisitionem
1238 3538 1392 3635 ejusdem
1410 3541 1449 3614 P.
1469 3539 1578 3614 fidelis
1600 3540 1725 3633 nostri,
1743 3539 1790 3614 ad
1808 3539 1962 3614 solutio-

551 3691 631 3744 nem
645 3668 777 3763 jurium
795 3665 992 3763 et‘pecunie
1007 3665 1103 3738 curie
1127 3673 1242 3739 nostre
1263 3663 1410 3758 adiuves
1425 3663 1575 3755 auxilio,
1597 3663 1739 3738 oonsilio
1762 3673 1798 3736 ct
1819 3661 1959 3754 lavore,

551 3805 591 3864 nt
612 3793 760 3889 pecnnia
783 3791 878 3865 curie
898 3789 1015 3864 debita
1038 3789 1193 3862 celeriter
1218 3788 1324 3884 possit
1344 3787 1476 3861 baberi.
1496 3787 1635 3883 Equum
1652 3795 1705 3860 est
1719 3787 1812 3860 enim
1834 3795 1873 3858 nt
1897 3787 1962 3881 qni

547 3918 627 4012 jura
641 3915 787 4010 singulis
803 3913 965 3987 fidelibus
982 3911 1106 3987 nostris
1124 3911 1256 3984 servari
1277 3909 1497 4003 mandamns,
1515 3909 1640 3985 nostris
1650 3908 1785 4004 juribus
1799 3930 1871 3982 non
1886 3909 1961 4005 pri-

549 4062 685 4115 vemur.
703 4039 845 4129 Taliter,
865 4047 931 4112 etc.

598 4165 723 4237 Datum
739 4163 862 4256 Fogie,
876 4161 971 4236 XXV
984 4159 1120 4256 aprilis,
1139 4159 1217 4232 Xlll
1235 4158 1445 4232 indictionis.

598 4287 733 4361 Similes
746 4306 807 4382 per
820 4284 937 4359 omnia
953 4283 1041 4358 lacte
1055 4291 1137 4356 sunt
1150 4281 1332 4356 Tlomasio
1350 4281 1396 4356 do
1408 4281 1621 4375 ldontenigro
1631 4277 1813 4373 justitiario
1827 4277 1960 4351 Princi-

549 4419 651 4507 patus
666 4419 702 4482 et
713 4410 815 4482 Terre
828 4408 1082 4496 Beneventano,
1097 4428 1159 4502 pro
1171 4405 1298 4480 Iacobo
1309 4404 1438 4500 judicis
1451 4403 1573 4480 Leonis
1584 4413 1803 4502 procuratore
1811 4401 1960 4496 justitia·

548 4536 655 4608 riatus
668 4531 881 4628 Principatus
901 4540 935 4604 et
950 4531 1052 4604 Terre
1068 4531 1322 4604 Beneventane.
