4564 6038
333 643 432 704 busca.
450 640 512 719 14]
779 639 973 702 HISTORIA
1000 641 1296 705 otptottttttcs.
1662 643 1740 704 1149

332 795 472 848 manum
480 772 661 867 imperium
670 772 814 845 velutad
821 774 1088 868 predicationem
1096 776 1267 868 evangelii
1275 784 1494 870 preparatum
1501 795 1606 868 quam
1615 782 1739 849 cuncte

331 895 454 968 mundi
468 917 574 989 regna
587 893 771 967 christiano
780 896 888 967 cultui
902 896 1015 970 dicata
1025 897 1164 992 speciali
1179 901 1250 970 zelo
1262 899 1442 992 contingit,
1460 919 1540 969 cum
1552 897 1739 992 reipublice

334 1019 494 1092 universe
508 1017 762 1090 christianitatis
779 1018 957 1092 excidium
977 1021 1138 1113 generale
1159 1021 1397 1108 comminatur,
1411 1030 1446 1094 et
1465 1042 1667 1116 quanquam
1691 1021 1739 1095 ad

332 1154 481 1216 nostram
496 1141 544 1214 rei
561 1151 656 1233 geste
671 1141 799 1213 veritas
813 1163 890 1214 soro
903 1144 1107 1237 pervenerit,
1122 1143 1208 1236 quin
1221 1142 1268 1214 ad
1284 1152 1433 1216 vestram
1444 1144 1601 1215 notitiam
1615 1127 1738 1218 relere-

332 1285 422 1353 mns,
437 1273 549 1336 tacere
563 1284 633 1334 non
645 1283 844 1356 possumus.
861 1268 1008 1358 Egressa
1023 1265 1114 1337 enim
1126 1263 1262 1338 dudum
1275 1287 1322 1337 ex
1337 1265 1465 1336 ultimis
1477 1265 1597 1338 mundi
1612 1265 1738 1339 linibus

332 1387 377 1458 de
389 1387 529 1477 regione
539 1387 692 1476 australi,
710 1407 779 1479 que
793 1385 853 1458 diu
866 1388 1012 1459 solesnb
1023 1387 1148 1460 torrida
1159 1408 1246 1460 zona
1260 1396 1347 1460 tosta
1365 1387 1523 1477 latuerat,
1537 1411 1606 1482 qne
1621 1398 1738 1483 postea

332 1532 454 1582 versus
467 1518 582 1604 partes
591 1509 745 1582 boreales
756 1510 932 1603 occupatis
941 1511 1105 1582 violenter
1116 1511 1314 1603 regionibus
1325 1510 1387 1584 diu
1401 1533 1543 1584 manens
1558 1521 1597 1582 nt
1611 1513 1738 1586 brucus

332 1634 588 1728 multiplicatur,
603 1653 688 1723 gens
702 1631 846 1704 barbare
858 1633 1006 1706 nationis
1018 1644 1052 1706 et
1065 1634 1149 1722 vite,
1159 1655 1229 1727 quo
1238 1634 1409 1706 nescimus
1420 1657 1440 1707 a
1453 1635 1527 1707 loco
1541 1636 1596 1707 vel
1607 1635 1738 1729 origine

332 1758 458 1830 Tamari
476 1765 692 1850 nuncupata,
713 1777 784 1828 non
802 1755 933 1848 absque
949 1755 1088 1848 proviso
1109 1755 1174 1826 Dei
1187 1755 1318 1847 judicio
1336 1756 1452 1829 adsui
1471 1757 1588 1850 populi
1605 1778 1737 1854 correp

332 1881 456 1952 tionem
475 1889 509 1951 et
522 1880 783 1965 correctionem,
801 1899 871 1950 non
890 1879 1022 1950 utinam
1038 1876 1086 1949 ad
1102 1880 1207 1950 totius
1228 1878 1482 1951 christianitatis
1496 1878 1734 1973 dispendium,

332 2003 378 2076 ad
392 2002 457 2076 hec
474 2003 660 2074 novissima
680 2011 837 2097 tempora
859 2009 1066 2074 reservatur.
1088 2003 1249 2094 Sequuta,
1260 2009 1311 2072 est
1327 2001 1432 2095 igitur
1450 2001 1586 2096 publica
1603 2002 1734 2096 clades,

332 2125 522 2198 communis
539 2147 726 2219 regnorum
751 2125 921 2198 desolatio
944 2135 979 2196 ct
1002 2135 1091 2197 terre
1113 2125 1231 2197 fertilis
1255 2124 1499 2197 exterminium
1524 2147 1629 2218 quam
1652 2148 1737 2220 gens

331 2249 436 2344 impia
459 2249 673 2343 peragravit,
694 2257 734 2320 ut
754 2249 875 2338 serum,
904 2248 985 2321 etati
1009 2249 1065 2320 vel
1090 2247 1249 2340 dignitati
1277 2269 1347 2319 non
1372 2258 1488 2342 parcat
1514 2256 1548 2319 et
1566 2249 1736 2342 reliquum

332 2392 441 2464 genus
453 2371 644 2460 humanum
663 2370 779 2443 delere
793 2369 960 2464 confidat,
981 2369 1065 2443 dum
1080 2370 1210 2464 ubique
1222 2379 1389 2443 terrarum
1407 2391 1468 2464 per
1482 2371 1683 2444 immensam
1702 2383 1737 2446 et

330 2493 633 2590 incomparabilem
657 2515 778 2566 eorum
796 2494 988 2588 potenciam
1007 2502 1042 2565 et
1062 2515 1245 2564 nnmerum
1269 2493 1341 2565 sola
1359 2491 1528 2564 dominari
1550 2503 1681 2588 satagat
1701 2503 1737 2568 et

330 2637 489 2710 regnare.
501 2617 597 2689 Datis
608 2616 713 2710 igitur
723 2615 760 2686 in
773 2637 894 2688 necem
907 2625 942 2688 et
957 2615 1098 2711 predam
1112 2615 1245 2686 cunctis
1257 2635 1326 2708 que
1338 2624 1495 2708 poterant
1512 2617 1603 2687 oculi
1617 2637 1735 2690 eorum

332 2740 551 2834 conspexisse
564 2761 606 2812 ac
621 2739 811 2812 universali
827 2738 1092 2834 depopulatione
1110 2746 1187 2833 post
1212 2747 1308 2831 terga
1326 2736 1486 2829 dimissa,
1508 2737 1591 2810 dum
1608 2739 1654 2812 ad
1670 2761 1735 2836 po·

331 2863 484 2957 pulosam
503 2863 735 2936 Cumanorum
756 2862 924 2934 coloniam
945 2861 1204 2956 pervenissent,
1226 2860 1309 2934 dicti
1328 2861 1457 2932 Tartari
1474 2859 1556 2952 (imo
1569 2863 1735 2960 Tartarei)

331 2986 456 3080 quibus
473 2985 544 3058 vite
564 2985 720 3082 prodigis
736 3006 837 3056 arcus
855 3006 951 3057 arma
975 2985 1085 3076 mngis
1100 2993 1181 3056 sunt
1206 2983 1384 3055 familiaria
1407 3005 1484 3054 oum
1505 2983 1632 3057 lanceis
1654 2986 1736 3060 mis·

331 3108 451 3180 silibus
460 3117 494 3180 et
504 3107 651 3200 sagittis,
661 3129 810 3200 quarum
822 3129 906 3180 usus
917 3106 1011 3200 apud
1021 3128 1081 3178 eos
1094 3115 1146 3178 est
1157 3106 1385 3178 continuuset
1398 3105 1518 3177 lortius
1528 3105 1605 3177 aliis
1616 3117 1736 3182 exerta

330 3230 457 3304 babent
480 3231 642 3320 brachia,
666 3231 758 3324 ipsos
780 3230 918 3325 penitus
943 3229 1126 3324 dissipatos
1144 3229 1366 3318 devicerunt,
1389 3237 1424 3301 et
1445 3249 1533 3322 quos
1555 3229 1638 3319 luga
1665 3251 1735 3304 non

331 3355 420 3426 eruit
437 3363 634 3427 cruentatus
652 3374 771 3426 eorum
790 3353 927 3447 gladius
946 3351 1129 3424 interemit.
1154 3352 1308 3437 Quorum
1324 3351 1481 3424 vicinitas
1498 3352 1672 3426 Rutbenos
1689 3353 1734 3426 ab

331 3477 381 3550 eis
398 3498 467 3550 non
483 3478 631 3548 multum
651 3476 816 3549 distantes
834 3475 898 3549 vix
918 3484 1037 3548 cautos
1059 3474 1171 3547 effecit
1193 3485 1228 3547 et
1243 3473 1414 3564 munitos,
1434 3485 1473 3546 ut
1495 3477 1611 3569 ignote
1625 3478 1736 3570 gentis

331 3600 457 3673 insoliti
470 3601 515 3672 ab
529 3622 647 3672 eornm
664 3601 859 3672 incursibus
874 3599 953 3688 sibi,
970 3609 1071 3694 pront
1086 3598 1176 3692 ignis
1194 3599 1401 3690 exterrebat,
1418 3598 1637 3673 intenderent
1653 3623 1736 3697 pre-

333 3743 475 3813 cavere,
495 3725 614 3795 saltem
638 3723 704 3794 sibi
727 3724 966 3812 consulentes;
994 3720 1158 3796 advolant
1182 3743 1306 3816 nempe
1328 3721 1443 3794 subito
1464 3721 1510 3794 ad
1532 3725 1675 3818 predam
1702 3734 1736 3798 et

331 3845 584 3918 exterminium.
605 3845 662 3918 Ad
686 3846 881 3941 repentinos
899 3845 1005 3939 igitur
1022 3844 1172 3940 impetus
1187 3854 1222 3916 et
1241 3845 1332 3915 illius
1350 3844 1526 3917 barbarice
1544 3847 1656 3939 gentis
1673 3870 1736 3940 ag·

332 3988 470 4061 gressus
493 3988 563 4062 que
582 3968 679 4040 velut
702 3967 754 4041 ira
773 3967 835 4040 Dei
855 3977 890 4040 et
911 3969 1029 4061 fulgur
1054 3987 1092 4039 se
1114 3967 1239 4061 raptim
1257 3967 1451 4058 iaculatur,
1479 3980 1678 4062 expugnata
1703 3981 1737 4043 et

331 4099 430 4184 capta
453 4089 609 4182 ejusdem
627 4091 726 4185 regni
754 4092 858 4165 Cleva
878 4090 930 4188 (a)
956 4091 1132 4163 civitatum
1159 4089 1329 4180 maxima3
1362 4098 1469 4162 totum
1501 4091 1589 4164 illud
1619 4093 1735 4166 nobile

329 4235 492 4307 regnum,
513 4214 601 4286 cesis
628 4216 701 4286 suis
722 4215 988 4305 habitatoribus,
1016 4214 1053 4284 in
1080 4212 1327 4285 desolationem
1350 4212 1477 4285 cecidit
1501 4211 1728 4288 devastatum.

331 4335 432 4422 Quod
452 4357 531 4408 cnm
556 4337 766 4410 contermino
789 4358 897 4429 regno
917 4339 1158 4429 Hungarorum
1183 4335 1322 4408 dedisse
1345 4335 1466 4409 debuit
1492 4335 1539 4410 ad
1566 4340 1734 4412 cautelam

331 4460 436 4532 mbur
454 4467 489 4533 et
509 4460 707 4560 munimen,
727 4461 855 4556 sprevit
870 4461 1094 4554 negligenter.
1121 4459 1275 4544 Quorum
1295 4480 1358 4532 rex
1375 4459 1476 4532 deses
1499 4471 1533 4535 et
1554 4461 1657 4534 nimis
1675 4485 1735 4536 se-

373 4723 415 4804 (a)
435 4725 548 4787 Scilicet
559 4724 651 4787 Κίοιο.

432 4832 468 4894 V.
489 4846 544 4889 em
557 4851 579 4893 a.
