4524 6012
263 667 356 728 uua.
375 665 437 742 ra]
690 639 901 728 'arsuoata
929 668 1221 733 orrnonnurca.

309 799 444 872 Similes
467 798 507 872 n.
535 797 580 872 de
597 798 812 894 llonteuigro
826 799 1010 894 justitiario
1030 807 1131 878 Terre
1151 806 1291 880 laboris
1309 814 1341 878 et

266 921 597 996 comitatusllolisii.
854 986 858 995 .

310 1044 445 1116 Similes
457 1045 496 1116 T.
510 1043 556 1116 de
566 1045 779 1138 llontenigru
788 1045 975 1137 justitiario
983 1047 1197 1142 Principatus
1207 1059 1242 1122 at
1257 1059 1344 1122 terre

266 1169 514 1240 Beneventano.

312 1291 446 1364 Similes
461 1291 502 1362 B.
524 1289 597 1387 (lt.)
610 1291 655 1365 de
672 1291 922 1368 llonteiusoulo
939 1295 1124 1386 justitiario
1139 1295 1340 1392 Capitinata.

313 1415 445 1488 Similes
462 1416 503 1486 Τ.
524 1413 595 1488 lilio
609 1416 778 1488 Osmuudi
793 1418 977 1510 justitiario
990 1421 1181 1492 Basilicate.

313 1538 446 1610 Similes
462 1539 502 1610 l..
519 1539 564 1612 da
577 1540 707 1614 Franco
719 1541 903 1632 justitiario
917 1553 1006 1616 terre
1024 1545 1116 1616 Bari.

314 1663 447 1736 Similes
461 1660 505 1734 A.
526 1661 573 1736 de
587 1662 770 1758 Aquaviva
784 1665 969 1758 justitiario
985 1675 1073 1740 terre
1088 1666 1228 1740 ldmnti.

1475 989 1569 1074 Quas

1463 1131 1585 1183 omnes

1449 1235 1599 1328 portavit

1444 1359 1597 1452 Angelus

1430 1483 1475 1556 de
1490 1484 1618 1580 Capua.

314 1838 446 1910 Similes
468 1839 604 1933 scripsit
621 1839 769 1912 lacobus
793 1840 838 1914 de
864 1843 987 1914 Bantra
1009 1839 1066 1940 [G.
1092 1841 1136 1916 de
1154 1843 1346 1916 Moutalas-

272 1961 342 2034 culo
357 1959 428 2061 (a)]
447 1961 630 2054 justitiario
645 1961 810 2036 Calabris.
1478 1967 1573 2052 Quas

314 2088 447 2162 Similes
465 2092 503 2162 Τ.
523 2088 567 2163 dc
582 2090 786 2164 Castelliona
801 2091 984 2184 justitiario
1001 2093 1107 2166 Vallis
1122 2092 1235 2166 Grata.
1459 2112 1581 2164 omues

312 2213 446 2286 Similes
454 2215 494 2286 Τ.
506 2213 632 2309 (unda
642 2213 1112 2307 AngloueJustitiarioSicilio
1121 2217 1204 2290 eitra
1217 2217 1344 2290 llumen
1448 2213 1598 2310 portavit

269 2334 410 2408 Salsum.
1442 2338 1602 2410 Alberius

313 2457 446 2530 Similes
454 2457 1345 2552 Rogeriochmicisjustitiariosicilieultrassumen
1380 2461 1667 2536 dePoutremulo.

269 2581 409 2654 Salsum.

474 2797 1458 2814 mcum—*offle-

320 3059 544 3144 llaudatum
566 3057 616 3140 ad
634 3060 810 3142 custodes
827 3061 961 3142 aerarii
985 3059 1188 3144 Salvatoris
1207 3061 1440 3144 admouent
1459 3071 1577 3144 totam
1594 3086 1671 3169 pe-
1720 3081 1857 3179 oppffijh

274 3191 422 3272 cuniam
447 3215 565 3300 qnam
590 3189 734 3274 habent
757 3191 816 3275 vel
841 3190 982 3276 habero
1005 3202 1183 3302 poterunt
1208 3193 1257 3274 ad
1283 3201 1454 3276 castrum
1480 3192 1671 3278 lutrodnoi

271 3323 538 3405 transmittant.

349 3523 478 3604 (num.
493 3523 593 3602 trapa.
608 3519 729 3584 Frsdcr.
745 3523 790 3600 11,
805 3523 858 3584 lol.
874 3531 912 3584 ot
927 3539 1028 3596 uerso3
1043 3525 1075 3583 lu
1088 3523 1159 3584 odit.
1175 3522 1312 3598 caream,
1323 3541 1355 3602 p.
1369 3523 1453 3603 tta.)

316 3697 361 3767 lle
376 3697 533 3768 mandato
551 3695 719 3790 imperiali
731 3698 820 3788 jacto
834 3717 898 3790 per
919 3697 1115 3790 mapistrum
1139 3699 1276 3768 Petrum
1294 3695 1334 3768 de
1357 3699 1458 3769 Vinea
1476 3698 1610 3792 scripsit
1627 3699 1670 3770 Ρ.

273 3819 309 3890 dc
327 3819 468 3912 Capita:
1742 3837 1744 3840 ’

315 3941 530 4034 Fredericus,
548 3951 632 4031 etc,
648 3939 692 4013 A.
710 3939 880 4014 deMarra
897 3949 931 4014 et
939 3939 1247 4034 judicillulrauoni
1265 3941 1467 4014 custodibus
1480 3943 1582 4017 erarii
1598 3945 1672 4018 Sal·

276 4063 401 4136 vatoris
421 4063 468 4136 ad
484 4085 595 4155 mare,
616 4077 681 4136 etc.
701 4063 786 4136 Cum
808 4062 975 4136 celsitudo
992 4073 1106 4136 nostra
1129 4085 1240 4158 nuper
1263 4064 1417 4136 statuerit
1442 4067 1537 4159 quod
1560 4068 1673 4139 omnis

275 4188 418 4278 pecunia
435 4187 530 4258 curie
549 4195 664 4260 nostre
677 4186 723 4259 de
740 4208 846 4280 reguo
861 4185 956 4282 apud
971 4195 1119 4258 castrum
1138 4185 1312 4259 lutrodnoi
1329 4187 1454 4260 debeat
1471 4191 1672 4284 congregari

274 4329 338 4402 quo
355 4307 403 4382 ad
419 4309 622 4402 presentiam
640 4319 791 4382 nostram
807 4309 912 4404 possit
930 4309 1062 4382 lucilius
1081 4309 1264 4404 deportari,
1286 4308 1443 4383 fidelitati
1465 4322 1578 4386 vestre
1595 4335 1671 4410 pre·

275 4431 429 4526 cipiondo
445 4431 650 4505 mandamus
667 4439 838 4526 quatenus
850 4431 896 4504 ad
913 4432 1170 4526 requisitionem
1188 4433 1340 4525 magistri
1355 4431 1478 4528 Angeli
1491 4435 1537 4508 de
1554 4435 1670 4532 Capua

275 4555 391 4627 notarii
410 4565 445 4627 et
460 4553 572 4628 fidelis
587 4555 708 4645 nostri,
726 4577 830 4649 quem
849 4555 895 4628 ad
911 4553 977 4627 hoc
992 4555 1185 4650 specialiter
1203 4553 1427 4648 destinamus,
1448 4578 1583 4633 omnam
1602 4582 1671 4654 pe-

315 4747 355 4829 (r)
375 4751 562 4828 lutmpresto
573 4749 765 4814 malolacola
776 4747 945 4826 doltaatro,
954 4751 1062 4810 ommso
1074 4751 1460 4831 commentationum
1475 4757 1667 4823 rostltulmus.

366 4855 405 4916 V.
425 4871 481 4916 rm
492 4873 515 4916 a.
1473 4867 1510 4922 92
