4358 5996
220 665 403 744 1555511]
669 661 868 725 HISTORIA
892 659 1188 725 ntrtonttutct.
1558 661 1634 724 1011

219 825 376 899 unquam
398 810 554 896 tempore
574 797 807 891 reducendos,
822 799 942 872 caetris
958 806 992 871 et
1009 795 1155 870 edificiis
1171 796 1341 870 contentis
1361 793 1452 869 inira
1472 794 1558 868 11555
1576 818 1636 870 su·

219 928 338 1025 parius
352 925 563 1020 designatos,
581 922 672 994 infra
689 922 779 996 1555
792 943 929 996 menses
945 922 990 994 ab
1006 922 1164 1016 ingressu
1182 920 1332 993 civitatis
1351 919 1460 1015 ipsius
1478 919 1636 993 funditus

220 1049 402 1125 diruendis
420 1069 461 1121 ao
477 1047 515 1119 in
535 1051 710 1140 posterum
733 1047 928 1118 nullatenus
951 1043 1171 1140 reparandis;
1198 1043 1263 1116 illis
1285 1041 1457 1116 duntaxat
1481 1044 1638 1138 exeeptis

219 1195 290 1268 que
310 1194 372 1267 pro
395 1169 806 1243 5551555515555155555
831 1167 1015 1257 custodiri,
1040 1175 1076 1239 et
1092 1176 1239 1262 excepto
1256 1165 1389 1240 Cassari
1407 1175 1518 1239 castro
1542 1165 1638 1260 quod

219 1297 259 1368 G.
281 1305 317 1369 et
331 1297 408 1387 ejus
423 1292 478 1390 (l)
493 1291 682 1366 heredibus
699 1313 935 1383 reservamus,
952 1299 1140 1364 statuentes
1161 1299 1200 1362 ut
1223 1291 1347 1363 civitas
1367 1291 1442 1384 ipsa
1462 1299 1497 1360 et
1517 1311 1637 1364 omnes

219 1430 253 1492 et
272 1419 403 1513 singuli
426 1416 634 1489 habitatores
649 1416 760 1512 ipsios
780 1424 922 1510 totaque
943 1415 1124 1509 posteritas
1142 1415 1332 1488 eorundem
1351 1414 1515 1487 omnibus
1538 1415 1638 1488 bonis

219 1545 292 1616 suis
308 1541 449 1631 usibus,
467 1541 558 1612 51551
573 1539 640 1612 alie
660 1539 820 1612 civitates
841 1538 999 1613 fidelium
1018 1537 1169 1618 demanii
1190 1538 1288 1628 regni
1305 1537 1433 1627 nostri,
1455 1536 1501 1609 de
1525 1546 1639 1609 cetero

218 1665 397 1762 gaudeant
426 1675 461 1738 et
487 1672 642 1738 utantur.
661 1664 706 1736 Et
733 1675 773 1735 ut
804 1664 927 1738 civitas
956 1664 1034 1759 ipsa
1063 1661 1165 1734 bonis
1196 1661 1448 1734 habitatoribus
1474 1659 1520 1733 de
1546 1661 1638 1732 bono

219 1813 357 1886 semper
381 1789 419 1861 in
440 1789 563 1861 melios
588 1787 788 1883 amplietur,
809 1786 960 1882 presenti
982 1785 1086 1860 etiam
1107 1775 1292 1880 privilegio
1316 1785 1540 1878 indulgemus
1567 1783 1639 1856 eis-

220 1914 314 2008 dem,
331 1912 585 2008 etquicunque
598 1911 644 1984 de
658 1911 790 1985 exteris
806 1911 962 2006 partibus
978 1917 1172 1983 nostrorum
1193 1907 1348 1981 fidelium
1361 1907 1518 2002 exceptis
1534 1959 1634 1980 .....

221 2037 371 2111 civitatis
397 2035 552 2130 ejusdem
584 2036 751 2130 elegerint
779 2036 994 2126 incolatum,
1024 2033 1107 2106 illuc
1137 2031 1322 2106 salubriter
1348 2031 1490 2104 veniant
1521 2043 1556 2104 et
1577 2051 1640 2103 se-

219 2181 301 2236 cure
334 2169 512 2234 morentur
538 2182 618 2232 cum
649 2159 727 2233 aliis
754 2158 909 2254 predicte
937 2167 1026 2230 terre
1061 2157 1220 2247 civibus,
1250 2155 1425 2228 communi
1457 2154 1640 2250 privilegio

218 2284 395 2380 gavisuri,
418 2293 453 2356 et
470 2282 600 2356 abinde
621 2283 1071 2378 55555555155555555555
1092 2289 1227 2352 nostros
1249 2280 1345 2352 nullo
1366 2301 1522 2372 unquam
1548 2289 1640 2352 tem-

218 2430 302 2504 pore
340 2407 541 2482 revocandi.
575 2404 633 2479 11
664 2403 825 2480 docorem
854 2405 958 2478 etiam
988 2413 1023 2476 et
1052 2403 1217 2476 continua
1250 2404 1460 2474 incrementa
1490 2401 1639 2475 civitatis

219 2534 350 2629 155155,
371 2531 595 2604 concedimus
615 2539 656 2601 ut
672 2529 796 2603 civitas
817 2529 893 2622 ipsa
913 2526 1106 2600 secundum
1124 2525 1386 2621 dispositionem
1402 2525 1638 2598 universitatis

218 2655 376 2750 ejusdem
398 2653 444 2728 ad
469 2653 524 2726 sui
547 2653 718 2726 cautelam
742 2673 920 2725 murorum
947 2651 1079 2723 ambitu
1099 2651 1213 2723 valeat
1238 2648 1460 2739 communiri,
1485 2659 1520 2720 et
1542 2649 1638 2722 inte-

218 2778 292 2850 rius
308 2799 355 2850 ex
370 2797 466 2849 nnnc
483 2796 662 2848 murorum
685 2774 833 2849 edificiis
849 2774 1022 2864 decorari;
1040 2793 1110 2868 que
1126 2782 1242 2845 tamen
1267 2771 1423 2866 quinque
1449 2793 1637 2845 cannarum

218 2901 440 2974 altitudinem
460 2921 530 2972 non
555 2897 742 2972 excedant.
762 2901 801 2971 ln
823 2899 898 2992 ipsa
921 2898 1024 2970 etiam
1045 2897 1225 2988 generales
1246 2893 1403 2966 nundino
1422 2893 1477 2966 bis
1499 2893 1581 2966 fiant
1600 2895 1636 2966 iu

218 3045 324 3114 anuo,
343 3045 407 3120 per
420 3023 544 3118 viginti
561 3023 637 3097 dies
655 3022 735 3096 5155
752 3021 907 3117 qualibet
924 3020 1109 3111 durature,
1127 3029 1162 3091 51
1177 3017 1383 3114 particulare
1401 3018 1514 3090 lorum
1532 3025 1585 3090 ter
1601 3018 1637 3088 in

219 3145 439 3221 bebdomada
461 3147 569 3220 libere
592 3146 733 3218 valeant
753 3145 948 3228 celebrare;
968 3143 1016 3216 ad
1038 3163 1187 3237 quorum
1209 3140 1414 3214 commercia
1434 3140 1588 3214 universi
1603 3149 1639 3213 et

220 3271 350 3364 singuli
366 3269 412 3344 de
431 3269 701 3365 quibuscunque
720 3269 875 3364 partibus
898 3289 978 3340 cum
998 3265 1228 3338 mercimoniis
1249 3274 1283 3338 et
1306 3263 1411 3337 rebus
1429 3285 1551 3338 eorum
1571 3263 1638 3336 sub

219 3395 431 3488 protectione
448 3394 556 3466 nostri
574 3392 727 3465 nominis
748 3399 782 3464 51
802 3391 962 3464 55151515
984 3411 1105 3463 secure
1124 3388 1266 3462 5551551
1282 3395 1520 3474 etmoreutur,
1542 3397 1577 3458 51
1591 3387 1638 3460 51

219 3517 361 3612 propria
387 3524 618 3590 revertantur.
637 3516 688 3588 Ne
710 3515 815 3610 igitur
842 3535 888 3586 ex
903 3513 970 3586 hac
991 3513 1207 3586 ordinatione
1230 3519 1347 3584 nostra
1364 3508 1512 3600 salubri,
1531 3531 1638 3604 quam

220 3659 282 3732 pro
297 3639 452 3734 generali
466 3638 560 3712 bono
576 3647 611 3711 et
629 3637 812 3710 commodo
830 3637 929 3730 regni
943 3636 1050 3708 nostri
1065 3657 1178 3730 nuper
1192 3633 1379 3723 edidimus,
1396 3631 1517 3706 fidelos
1531 3632 1638 3704 nostri

220 3759 398 3856 quondam
423 3759 556 3833 domini
578 3760 727 3831 militum
751 3768 786 3832 et
806 3759 985 3831 hominum
1011 3758 1246 3854 predictorum
1272 3757 1449 3828 15555555
1476 3753 1639 3827 damnifi-

220 3893 315 3958 catos
332 3905 370 3956 se
391 3883 428 3956 15
446 3882 680 3956 subtractione
698 3903 840 3956 suorum
858 3881 988 3974 jurium
1003 3881 1126 3953 merito
1141 3879 1305 3973 conqueri
1325 3880 1474 3974 possint,
1501 3878 1547 3952 de
1569 3898 1638 3952 vo-

219 4007 351 4082 luntate
374 4007 555 4080 hominum
578 4006 769 4081 eorundem
789 4005 1034 4080 inviolabiliter
1053 4005 1236 4078 statuimus
1256 4011 1291 4075 et
1313 4001 1519 4075 mandamus
1538 4010 1577 4073 ut
1599 4002 1637 4072 in

219 4129 574 4226 recompensationem
602 4150 722 4203 eorum
746 4148 817 4224 que
841 4127 975 4201 dodum
1001 4126 1046 4199 ab
1073 4127 1157 4222 ipsis
1181 4124 1379 4197 bominibus
1404 4125 1543 4218 prelatis
1566 4124 1637 4196 do-

255 4379 293 4451 (t)
311 4381 342 4438 lu
357 4379 419 4440 551.
431 4380 692 4454 Setiam-Hosion
707 4384 777 4439 1515
792 4378 864 4456 qood
875 4379 1028 4454 predicto...
1043 4377 1108 4434 15...
1123 4384 1148 4434 51
1160 4378 1226 4451 ejas,
1243 4383 1308 4447 eto.;
1325 4376 1403 4450 quasi
1418 4376 1491 4434 idad
1505 4391 1589 4433 unum
1603 4391 1638 4434 ax

218 4477 371 4534 nominibus
383 4493 454 4551 qnae
468 4479 593 4552 superius
604 4494 658 4537 non
670 4479 868 4552 exprimuntur,
882 4475 979 4534 5515551
990 4474 1110 4534 deberet
1124 4474 1199 4531 11555
1210 4487 1274 4533 voro
1286 4473 1417 4530 initialem
1429 4473 1546 4530 litteram
1554 4472 1588 4530 G.
1601 4473 1639 4531 ad

219 4587 316 4630 nomeu
331 4573 478 4645 Goottcrtt,
489 4575 592 4634 scilicet
603 4574 634 4632 15
648 4576 729 4647 Ocra,
742 4574 836 4632 tribuit
848 4573 968 4644 llossins,
981 4573 1047 4632 dum
1060 4577 1179 4629 castrum
1193 4570 1300 4628 cassari
1310 4570 1381 4628 idem
1393 4585 1452 4628 esso
1467 4585 1499 4628 55
1509 4569 1637 4629 Sanctum

217 4669 363 4728 ltartinom
377 4670 591 4730 deOcretuerlt
604 4671 815 4733 urbicenses.
828 4672 942 4732 1155555.
957 4669 988 4727 di
999 4671 1099 4727 notizie
1113 4675 1193 4743 spctt.
1210 4684 1229 4725 5
1243 4666 1384 4726 1155111551
1400 4666 1437 4724 do
1452 4666 1529 4738 Ocra,
1543 4684 1572 4742 p.
1586 4670 1636 4740 31,

219 4771 275 4822 551.
295 4769 341 4838 11,
355 4770 385 4825 51
396 4784 425 4841 5.
439 4769 484 4842 11,
499 4775 555 4829 not.
572 4769 619 4828 11.
