4524 6012
536 691 599 752 688
1040 699 1253 760 FlllDElllCl
1281 697 1453 760 secutum
1762 696 1839 782 [buu.
1859 699 1943 761 teto.

585 830 633 900 De
647 831 817 924 imperiali
830 831 986 904 mundum
1004 833 1090 924 sueto
1106 855 1168 927 per
1189 836 1385 927 utupistrum
1403 837 1445 905 ll.
1462 833 1502 904 de
1525 835 1676 924 Trcjecto
1693 833 1826 925 scripsit
1844 831 1885 906 G.
1907 836 1947 906 de

536 952 718 1024 Cusentla:
1227 953 1230 963 “

583 1075 798 1167 Fredericus,
812 1089 895 1170 etc,
907 1078 1108 1153 Alexandro
1122 1080 1194 1154 filio
1209 1081 1361 1172 Raurici,
1374 1091 1440 1154 etc.
1463 1081 1545 1152 Cum
1558 1079 1603 1151 de
1615 1079 1797 1174 prudentia
1808 1091 1843 1152 et
1859 1078 1947 1154 lide·

535 1201 629 1272 litate
648 1202 794 1272 Nicolini
811 1203 954 1297 Spinule
969 1204 1055 1275 civis
1067 1205 1249 1277 Januensis
1273 1203 1384 1278 fidelis
1402 1205 1507 1276 nostri
1524 1205 1625 1298 plene
1642 1203 1780 1294 conlisi,
1803 1225 1883 1276 eum
1900 1205 1946 1277 ob

535 1337 714 1422 expertam
730 1349 830 1400 suam
849 1326 1052 1398 industriam
1071 1337 1106 1400 et
1124 1326 1204 1401 fidei
1225 1350 1289 1400 sue
1302 1329 1460 1400 meritum
1481 1330 1579 1422 regni
1597 1327 1710 1398 Sicilie
1726 1325 1943 1400 ammiratum

534 1450 741 1524 duxerimus
766 1451 1006 1541 statuendum,
1034 1449 1188 1524 fidelitati
1215 1461 1272 1524 tue
1300 1451 1505 1525 mandamus
1528 1462 1699 1546 quatenus
1726 1450 1771 1521 ad
1799 1453 1944 1544 requisi·

534 1576 662 1648 tionem
677 1575 788 1671 ipsius
802 1599 925 1662 naves,
942 1578 1058 1669 galeas
1075 1587 1109 1648 ct
1126 1587 1238 1648 cetera
1253 1578 1399 1650 uassella
1414 1578 1509 1649 curie
1527 1585 1723 1670 nostreque
1740 1575 1847 1647 babes
1862 1577 1943 1648 assi-

534 1719 620 1790 gnes
634 1699 666 1770 ei
682 1721 760 1769 cum
777 1699 999 1793 apparatibus
1013 1711 1047 1774 et
1060 1701 1223 1772 omnibus
1234 1701 1437 1773 necessariis
1453 1699 1651 1773 eorumdem
1670 1721 1730 1794 pro
1741 1698 1943 1771 utilitatibus

533 1820 627 1892 curie
649 1830 765 1893 nostre
787 1824 1025 1915 procurandis.
1051 1823 1256 1896 Mandemus
1277 1825 1419 1920 insuper
1439 1835 1474 1897 et
1496 1823 1635 1896 firmiter
1654 1822 1717 1894 tibi
1737 1823 1944 1917 precipimus

532 1957 704 2041 mutunus
720 1946 765 2018 de
784 1947 948 2020 iaciendis
974 1948 1141 2040 navibus,
1161 1949 1320 2041 galeis-et
1338 1950 1495 2021 vassallis
1518 1949 1594 2020 aliis
1616 1969 1657 2019 ac
1674 1947 1850 2020 armandis
1872 1948 1944 2020 eis-

533 2070 632 2162 dem,
655 2070 700 2142 de
724 2070 881 2143 emendis
901 2069 994 2144 elisis
1016 2083 1050 2144 et
1072 2072 1196 2144 ceteris
1219 2073 1419 2144 necessariis
1440 2069 1659 2159 eorumdem,
1683 2069 1729 2142 de
1751 2069 1944 2144 incidendis

532 2194 777 2289 lignaminibus
791 2207 826 2266 et
842 2194 1039 2267 deferendis
1064 2195 1110 2268 ad
1128 2217 1242 2282 mare,
1268 2195 1312 2267 de
1334 2195 1503 2266 iaciendis
1525 2215 1682 2288 quoque,
1701 2191 1895 2266 reficiendis
1909 2205 1944 2266 et

533 2317 769 2391 custodiendis
779 2317 936 2390 darsanis
954 2319 1183 2414 persingulas
1201 2319 1373 2412 regiense,
1386 2317 1579 2391 secundnm
1596 2317 1691 2410 quod
1709 2317 1803 2390 idem
1817 2317 1941 2390 viderit

532 2443 713 2537 expedire,
731 2465 864 2514 necnon
878 2443 922 2514 de
937 2444 1085 2514 navibus
1101 2454 1136 2514 et
1148 2443 1305 2515 vassellis
1319 2443 1396 2514 aliis
1409 2442 1594 2514 onerandis
1608 2443 1794 2523 frumento,
1808 2441 1941 2522 victuae

531 2567 636 2655 libus,
654 2567 828 2638 mercibus
842 2577 876 2638 et
887 2567 991 2638 rebus
1008 2568 1083 2638 aliis
1097 2567 1193 2640 curie
1205 2576 1339 2657 nostre,
1357 2575 1391 2638 et
1409 2567 1444 2636 in
1462 2564 1662 2638 earumdem
1677 2564 1813 2636 delectu
1829 2585 1941 2636 emau-

531 2699 587 2762 tur
605 2699 639 2762 et
655 2690 872 2784 assignentur
886 2690 953 2762 sibi
969 2712 1030 2785 per
1045 2700 1100 2780 te,
1121 2713 1162 2763 ao
1185 2691 1231 2763 de
1248 2689 1430 2762 tribuenda
1448 2690 1480 2761 ei
1499 2688 1647 2782 pecunia
1666 2687 1859 2760 necessaria
1880 2709 1941 2780 pro

531 2811 597 2909 hys
611 2823 645 2885 et
658 2813 734 2886 aliis
743 2815 921 2910 oportunis
933 2814 978 2887 de
990 2813 1216 2910 proventibus
1230 2815 1326 2886 curie
1341 2821 1456 2884 nostre
1467 2813 1529 2906 qui
1541 2823 1624 2882 sunt
1640 2807 1950 2906 permaneremus·

530 2935 708 3010 intendere
720 2947 755 3011 et
770 2937 980 3034 respondere
993 2937 1059 3009 sibi
1075 2959 1238 3033 procures
1248 2937 1350 3030 juxta
1368 2935 1463 3030 quod
1478 2935 1571 3008 idem
1586 2933 1752 3030 expedire
1768 2933 1891 3008 viderit
1907 2943 1942 3006 at

528 3069 599 3134 ate
617 3060 663 3133 de
678 3061 841 3156 predictis
860 3061 1023 3134 omnibus
1037 3061 1178 3134 duxerit
1189 3059 1450 3154 requirendum.

576 3187 702 3257 Datum
718 3185 755 3256 in
768 3184 913 3257 Ciuitate
926 3185 1085 3277 Castelle,
1102 3185 1212 3256 XXlll
1228 3183 1396 3275 januarii,
1415 3182 1495 3255 Xlll
1512 3180 1720 3255 indictionis.

578 3309 713 3380 Similes
732 3307 868 3402 scripsit
884 3306 1051 3380 Riccardo
1069 3307 1115 3379 de
1134 3307 1291 3380 Pulcaro.

1385 3577 1705 3592 W

341 3780 480 3940 :ffffi
580 3826 802 3911 Mandatum
837 3827 886 3908 ad
912 3826 1161 3936 justitiarium
1192 3831 1429 3940 Principatus
1458 3832 1507 3912 de
1542 3829 1705 3910 cisterna
1737 3822 1778 3904 in
1811 3827 1934 3902 castro

524 3959 803 4045 Montisfusouli
829 3958 1021 4068 iacienda,
1041 3963 1090 4044 de
1108 3964 1279 4046 custodia
1307 3963 1522 4046 adhibenda
1550 3987 1598 4042 ne
1618 3956 1791 4040 homines
1808 3952 1936 4034 Bene-

524 4092 627 4174 uenti
645 4091 747 4174 exire
765 4091 890 4198 liceat,
911 4118 1032 4200 quum
1048 4093 1287 4178 haeccivitas
1311 4095 1351 4176 in
1369 4119 1488 4202 regno
1509 4093 1558 4174 sit
1574 4101 1680 4200 petra
1699 4082 1881 4171 scandali.

608 4270 734 4352 (Rogat.
750 4271 853 4350 imper.
866 4269 985 4332 Fredeu
1000 4271 1042 4348 11,
1057 4271 1110 4335 fol.
1126 4281 1163 4333 57
1176 4278 1267 4344 recto;
1282 4275 1314 4333 ln
1327 4273 1399 4332 edlt.
1417 4271 1554 4350 Curcum,
1567 4287 1598 4346 p.
1613 4265 1697 4346 stt.)

573 4417 754 4491 Maodaule
773 4419 901 4490 domim
924 4420 1120 4512 imperatore
1132 4443 1195 4514 per
1208 4420 1403 4512 magistrum
1417 4415 1616 4489 Riccurdum
1631 4415 1671 4485 de
1688 4412 1833 4502 Trujecto
1851 4410 1938 4500 scete

523 4554 600 4613 sunt
618 4541 728 4612 lictere
748 4541 949 4636 responsales
959 4564 1022 4635 per
1037 4545 1205 4614 notorium
1222 4543 1417 4638 Repperium
1430 4542 1471 4612 de
1485 4537 1644 4612 Selene:

574 4663 792 4752 Fredericus,
812 4673 896 4754 etc,
912 4665 1093 4738 Tb‘omasio
1112 4665 1158 4738 de
1176 4665 1389 4758 Montenigro
1402 4662 1588 4756 justitiario
1610 4658 1843 4751 Principatns,
1865 4659 1933 4724 etc.

523 4787 709 4864 Fidelitatis
733 4797 791 4860 tue
806 4787 942 4862 licteras
962 4810 1050 4884 quas
1064 4798 1180 4862 nostro
1195 4789 1337 4862 culmini
1351 4788 1533 4865 destinasti
1550 4780 1784 4858 benivolentia
1799 4775 1934 4871 recapi-
