4468 6010
248 664 345 722 unum.
364 657 425 743 ld]
700 657 899 720 utsuoutt
924 658 1219 722 utrtouttrtct
1605 657 1667 720 805

295 795 517 882 Frcdcricus‚
537 802 620 884 etc,
641 793 803 888 symeoni
820 792 867 866 de
887 792 1026 889 Cnpno,
1047 803 1113 866 etc.
1136 793 1202 890 (t).
1221 793 1311 879 Quin
1335 793 1486 888 pecunie
1504 802 1556 866 est
1571 791 1667 866 curie

249 927 366 992 nostre
378 917 566 1014 plurimum
581 924 770 1012 oportuno,
789 913 945 989 fidelitati
961 926 1021 990 tue
1031 917 1254 1012 precipiendo
1274 917 1481 990 mandamus
1493 926 1667 1012 qnatenus

249 1063 328 1114 com
345 1050 417 1114 tote
431 1039 579 1135 pecunia
593 1039 689 1112 curie
704 1049 820 1112 nostro
837 1060 944 1134 quom
955 1039 1078 1132 hebes,
1096 1042 1172 1115 sine
1185 1063 1281 1114 mora
1297 1042 1452 1136 quotibet
1462 1041 1509 1114 nd
1525 1061 1665 1136 presen-

251 1165 331 1236 tiam
344 1173 498 1237 nostram
515 1164 635 1236 venire
646 1163 798 1236 festines.
811 1162 896 1235 Cum
910 1171 1027 1236 auum
1040 1163 1146 1236 fueris
1156 1165 1251 1262 opud
1262 1166 1478 1256 Balbinum,
1491 1163 1665 1258 significes

253 1289 352 1360 nobis
377 1287 568 1360 adventum
591 1297 689 1359 tuum
711 1287 792 1358 illuc
816 1296 857 1358 ut
878 1309 940 1382 per
963 1309 1069 1382 quom
1091 1289 1184 1361 viam
1211 1289 1258 1363 ad
1280 1311 1343 1364 nos
1368 1290 1524 1363 securius
1546 1290 1667 1364 venire

252 1411 370 1483 valens
383 1432 404 1482 n
419 1419 537 1483 nostra
549 1409 753 1483 celsitudine
771 1410 962 1482 instruaris.

301 1535 428 1606 Datum
442 1533 540 1629 apud
554 1533 704 1608 Montem
717 1532 850 1624 Altum,
870 1535 898 1602 V
914 1535 1044 1625 martii,
1060 1537 1137 1608 Xlil
1153 1536 1361 1610 indictionis.

466 1823 1458 1834 ffl-m-—b-m-D—--D-*Om-

310 2063 533 2147 Mandatum
552 2065 601 2144 ad
621 2064 814 2146 Andreum
830 2065 878 2146 dc
893 2062 1019 2146 Cicola
1037 2073 1080 2144 ut
1097 2063 1395 2172 Terompnenses
1410 2065 1476 2172 qui
1496 2065 1535 2146 iu
1552 2091 1671 2174 regno
1699 2065 1877 2172 ‘ssipi‘gffffl

257 2197 418 2280 inveniri
437 2206 616 2304 poterunt
632 2195 847 2303 capientur,
867 2196 1078 2278 dummodo
1096 2221 1174 2278 non
1193 2197 1268 2276 sint
1291 2197 1468 2280 scolares.

1731 2176 1745 2215 c
1758 2175 1843 2216 rnnrttt

341 2373 470 2454 (Rapere.
486 2374 588 2451 imper.
605 2369 724 2431 Frcdcr.
739 2373 780 2450 11,
795 2371 848 2431 soi.
866 2380 904 2431 so
918 2375 1013 2444 rento3
1030 2373 1061 2430 ln
1075 2371 1146 2430 edit.
1161 2372 1293 2444 Curcum,
1306 2389 1336 2448 p.
1355 2371 1437 2450 tot.)

307 2529 356 2596 Dc
370 2525 528 2596 mandato
539 2528 628 2616 sacto
638 2547 699 2618 per
717 2525 912 2616 magistrum
927 2523 1063 2594 Petrum
1078 2521 1118 2591 dc
1135 2523 1236 2610 Vinea
1250 2525 1381 2616 scripsit
1396 2523 1437 2594 G.
1458 2524 1497 2594 do
1516 2526 1636 2596 Tocco:

306 2649 525 2736 Fredericus,
541 2656 625 2734 etc,
642 2646 781 2720 Andree
795 2645 841 2718 de
856 2645 970 2717 Cicnln
985 2645 1179 2740 capitaneo,
1194 2655 1258 2718 etc.
1276 2645 1364 2730 Quin
1381 2647 1504 2720 civitas
1517 2649 1675 2743 Temmp

261 2775 379 2848 nensis
397 2770 444 2844 ad
467 2769 669 2844 mundatum
691 2779 846 2842 nostrum
865 2765 960 2866 [uon]
982 2767 1084 2840 rediit
1101 2766 1173 2865 (2),
1197 2768 1352 2842 fidelitati
1373 2781 1432 2843 tue
1453 2771 1675 2866 precipiendo

261 2896 471 2970 mundemus
483 2903 654 2988 quotenus
668 2892 850 2986 diiigenter
867 2893 973 2964 iacias
989 2892 1117 2986 inquiri
1132 2893 1226 2986 opud
1244 2895 1421 2989 Neapolim
1439 2905 1474 2967 et
1490 2896 1575 2967 elios
1594 2896 1677 2967 ubi-

262 3143 333 3217 filio
347 3141 517 3215 leonardi
537 3140 757 3213 Bonicomitis
776 3149 811 3212 et
830 3139 917 3212 elios
935 3141 1180 3212 Teramnenses
1202 3151 1237 3212 et
1258 3151 1327 3212 tom
1351 3141 1464 3235 ipsum
1486 3142 1677 3216 Iohannem

261 3289 369 3363 quam
389 3276 520 3339 ceteros
537 3265 599 3359 qui
620 3264 739 3337 haberi
755 3271 935 3358 poterunt,
955 3262 1145 3336 dummodo
1167 3283 1235 3336 non
1257 3265 1325 3337 sint
1349 3267 1513 3358 scolares,
1534 3267 1579 3340 de
1601 3289 1679 3363 per-

262 3392 357 3464 sonis
375 3389 452 3484 copi
470 3389 577 3461 facias
597 3397 633 3461 et
646 3388 774 3477 teneri,
797 3387 914 3460 omnin
936 3387 1029 3460 bona
1044 3387 1246 3462 eorumdem
1270 3387 1317 3461 ed
1339 3410 1428 3484 opus
1453 3391 1548 3464 curie
1564 3401 1678 3466 nostre

242 3514 452 3610 ‚capiendo3
473 3512 698 3607 rescripturus
720 3510 816 3583 curie
837 3519 953 3583 nostre
972 3533 1061 3606 quos
1083 3513 1215 3606 ceperis
1233 3522 1352 3606 etque
1371 3514 1464 3586 bona
1478 3535 1585 3610 penes
1601 3537 1678 3589 eos·

263 3639 344 3712 dem
371 3639 514 3710 inventu
534 3637 661 3709 suerint
677 3644 713 3708 ct
733 3633 886 3708 detento.
911 3635 947 3706 Si
973 3636 1034 3729 qui
1061 3655 1144 3708 vcro
1170 3637 1317 3708 scolares
1343 3637 1471 3710 fuerint
1488 3638 1533 3710 de
1556 3639 1678 3712 codem

264 3774 374 3852 terra,
392 3761 457 3834 des
475 3760 526 3834 eis
541 3759 712 3832 licentiam
732 3768 771 3830 ut
788 3779 909 3832 secure
925 3758 970 3832 ad
994 3760 1133 3854 propria
1149 3769 1381 3850 revertantur,
1406 3761 1474 3834 tole
1491 3783 1597 3858 super
1614 3763 1680 3836 hoc

264 3885 421 3957 studium
437 3883 635 3972 habiturus,
653 3892 720 3955 etc.

313 4010 440 4081 Datum
453 4005 547 4102 opud
560 4007 710 4080 Mentem
724 4004 860 4096 Altum,
877 4005 1053 4097 Vmartii,
1072 4007 1149 4078 Xlll
1167 4006 1376 4080 indictionis.

300 4278 340 4348 (t)
359 4274 445 4344 Quis?
459 4267 570 4332 tersiten
587 4273 630 4330 vir
642 4273 687 4330 iile
698 4275 744 4346 qui
756 4275 920 4332 Stoocionoo
933 4273 965 4330 dr
979 4272 1075 4346 Oopoo
1087 4279 1201 4331 vocatur
1211 4275 1240 4330 in
1252 4275 1379 4334 mundato
1391 4275 1454 4334 doto
1468 4291 1560 4350 supro,
1574 4281 1591 4334 t
1604 4286 1678 4337 octo·

266 4373 333 4443 bris,
349 4388 379 4445 p.
393 4374 456 4441 tro,
467 4371 519 4428 nisi
531 4370 621 4444 potius
636 4377 731 4444 agatur
743 4369 777 4426 de
790 4370 898 4428 Simone
911 4370 945 4428 de
958 4371 1061 4428 Ursono
1076 4371 1111 4428 de
1123 4371 1225 4445 Capua.
1237 4371 1279 4430 Gi.
1293 4373 1448 4431 mundatum
1459 4373 1590 4448 scriptum
1608 4379 1624 4431 9
1636 4377 1679 4433 so-

353 4470 370 4481 ““
414 4512 420 4524 .
451 4470 496 4524 ia.

265 4470 411 4639 ψὲἶζῖ
418 4471 488 4621 υἷι»
499 4565 587 4636 egitur
598 4579 670 4621 nunc
678 4563 750 4621 dicto
763 4563 854 4636 Tomi,
863 4577 934 4636 quae
943 4579 997 4621 uno
1008 4579 1069 4620 cum
1084 4564 1191 4638 spoleto
1203 4572 1231 4622 et
1242 4565 1404 4639 quibusdam
1417 4563 1478 4622 aliis
1489 4565 1603 4625 ducatus
1614 4567 1680 4624 locis

267 4662 424 4737 imperatori
440 4659 651 4719 contradicebat.
666 4659 707 4718 Gi.
720 4661 796 4718 Broc.
812 4677 849 4718 nn
865 4659 895 4720 S.
909 4661 1013 4726 θυι,
1032 4662 1171 4734 corono„
1190 4677 1235 4735 op.
1251 4664 1399 4720 Humor.
1418 4663 1564 4736 Scriptor„
1579 4670 1600 4718 t.
1615 4664 1677 4732 vlt,

267 4775 296 4832 p.
309 4761 394 4817 4047.
408 4758 554 4816 Nominum
564 4757 735 4818 similitudine
748 4757 863 4832 decepti,
878 4757 986 4832 quidam
999 4758 1033 4816 od
1045 4759 1188 4816 Teremum
1201 4759 1305 4834 Aprutii
1319 4776 1376 4816 rem
1389 4761 1480 4832 inepte
1494 4759 1644 4818 retolemnt

352 4861 389 4922 V.
412 4875 511 4920 nmo.-
1463 4867 1518 4920 404
