4384 6004
576 643 654 706 1066
1074 649 1288 713 intonatur
1312 652 1488 712 securint
1793 647 1875 726 [An.
1893 645 1975 708 lato

454 797 459 805 ·
578 779 793 871 «Gregorius
805 781 998 877 episcopus,
1015 793 1093 870 etc,
1111 809 1128 854 r
1144 785 1284 860 nomine
1301 797 1336 858 et
1353 787 1432 860 vioe
1442 784 1568 858 summi
1586 779 1759 880 pontificis
1774 790 1808 854 et
1827 781 1977 884 promisit

573 909 608 970 et
624 902 783 974 convenit
799 903 890 976 dicto
903 904 1036 978 sindico
1049 907 1188 980 nomine
1202 910 1394 982 murrinis
1408 909 1590 990 leunensis
1605 905 1796 995 attendere,
1809 904 1978 999 complere

573 1031 607 1092 et
618 1022 804 1096 observare
819 1029 935 1098 omnia
952 1037 987 1100 et
1003 1029 1140 1123 singula
1154 1054 1374 1126 quecumque
1389 1032 1551 1128 superins
1567 1029 1695 1125 scripu
1707 1035 1803 1114 aunt,
1820 1036 1855 1100 et
1866 1027 1977 1120 ipsum

575 1143 752 1218 dominum
780 1169 906 1243 papam
933 1152 989 1222 vel
1016 1155 1091 1245 ejus
1117 1156 1257 1227 nuntios
1287 1157 1398 1228 iacere
1421 1155 1548 1228 debere
1573 1153 1640 1225 sub
1668 1171 1758 1247 penu
1786 1169 1977 1222 marcarum

573 1269 602 1343 X
621 1269 715 1344 milia
730 1273 862 1362 argenti
875 1273 1035 1368 stipulata
1053 1285 1088 1350 et
1105 1282 1272 1372 promissa
1289 1301 1312 1350 a
1329 1277 1420 1351 dicto
1437 1279 1550 1372 legato
1566 1275 1707 1348 nomine
1721 1273 1848 1346 sumni
1867 1271 1977 1367 ponti·

574 1391 663 1485 ficis,
686 1415 748 1488 pro
767 1416 836 1488 qua
860 1397 1008 1489 pecunia
1029 1409 1064 1470 et
1080 1399 1127 1472 ad
1147 1400 1187 1473 id
1203 1402 1253 1474 sic
1272 1399 1526 1474 observandum
1545 1399 1706 1472 universa
1721 1397 1814 1470 bona
1826 1394 1978 1468 Ecclesia

571 1519 724 1591 Romane
736 1520 871 1614 pignori
886 1521 1052 1616 obligavit
1067 1523 1158 1597 dicto
1170 1527 1359 1599 communi.
1376 1524 1432 1597 Ad
1448 1545 1517 1618 que
1530 1521 1646 1596 omnia
1658 1529 1694 1592 et
1708 1520 1846 1613 singula
1862 1539 1978 1613 supru-

572 1641 663 1714 dicta
681 1641 793 1714 dictus
811 1645 979 1716 Henricus
997 1655 1133 1720 creatus
1147 1648 1213 1720 iuit
1226 1647 1429 1722 sindicusin
1445 1646 1585 1720 oonsilio
1602 1647 1703 1736 iano,
1718 1651 1855 1738 recepta
1867 1649 1978 1736 potcs-

571 1771 641 1836 tate
658 1786 680 1836 a
696 1763 798 1838 dictis
813 1775 979 1860 potestate
997 1777 1032 1842 et
1046 1769 1252 1843 consiliariis
1264 1769 1406 1863 jurandi
1416 1770 1454 1842 in
1468 1771 1619 1842 animam
1633 1768 1800 1863 ipsorum,
1820 1773 1861 1835 ut
1875 1784 1977 1856 snpe-

570 1887 642 1958 rius
656 1886 787 1960 dictum
804 1902 868 1960 est.

619 2009 705 2081 Acta
724 2021 806 2082 sunt
824 2011 889 2084 hec
910 2014 1020 2086 launo
1037 2015 1074 2085 in
1092 2015 1220 2108 putatio
1238 2015 1482 2087 Fornariorum
1499 2015 1560 2086 ubi
1581 2013 1678 2086 curia
1695 2018 1842 2085 tenetur.
1861 2009 1977 2082 Testes

570 2133 717 2205 Obertus
731 2135 866 2206 Ruxius
877 2135 1001 2226 judex,
1014 2137 1218 2210 Guilieimus
1230 2137 1275 2210 de
1286 2137 1412 2222 Quinto
1422 2137 1548 2228 judex,
1566 2137 1735 2209 Honricns
1748 2133 1973 2220 Maraxellus,

568 2256 768 2330 Fredericus
784 2257 829 2330 de
846 2258 983 2347 Predis‚
1000 2261 1153 2332 Janonus
1171 2260 1216 2332 de
1231 2260 1331 2332 Porta
1347 2260 1475 2352 scriba,
1490 2259 1652 2353 magister
1669 2261 1788 2330 Petrus
1805 2257 1852 2330 de
1866 2254 1977 2330 Guar-

569 2379 647 2452 cino
670 2378 803 2452 domiui
830 2401 919 2476 pape
940 2382 1103 2476 scriptor,
1128 2383 1302 2456 Guiredus
1325 2383 1370 2456 de
1397 2384 1539 2456 Tanusia
1562 2381 1608 2455 de
1630 2381 1846 2468 Mediolano,
1873 2382 1978 2452 fretu

568 2503 608 2574 N.
626 2500 690 2597 (a),
707 2512 790 2595 etc,
810 2503 868 2576 die
878 2505 970 2595 jovis
984 2506 1058 2578 Vlli
1075 2507 1155 2578 idus
1171 2506 1376 2580 decembris.

617 2625 693 2709 Que
718 2627 833 2698 omnia
858 2626 959 2699 vobis
980 2649 1049 2700 non
1074 2629 1170 2722 potui
1197 2629 1330 2702 mittere
1354 2629 1529 2724 publicata
1558 2637 1695 2724 propter
1721 2627 1973 2716 festinantiam

568 2757 681 2822 umen
698 2747 744 2822 de
760 2750 923 2822 omnibus
940 2752 1085 2824 fecimus
1099 2751 1174 2825 fieri
1191 2754 1330 2848 publiea
1345 2753 1583 2826 instrumenta.

620 3232 804 3341 Rogerius
821 3234 869 3315 de
888 3232 1049 3340 Amicis,
1070 3232 1288 3341 capitaneus
1306 3241 1344 3316 et
1360 3231 1542 3340 magister
1564 3232 1796 3341 justiciarius
1819 3261 1843 3317 a
1864 3247 1978 3346 porta

567 3363 692 3446 Roseti
711 3391 833 3472 usque
850 3365 1017 3446 Pharum
1035 3375 1074 3447 et
1091 3391 1158 3472 per
1175 3375 1296 3448 totam
1312 3365 1496 3472 Siciliam,
1510 3365 1640 3473 vigore
1657 3366 1828 3448 mandati
1841 3367 1976 3476 impe-

567 3495 673 3577 rialis
705 3495 814 3605 cujus
841 3506 950 3578 tenu
976 3496 1175 3605 inseritur,
1201 3497 1310 3606 jubet
1336 3506 1379 3580 ut
1406 3497 1564 3580 ecelesia
1591 3497 1718 3580 Sancti
1746 3497 1897 3608 Georgii
1927 3502 1979 3583 de

565 3628 753 3713 Bubalino
772 3656 860 3712 cum
883 3629 1062 3713 omnibus
1085 3631 1387 3738 possessionibus
1409 3641 1447 3713 et
1469 3631 1694 3739 appenditiis
1714 3631 1816 3739 suis,
1833 3632 1874 3712 in
1896 3657 1976 3714 ex·-
2102 3663 2106 3674 ·

566 3761 758 3844 cambium
783 3761 978 3844 tenimenti
1005 3762 1163 3868 Mutari,
1189 3761 1317 3844 abbati
1345 3769 1382 3845 ct
1408 3761 1607 3844 conventui
1634 3762 1762 3846 Sancti
1790 3762 1978 3872 Stephani¹

565 3893 613 3975 de
629 3891 749 3976 Bosco
768 3893 997 4003 assignetur.

647 4081 762 4160 (Edidit
776 4083 933 4156 Cenum,
948 4079 1068 4140 Memor.
1084 4077 1161 4140 dello
1173 4078 1266 4142 eiiam
1278 4079 1402 4160 Militare
1406 4127 1418 4159 ,
1431 4080 1572 4160 append„
1586 4098 1617 4159 p.
1635 4079 1717 4160 1⁵⁵.)

613 4241 649 4311 in
668 4241 808 4312 nomine
823 4241 885 4312 Dei
900 4240 1008 4312 eterni
1026 4249 1060 4311 et
1078 4241 1266 4313 salvatoris
1288 4241 1395 4314 nostri
1418 4237 1648 4312 Dominilesu
1664 4237 1910 4329 Christianae
1925 4239 1976 4312 ab

564 4365 796 4436 incarnatione
820 4361 977 4456 ejusdem
1003 4364 1048 4433 M.
1061 4361 1123 4435 CC.
1139 4363 1224 4450 XLI,
1251 4363 1310 4436 die
1333 4363 1450 4435 martis
1475 4361 1521 4434 tx
1547 4361 1795 4453 mensisujuiii3
1819 4360 1973 4457 x111(t)

468 4501 474 4510 ·
563 4485 777 4574 indictionis,
804 4485 938 4581 imperii
962 4495 1079 4558 autern
1108 4485 1240 4560 domini
1256 4486 1362 4560 nostri
1380 4483 1563 4572 Friderici,
1584 4483 1646 4557 Dei
1671 4483 1781 4580 gratia
1805 4483 1974 4556 illustris-

605 4651 645 4730 (α)
667 4652 869 4715 vaurmurnr
883 4636 1031 4714 uuum.

605 4755 646 4836 (u)
666 4757 835 4836 uanum
847 4757 945 4820 auu.
