4358 5996
226 692 329 756 lnoto'r.
346 693 410 772 la]
679 690 876 754 HISTORIA
900 689 1193 755 orrhotth'rtctt
1583 686 1642 750 941

229 838 266 902 et
288 828 457 925 expeusIe
482 825 685 902 eommdem
710 827 931 918 animalium,
960 825 1147 922 quamdam
1174 824 1322 922 pecunie
1345 821 1592 920 quantitatem,
1611 831 1646 895 et

228 951 375 1048 proinde
388 960 544 1026 nostrum
554 950 767 1046 requisivisti
780 949 1000 1034 mandatnm,
1017 952 1128 1046 placet
1143 949 1244 1023 nohis
1259 957 1298 1021 ut
1309 949 1404 1039 jnste
1419 955 1454 1020 et
1471 945 1646 1019 moderate

232 1097 387 1172 expense
407 1097 478 1172 que
500 1076 590 1149 Iacto
607 1075 747 1149 luerunt
771 1075 808 1148 in
831 1073 997 1170 predictis
1018 1073 1166 1148 servitiis
1181 1072 1327 1163 noshh,
1348 1072 1384 1145 in
1402 1071 1472 1144 tuis
1496 1069 1646 1144 debeant

229 1199 423 1271 rationibus
438 1196 643 1293 computari.

278 1324 406 1395 Datum
422 1322 608 1411 Coronate,
625 1320 748 1393 nItImo
760 1319 904 1416 aprelis,
922 1319 999 1393 XIII
1015 1317 1225 1393 iudIetionis.

287 1824 508 1910 illaudatum
531 1825 581 1907 ad
604 1824 883 1928 Alexandrum,
905 1824 1028 1907 filium
1046 1824 1218 1927 Heuriei,
1244 1824 1293 1906 de
1324 1823 1498 1933 expensis
1525 1821 1646 1906 solitis
1723 1897 1734 1919 ,
1816 1915 1824 1932 .

233 1955 395 2040 Iohanni
412 1956 559 2042 Perieio
585 1957 734 2040 custodi
752 1958 957 2042 domorum
975 1958 1102 2040 curiae
1125 1957 1226 2065 apud
1250 1955 1384 2039 Joham
1406 1954 1643 2039 exhibendis.

317 2157 444 2240 (Rapaci.
456 2157 561 2238 imper.
575 2154 693 2218 mede.
708 2158 753 2232 11,
769 2157 821 2219 Iol.
840 2166 895 2218 too
912 2165 1007 2232 recto;
1023 2159 1054 2218 In
1067 2158 1138 2219 edlt.
1154 2159 1290 2232 carun,
1304 2173 1335 2235 p.
1352 2157 1436 2237 tos.)

282 2333 333 2403 De
344 2331 515 2426 imperiali
529 2330 688 2404 mundato
701 2331 790 2422 scoto
799 2351 863 2424 per
875 2331 1070 2424 magistrum
1083 2331 1221 2402 Petrum
1237 2329 1277 2400 de
1296 2331 1398 2402 I'e'ceo
1411 2331 1543 2424 scripsit
1553 2332 1649 2402 Lao-

239 2457 361 2526 rectas
377 2483 386 2526 :
647 2467 650 2474 '

285 2577 502 2664 hadericus,
526 2586 610 2669 eto,
635 2577 678 2650 A.
702 2578 774 2650 lilio
797 2578 955 2668 Henrici,
975 2588 1042 2651 etc.
1070 2575 1284 2672 Significavit
1305 2576 1510 2650 excellentie
1536 2586 1651 2650 nostre

238 2699 409 2774 lohannes
423 2700 575 2774 Parisios
592 2699 704 2775 tidelis
720 2711 836 2774 noster
852 2701 1043 2797 quodcum
1059 2701 1280 2774 statuerimus
1295 2722 1376 2774 enm
1394 2699 1441 2772 ad
1458 2701 1650 2773 custodiam

239 2823 419 2898 domorum
433 2833 626 2898 nostrarum
647 2817 753 2916 lohe,
769 2834 804 2898 et
821 2847 994 2921 expensas
1012 2845 1075 2920 pro
1092 2841 1149 2917 se,
1167 2845 1260 2918 equo
1277 2845 1348 2896 uno
1366 2834 1400 2896 et
1413 2824 1562 2898 scutario
1578 2845 1651 2897 nno

239 2946 519 3043 apredeoessore
533 2957 594 3021 tuo
607 2947 790 3022 Thomaeio
807 2947 853 3022 de
870 2947 1066 3021 Brundusio
1085 2957 1284 3044 perceperat
1303 2947 1483 3036 hactenns,
1506 2956 1542 3019 tu
1560 2947 1653 3042 ipsas

239 3092 409 3166 expensas
427 3071 543 3145 eidem
558 3093 627 3144 non
645 3073 793 3146 exhibes
808 3079 911 3168 prout
928 3071 962 3144 ei
977 3071 1090 3144 dictus
1104 3071 1308 3144 Thomesins
1322 3069 1522 3144 exhibebat.
1538 3069 1653 3154 Quare

239 3194 443 3268 mandamns
458 3204 631 3290 quatenus
649 3195 680 3266 ei
698 3205 750 3268 est
766 3196 827 3288 ita,
846 3195 939 3269 dieto
957 3195 1104 3270 Iohanni
1122 3216 1294 3291 expensas
1310 3195 1426 3268 solitas
1443 3203 1479 3266 et
1493 3201 1650 3282 statutas,
1780 3251 1781 3254 ,

239 3328 340 3414 prout
355 3340 376 3390 a
392 3317 548 3414 predicto
569 3319 752 3392 Thomaeio
770 3327 924 3416 ternpore
944 3327 1112 3393 retroacto
1129 3317 1303 3416 percepit,
1324 3317 1369 3392 de
1385 3316 1534 3414 pecnnia
1557 3315 1654 3390 curie
1773 3334 1791 3420 Q

240 3452 353 3516 nostre
375 3451 516 3536 quaest
538 3463 602 3539 per
621 3465 745 3515 manus
769 3452 848 3516 tuae
872 3452 942 3516 tam
964 3463 1029 3539 pro
1048 3452 1203 3539 tempore
1224 3441 1387 3538 preterito
1410 3461 1481 3536 quo
1502 3461 1562 3513 eas
1583 3459 1653 3513 non

241 3562 359 3637 habuit
381 3586 488 3659 quam
508 3565 611 3640 etiam
635 3566 671 3637 in
698 3573 820 3658 antem
841 3564 969 3640 debeas
986 3565 1170 3659 exhibere,
1190 3575 1393 3663 recepturus
1408 3563 1538 3639 exInde
1561 3584 1653 3660 apo-

242 3685 372 3760 dixam.

286 3811 412 3884 Datum
427 3811 530 3902 Orte,
548 3812 563 3884 I
581 3809 706 3906 madii,
723 3813 801 3886 XIII
818 3810 1029 3886 indictionis.

1082 4085 1436 4100 ...—----———-

291 4346 514 4432 Mandatum
534 4349 584 4431 ad
604 4347 853 4460 justitiarium
871 4351 1008 4434 Terrae
1024 4348 1182 4434 Laboris
1199 4357 1244 4432 ut
1260 4357 1337 4432 tres
1353 4351 1457 4459 putei
1475 4349 1526 4433 ad
1543 4349 1651 4432 heu-

242 4477 391 4694 erphndas
421 4505 543 4590 aquae
574 4482 678 4591 apud
709 4483 888 4568 Suessam
918 4483 992 4568 sub
1018 4481 1180 4593 alicujus
1205 4481 1277 4567 riri
1305 4481 1432 4565 idonei
1460 4480 1651 4564 conductu

308 4611 446 4696 'autum

320 4785 450 4872 (Ilcput.
464 4791 568 4874 imper.
583 4791 703 4856 bleda.
718 4793 759 4874 11,
770 4793 820 4859 Iol.
837 4803 894 4858 106
906 4800 1001 4870 recto;
1015 4795 1048 4856 ln
1061 4793 1133 4856 edlt.
1149 4794 1285 4874 Cernen„
1298 4812 1328 4874 p.
1346 4791 1430 4875 ⁴08.)

323 4895 360 4958 V.
380 4907 471 4959 Pena.
1434 4907 1491 4963 tro

1714 4369 1825 4467 dhet.
