4384 6004
203 647 305 711 lucrer.
326 649 389 728 lt]
660 648 859 711 HISTORIA
884 650 1179 713 nrrtontrrctt.
1541 643 1619 706 1083

202 783 389 878 apostolica
400 782 503 856 sodes
513 803 650 874 causus,
664 804 735 878 que
748 784 907 877 negocia,
922 786 989 858 nisi
1003 795 1121 862 contra
1133 783 1295 858 rebellem
1309 779 1498 878 principem
1513 801 1618 874 quem

201 907 369 999 majorem
387 907 444 980 vel
467 905 601 978 minimi
622 927 692 978 non
716 907 897 1000 ignorant?
912 908 1014 994 Quod
1040 910 1069 981 si
1094 928 1218 981 causus
1236 907 1293 979 vel
1314 903 1513 998 questiones
1534 903 1620 976 alias

201 1029 330 1104 habeat
346 1030 425 1104 sive
438 1030 575 1125 negotia
593 1029 732 1102 latentia
748 1031 805 1102 vel
821 1031 983 1121 obscura,
999 1053 1069 1106 non
1087 1051 1266 1125 nunquam
1283 1027 1525 1100 necessitatem
1536 1028 1618 1098 sub·

201 1154 376 1227 ventionis
387 1175 450 1249 pro
460 1152 666 1226 libitovobis
677 1159 712 1226 et
723 1153 872 1226 subditis
882 1155 1006 1228 vestris
1017 1177 1080 1252 per
1092 1155 1245 1249 legatum
1258 1151 1438 1248 imposuit;
1450 1171 1544 1222 nnnc
1558 1171 1621 1245 per

92 1260 96 1280 '
202 1277 319 1372 ipsum
333 1278 486 1370 legatum
500 1277 556 1350 vel
571 1276 701 1350 litteras
718 1278 873 1350 revelare
886 1279 999 1372 potnit
1011 1277 1107 1373 quod
1121 1275 1283 1366 intendit,
1301 1284 1341 1346 nt
1354 1294 1400 1347 ex
1416 1282 1507 1346 certa
1523 1295 1622 1346 man-

203 1401 276 1474 dati
296 1401 405 1473 forma
430 1409 560 1473 certum
582 1399 765 1472 consilinm
790 1401 995 1474 formaretur
1013 1411 1048 1473 et
1069 1399 1212 1473 vitanda
1236 1399 1389 1496 pericula
1407 1407 1617 1470 notarentur.

202 1523 360 1608 Qualiter
377 1524 503 1597 inlcrrc
517 1532 736 1618 presumatur
757 1524 949 1597 sanctitatis
970 1525 1201 1621 propositum,
1223 1521 1369 1616 qualiter
1386 1543 1456 1616 qne
1471 1521 1622 1594 creditur

202 1647 385 1720 utilitatem
402 1647 571 1743 respicere
588 1646 824 1740 singulorum,
843 1669 951 1742 quum
968 1649 1004 1719 in
1023 1647 1171 1724 armario
1190 1654 1400 1720 secretorum
1417 1645 1468 1717 sic
1485 1644 1621 1717 silentiu

203 1771 330 1867 tegitur
343 1771 439 1866 quod
455 1791 520 1844 nec
537 1771 688 1844 inaures
700 1771 856 1867 publicas
870 1773 981 1844 necin
998 1771 1209 1845 consiliarius
1220 1769 1480 1864 promulgaturi
1492 1769 1528 1840 Si
1540 1790 1622 1841 vero

205 1917 346 1969 cunmm
358 1916 465 1989 qnam
479 1894 579 1968 vobis
591 1895 795 1967 inconsultis
806 1903 924 1969 contra
935 1876 1112 1968 crudelem
1124 1895 1317 1990 principem
1333 1902 1368 1965 et
1382 1899 1555 1987 potentem
1569 1894 1621 1963 in-

206 2020 309 2112 cepit,
321 2019 464 2092 consilio
482 2029 597 2092 vestro
610 2017 759 2093 diffinire
770 2019 954 2115 disposuit,
971 2019 1143 2114 numquid
1158 2020 1248 2092 sicut
1267 2019 1341 2089 sino
1354 2016 1454 2088 vobis
1467 2016 1513 2088 ab
1525 2016 1622 2090 initio

206 2142 385 2238 vilipensis
400 2142 586 2237 procedere
599 2142 741 2237 incepit,
753 2164 950 2238 processum
966 2165 1068 2215 snum
1083 2143 1159 2216 sine
1171 2141 1271 2214 vohis
1283 2141 1405 2236 poterit
1417 2142 1619 2231 terminare,

205 2267 261 2339 vel
275 2265 305 2338 si
319 2265 586 2339 consiliovestro
603 2264 749 2339 finaliter
760 2267 810 2338 nti
822 2267 906 2339 velit
918 2267 979 2362 qni
997 2267 1260 2362 primordialiter
1274 2287 1343 2338 nun
1355 2265 1503 2355 curavit,
1518 2287 1620 2336 nnm-

206 2387 291 2483 quid
306 2389 416 2460 tutius
429 2389 494 2461 init
509 2389 689 2462 consilinm
705 2411 768 2486 per
781 2390 909 2462 litteras
925 2389 981 2462 vel
995 2391 1147 2484 legatum
1165 2411 1186 2463 a
1202 2389 1303 2462 vobis
1325 2389 1500 2482 requirere
1516 2411 1621 2482 qnam

207 2514 554 2586 vocatusintortanta
564 2514 720 2609 pericula
732 2533 796 2586 vos
807 2514 933 2610 perire,
950 2523 989 2584 nt
1003 2523 1207 2609 conceptum
1221 2514 1266 2585 ab
1279 2513 1355 2607 ipso
1367 2511 1543 2604 negotium
1560 2532 1623 2606 ge-

207 2638 368 2710 neraliter
378 2637 564 2710 Ecclesiam
578 2645 732 2731 tangeret
743 2637 963 2731 generalem?
976 2638 1091 2722 Quare
1107 2637 1287 2710 consilinm
1302 2645 1453 2710 vestrum
1465 2636 1510 2707 ab
1523 2635 1622 2706 initio

207 2781 275 2832 non
295 2761 465 2854 quesivit,
482 2760 660 2852 quiscum
679 2759 758 2832 linis
772 2771 937 2832 eventum
944 2763 1047 2854 juxta
1058 2761 1258 2854 qualitatum
1274 2758 1433 2854 principii
1445 2759 1618 2849 sortiatur,

207 2881 272 2954 init
287 2883 477 2955 consultius
491 2882 537 2955 do
555 2883 723 2978 principio
739 2885 920 2956 consilium
934 2905 1078 2977 querere
1093 2905 1199 2978 qnam
1217 2883 1262 2956 de
1283 2881 1365 2955 linc.
1381 2881 1508 2954 Verum
1524 2891 1560 2952 ut
1575 2881 1621 2954 de

208 3025 312 3078 cansa
323 3005 476 3078 mandati
489 3019 524 3078 et
538 3007 749 3079 mandatoris
759 3007 886 3078 veritas
899 3007 1056 3099 fateatur,
1069 3008 1152 3078 satis
1164 3015 1277 3101 potest
1290 3028 1337 3079 ex
1346 3007 1454 3080 forma
1464 3005 1621 3100 rescripti

208 3129 286 3203 elici
305 3129 360 3201 vel
376 3129 540 3224 presumi.
555 3131 639 3202 Cum
656 3139 773 3202 antem
792 3139 909 3202 contra
926 3141 1111 3227 tyrannum
1129 3131 1402 3225 potentissimum
1423 3128 1620 3224 incipiendo

207 3251 295 3345 qnid
313 3273 375 3346 per
389 3272 428 3324 se
443 3245 702 3347 incepit‘videat
720 3253 975 3347 imperfectum,
991 3251 1103 3326 tendit
1120 3260 1159 3324 nt
1173 3263 1336 3347 gravetur
1347 3251 1441 3344 rigor
1454 3253 1621 3325 sententie

209 3383 328 3446 contra
337 3375 467 3470 ipsum,
476 3376 531 3448 vel
544 3373 769 3470 depositionis
778 3375 947 3449 sententia
957 3379 1195 3471 promulgetur
1204 3377 1362 3471 aliusque
1375 3397 1438 3470 pro
1448 3397 1512 3448 sno
1523 3376 1622 3448 libito

207 3496 405 3593 proficiatur
422 3500 584 3595 imperio,
604 3499 704 3572 vobis
723 3501 752 3573 si
774 3499 896 3572 deceat
922 3503 978 3573 vel
1003 3523 1073 3574 non
1099 3501 1219 3574 deceat
1234 3503 1335 3593 juxta
1357 3501 1492 3573 libitum
1519 3522 1620 3576 strum

208 3623 439 3716 prestantibus
452 3623 636 3695 consilium
654 3633 689 3695 et
701 3643 896 3714 assensum,
915 3634 953 3695 nt
968 3623 1043 3696 sitis
1060 3645 1190 3718 organa
1206 3625 1364 3697 sonantia
1373 3626 1476 3717 juxto
1490 3622 1621 3698 deduc·

209 3745 335 3817 tionem
351 3754 387 3817 et
407 3745 541 3817 libitum
563 3747 749 3838 organista.
770 3747 926 3841 Cumque
943 3769 1007 3820 nec
1030 3748 1094 3820 iste
1112 3747 1214 3840 dejici
1233 3770 1297 3820 nec
1321 3749 1379 3820 ille
1400 3747 1516 3843 prefici
1538 3750 1620 3820 item

209 3889 273 3940 nec
287 3867 427 3941 delendi
444 3869 551 3962 possit
564 3869 640 3942 sine
651 3871 816 3963 gravibus
829 3870 994 3942 oneribus
1013 3893 1257 3966 expensarum,
1275 3881 1402 3944 statuet
1413 3882 1448 3944 et
1465 3872 1623 3966 disponet

211 4000 250 4062 nt
269 3993 331 4086 qni
355 3993 527 4063 communi
551 3993 696 4065 consilio
718 4001 886 4066 statuetur
904 3995 1069 4089 expensis
1087 3995 1329 4067 communibus
1346 3994 1564 4084 defendatur,
1583 4005 1622 4066 ut

210 4115 277 4202 sic,
296 4123 398 4209 prout
409 4117 484 4208 ejus
496 4115 697 4211 rescriptum
715 4116 862 4190 obscure
878 4118 1040 4209 continet,
1058 4119 1093 4188 in
1112 4126 1225 4190 vestra
1238 4115 1432 4190 visitatione
1448 4138 1509 4212 pro
1524 4116 1622 4188 libito

211 4238 392 4310 consilium
408 4250 627 4335 expectatum
640 4241 766 4314 habeat
783 4241 819 4312 in
838 4263 998 4337 processu
1017 4251 1052 4314 et
1070 4252 1245 4338 speratum
1261 4242 1419 4314 solatium
1435 4241 1472 4311 in
1490 4260 1620 4333 expen-

213 4359 272 4432 sis.
289 4362 379 4434 Satis
400 4363 490 4435 enim
506 4363 680 4437 videbitur
694 4367 904 4437 contrarium
922 4366 1043 4438 rationi
1060 4375 1098 4437 ut
1115 4365 1176 4460 qni
1200 4365 1244 4438 de
1259 4385 1440 4460 processus
1455 4361 1622 4459 principio

214 4484 395 4557 consiliarii
409 4507 477 4558 non
497 4487 628 4578 fuistis,
651 4486 730 4559 finis
747 4510 852 4561 onera
870 4490 1059 4583 expectetis
1084 4489 1197 4582 sitqne
1214 4487 1371 4583 deceptio
1394 4509 1456 4583 pro
1476 4486 1622 4580 negotiis

214 4607 386 4681 universis
401 4609 564 4697 Ecclesie,
593 4620 627 4683 et
650 4611 729 4683 licet
749 4612 846 4684 initio
869 4634 1057 4685 consensus
1070 4614 1145 4704 ejus
1164 4613 1218 4684 vel
1242 4613 1421 4684 consilium
1448 4619 1621 4703 contemp·

214 4739 331 4822 natur,
353 4733 530 4807 tributoria
557 4743 723 4807 statuetur
746 4744 780 4806 et
803 4747 968 4832 perpetue
993 4737 1168 4809 servitutis
1194 4736 1348 4831 patibulo
1375 4733 1616 4830 suspendetur.
