4384 6004
276 674 373 734 lrtnrcr.
393 673 456 752 th]
723 673 919 735 HISTORIA
944 671 1237 734 nrrtouhrtca
1608 668 1684 731 1127

275 808 430 904 Cumque
446 821 522 904 post
541 809 669 881 vietam
689 819 724 880 et
743 807 915 880 obtentam
940 807 1158 896 Faventiam,
1184 805 1231 880 ad
1246 805 1546 902 depopulationem
1570 805 1686 879 vicine

276 934 428 1008 Bononio
455 945 610 1006 nostrum
636 915 898 1028 properaremus
923 932 1134 1028 propositum
1159 931 1342 1004 instantius
1366 939 1401 1004 et
1425 953 1505 1004 cnm
1531 929 1686 1004 exercitu

276 1066 391 1130 nostru
408 1057 556 1154 potenti,
574 1077 620 1130 ex
638 1053 787 1128 diversis
798 1055 920 1129 mundi
939 1055 1095 1152 partibus
1110 1064 1316 1146 restaurato,
1333 1055 1593 1148 accingeremur
1608 1055 1688 1128 leli-

276 1183 371 1270 citcr,
397 1182 541 1254 auribus
567 1180 691 1256 nostris
716 1201 805 1253 nova
832 1189 1013 1276 expectata
1031 1179 1305 1253 desiderabiliter
1319 1187 1544 1252 occurrerunt
1563 1206 1572 1250 ε
1591 1179 1687 1274 quod

276 1327 356 1380 cum
370 1306 591 1378 Panestrinus
606 1305 791 1400 spiscopus
804 1305 913 1378 nostri
927 1304 1068 1377 honoris
1089 1313 1123 1376 et
1139 1303 1288 1376 nominis
1306 1304 1530 1392 obtrectatur,
1549 1304 1611 1398 qui
1632 1325 1688 1376 ra·

277 1451 397 1526 pacem
411 1431 533 1525 lupum
549 1430 616 1502 suh
631 1429 734 1502 ovina
751 1430 840 1524 pelle
854 1439 985 1524 tegens,
1001 1427 1096 1522 quod
1111 1437 1225 1524 possed
1238 1428 1388 1522 effugere
1402 1449 1524 1500 manus
1540 1437 1686 1516 nostras,

277 1565 485 1650 patratarum
506 1554 602 1627 velut
616 1575 757 1626 suarum
778 1554 814 1625 in
833 1575 896 1626 nos
912 1554 1071 1626 conscius
1096 1553 1320 1643 offensarum,
1344 1554 1539 1647 frequenter
1556 1554 1689 1648 speeies

276 1679 457 1753 hominum
478 1701 523 1752 ex
546 1679 677 1750 alterna
699 1700 813 1750 rerum
839 1687 874 1750 et
893 1679 1174 1750 commerciorum
1200 1678 1364 1750 varietata
1386 1677 1577 1763 contraxit,
1600 1677 1689 1750 Otho

277 1804 387 1876 saneti
412 1803 543 1876 Nicolai
568 1801 604 1874 in
629 1824 764 1876 carcere
789 1803 944 1874 Tulliano
968 1802 1135 1874 diaconus
1158 1800 1360 1892 cardinalis,
1387 1802 1447 1895 qui
1468 1801 1531 1875 diu
1558 1803 1690 1895 legatae

279 1927 388 2000 luerat
412 1927 447 1998 in
468 1926 625 2022 partibus
642 1927 879 2022 transalpinis,
898 1935 934 1999 et
955 1935 1072 1998 contra
1094 1926 1260 1998 honorem
1279 1934 1433 1998 nostrurn
1457 1926 1691 2022 multipliciter

279 2050 506 2140 machinatus,
522 2052 732 2146 prelatorum
750 2051 865 2141 turha,
885 2072 991 2144 qnam
1012 2048 1169 2122 divinare
1183 2071 1284 2122 nemo
1301 2059 1451 2144 poterat,
1472 2071 1534 2146 pro
1545 2051 1692 2124 concilio

277 2184 394 2246 contra
416 2195 478 2247 nos
500 2177 607 2248 Rome
632 2175 838 2250 celebrando
865 2195 912 2248 ex
934 2173 1081 2248 diversis
1104 2174 1227 2246 mundi
1250 2173 1437 2268 provinciis
1460 2183 1689 2268 congregata,

277 2299 422 2372 lanuam
437 2299 629 2389 venientes,
650 2299 902 2394 conspiratione
920 2301 1007 2370 facta
1021 2321 1099 2370 cum
1112 2298 1343 2370 lennensihos
1356 2297 1478 2370 nostris
1491 2287 1689 2388 rebellibus,

278 2432 313 2496 et
336 2433 467 2495 armata
497 2423 625 2496 ibidem
653 2424 753 2520 eopia
779 2424 953 2515 galearum
983 2445 1063 2494 cum
1089 2422 1217 2516 quibus
1243 2420 1324 2494 duci
1347 2422 1490 2494 Romam
1513 2433 1548 2496 et
1571 2421 1692 2495 reduci

278 2547 424 2619 lanuam
443 2558 695 2637 convenerant,
713 2549 779 2620 sub
799 2548 958 2620 infaustis
972 2568 1091 2620 eorum
1111 2546 1273 2640 auspiciis
1287 2545 1378 2618 viam
1392 2547 1622 2642 navigationis
1639 2570 1693 2620 as·

278 2680 473 2761 sumerent3
490 2672 605 2765 galeas
624 2681 740 2744 autem
758 2683 893 2744 nostras
908 2681 942 2743 et
961 2672 1177 2760 Pisanorum,
1193 2692 1280 2764 quas
1297 2668 1345 2742 ad
1362 2691 1483 2742 eorum
1500 2670 1692 2766 impedien-

278 2793 363 2868 dum
380 2797 562 2902 transitum
578 2795 761 2870 solicitudo
776 2807 891 2869 nostra
910 2793 971 2868 diu
989 2807 1069 2868 ante
1086 2794 1285 2890 providerat
1301 2805 1335 2866 et
1357 2804 1494 2890 pararat
1509 2795 1545 2866 in
1560 2795 1644 2870 locis
1657 2807 1693 2868 et

218 2987 223 2998 ,
278 2919 460 3014 portubus,
480 2943 542 3016 per
558 2942 628 3015 que
642 2918 821 3014 oportebat
836 2941 896 2991 eos
914 2917 1110 2992 necessario
1126 2919 1346 3012 pertransire,
1363 2918 1485 2992 obvias
1505 2918 1660 2993 habuere
1680 2946 1688 2985 ι

278 3045 324 3116 ita
337 3044 432 3139 quod
444 3045 600 3118 homines
616 3045 713 3140 regni
726 3044 845 3135 nostri,
862 3066 942 3116 cum
959 3043 1142 3116 victorioso
1156 3044 1312 3116 exercitu
1327 3053 1442 3116 nostro
1456 3053 1491 3116 et
1503 3065 1583 3116 cum
1597 3043 1692 3118 fide-

277 3168 367 3242 libus
384 3159 511 3242 ‘nostris
537 3169 686 3258 Pisanis,
715 3177 908 3242 nostrorum
932 3167 1126 3242 infidelium
1152 3167 1377 3240 Januensium
1396 3142 1513 3260 galeas
1536 3175 1692 3264 potenter

279 3291 452 3388 adgressi,
482 3293 594 3364 trihus
613 3314 731 3366 eornm
762 3293 870 3388 galeis
897 3293 932 3363 in
957 3293 1043 3364 mari
1067 3292 1277 3382 submersis,
1302 3300 1337 3363 et
1359 3293 1514 3388 personis
1536 3293 1688 3387 amissis,

279 3417 401 3512 viginti
419 3417 509 3490 duas
525 3417 642 3512 galeas
656 3416 904 3512 triumphaliter
922 3417 1142 3489 habuerunt:
1159 3438 1306 3510 quarum
1327 3415 1478 3490 sedecim
1499 3419 1692 3513 specialiter

278 3539 416 3612 obtenta
434 3541 574 3613 suntab
595 3541 792 3614 hominibus
806 3542 903 3634 regni
922 3540 1044 3629 nostri,
1062 3540 1205 3634 reliquis
1220 3563 1283 3614 sex
1300 3539 1347 3613 ad
1361 3563 1486 3614 manus
1503 3539 1691 3616 devenien-

279 3663 372 3736 tibus
388 3663 609 3756 Pisanorum;
626 3665 662 3736 in
676 3665 805 3760 quibus
816 3665 909 3760 capti
921 3674 1004 3738 sunt
1018 3663 1089 3737 duo
1104 3663 1248 3760 predicti
1260 3665 1379 3759 legati,
1391 3675 1426 3738 et
1438 3687 1518 3738 cum
1531 3666 1634 3740 eisG.
1647 3665 1692 3745 de

278 3787 461 3878 Romania,
483 3789 602 3861 tertius
615 3789 756 3861 insimul
772 3790 920 3883 legatus,
939 3789 1002 3884 qui
1018 3789 1165 3862 lanuam
1183 3809 1246 3884 pro
1261 3809 1379 3861 eornm
1397 3790 1558 3884 passagio
1577 3791 1691 3886 dispo·

279 3909 393 3982 nendo
407 3923 628 4004 precesserat,
643 3923 682 3982 ut
698 3912 734 3982 in
751 3911 876 3984 eodem
890 3933 973 3984 casu
989 3934 1068 3985 eum
1081 3912 1204 3985 iisdem
1224 3913 1344 4006 legatis
1356 3911 1498 3986 firmiter
1512 3915 1689 4009 ligaretur.

279 4031 374 4128 Capti
391 4055 531 4128 qnoque
547 4046 628 4108 sunt
645 4035 868 4130 quamplures
884 4035 1155 4131 archiepiscopi,
1174 4035 1347 4131 episcopi,
1364 4037 1525 4129 abbates,
1546 4040 1690 4134 priores,

281 4157 488 4252 presbyteri,
512 4168 746 4253 procuratores
768 4169 802 4231 et
822 4158 1039 4232 diversorum
1059 4161 1177 4232 nuncii
1195 4161 1422 4255 prelatorum,
1444 4162 1693 4238 ambasiatores

278 4279 458 4352 civitatum
474 4281 654 4353 rebellium
673 4282 960 4369 lombardorum,
987 4284 1049 4377 qui
1068 4293 1185 4356 contra
1210 4305 1276 4356 nos
1297 4284 1343 4357 ad
1368 4285 1483 4380 ipsum
1508 4289 1691 4360 concilium

281 4403 515 4496 mittebantur,
536 4415 571 4477 et
594 4419 740 4500 quatuor
758 4408 865 4479 millia
890 4408 1118 4479 lanuensium
1141 4407 1348 4498 electorum,
1366 4413 1425 4503 qul
1451 4431 1513 4506 pro
1528 4414 1693 4486 comitatu

279 4547 398 4599 eorum
415 4539 450 4598 et
468 4527 597 4602 ducatu
619 4532 754 4602 luerunt
767 4531 921 4626 deputati
939 4531 1147 4625 prelatorum
1166 4555 1174 4598 :
1196 4553 1284 4624 quos
1307 4554 1429 4606 omnes
1444 4557 1558 4608 carcer
1577 4547 1694 4611 noster

279 4647 436 4721 includit.
464 4649 597 4746 Quibus
619 4654 719 4726 novis
744 4652 791 4726 ad
811 4663 962 4724 nostram
987 4652 1199 4726 audientiam
1218 4665 1315 4746 grata
1343 4657 1510 4732 relatione
1534 4661 1690 4754 perlatis,

278 4771 359 4866 quia
374 4775 508 4866 negocii
526 4776 674 4870 qualitas
695 4777 895 4872 expetebat,
916 4778 1017 4850 atrei
1036 4777 1252 4851 succedentis
1270 4788 1418 4854 eventus
1440 4783 1571 4876 majora
1584 4785 1692 4859 felici-
