4524 6012
298 685 395 745 nce.
414 679 476 758 la]
747 667 943 732 ursacius
967 667 1260 734 ntruonerms.
1645 673 1702 734 aar

297 815 457 890 dilectam
476 809 577 884 nobis
598 816 634 880 et
657 803 802 900 imperio
825 811 941 876 nostm
962 802 1174 898 provinciam
1199 805 1321 878 Tuscia
1344 805 1410 878 sub
1432 807 1507 898 elus
1526 805 1706 900 capitanea

297 937 463 1012 duximus
486 928 759 1018 decernendam,
782 927 898 1022 ipsum
922 933 1074 1000 vestrum
1096 927 1250 998 omnium
1273 929 1468 1022 generalem
1488 929 1704 1024 capitaneum

295 1065 501 1146 statuentes,
518 1054 574 1128 cui
590 1051 752 1126 dedimus
768 1057 970 1144 potestatam
990 1057 1029 1122 ut
1043 1069 1165 1144 pacem
1181 1050 1218 1122 in
1233 1051 1354 1126 eadem
1372 1052 1550 1148 provincia
1569 1053 1705 1147 specia-

294 1183 371 1256 liter
388 1180 529 1254 studeat
549 1195 737 1273 procurare
755 1181 790 1246 et
810 1171 856 1246 ad
861 1223 1113 1244 .......
1134 1181 1170 1245 et
1183 1173 1429 1246 vconservanda
1451 1177 1567 1247 omnia
1589 1184 1705 1248 nostra

295 1315 330 1380 at
340 1303 479 1400 imperii
493 1304 574 1395 jura
589 1300 683 1372 illam
701 1295 916 1390 diligentiam
930 1293 1096 1369 adhibeat
1110 1305 1144 1368 et
1159 1297 1317 1370 ellectum
1331 1298 1496 1392 quemad
1513 1299 1703 1382 lucendum

294 1433 490 1501 nostrorum
493 1473 743 1498 .......
766 1415 919 1491 lldelium
937 1418 1149 1492 volumneet
1166 1421 1373 1515 precipimus
1388 1422 1463 1494 sine
1481 1437 1702 1516 personarum

292 1551 492 1646 acceptione
515 1546 662 1621 fideliter
677 1541 855 1629 exbiberi,
881 1540 1051 1629 ecclesiis,
1074 1541 1158 1614 locis
1174 1544 1363 1636 religiosis,
1387 1545 1545 1639 pupillis,
1563 1544 1699 1636 viduis,

290 1673 468 1768 orphanis,
487 1667 673 1762 majoribus
686 1675 721 1740 ct
734 1663 939 1750 minoribns,
955 1664 1162 1737 sublimibus
1178 1676 1213 1738 et
1232 1666 1423 1740 humilibus
1440 1676 1475 1740 et
1491 1667 1704 1762 quibuslibet

290 1798 543 1890 cujuscumque
561 1790 768 1867 conditionis
782 1785 951 1880 justitiam
971 1789 1166 1882 petentibus
1181 1790 1364 1882 largiatur,
1383 1811 1472 1884 equo
1486 1789 1621 1882 judicio
1634 1799 1702 1863 ter·

289 1919 415 1992 minari
432 1917 561 1990 iaciens
577 1913 789 2010 questiones.
804 1911 963 1983 Pretmea
981 1909 1048 1982 sibi
1071 1913 1304 1984 concessimus
1317 1935 1450 1985 merum
1467 1913 1650 2008 imperium
1668 1923 1703 1986 et

289 2041 399 2133 gladii
417 2049 619 2137 potestatem
638 2045 673 2110 et
696 2045 737 2108 nt
758 2035 795 2108 in
813 2035 1024 2108 facinorosos
1044 2033 1319 2109 animadvertere
1333 2035 1465 2126 valeat3
1488 2037 1702 2130 provinciam

289 2165 401 2260 ipsam
420 2165 499 2237 vice
514 2171 629 2236 nostra
644 2156 827 2255 purgando
849 2158 1085 2230 malefactores
1100 2157 1251 2252 inquirat
1272 2167 1308 2233 ct
1326 2161 1447 2256 puniat
1468 2160 1649 2255 inquisitos
1668 2171 1704 2234 et

290 2309 350 2362 eos
365 2289 428 2382 qni
449 2289 576 2360 lorams
591 2283 643 2382 (a)
661 2293 697 2356 et
719 2284 838 2355 vineta
853 2281 994 2376 publica
1013 2301 1101 2354 aneu
1127 2284 1308 2356 temerario
1329 2283 1460 2356 violare
1479 2295 1699 2380 presumunt;

291 2410 485 2484 criminales
510 2409 615 2482 etiam
641 2407 841 2500 questiones
866 2403 989 2478 audiat
1018 2413 1054 2477 et
1080 2405 1200 2478 civiles
1225 2427 1375 2500 quarum
1404 2405 1555 2497 cognitio
1583 2407 1613 2480 si
1640 2429 1703 2480 nos

291 2555 445 2607 essemus
459 2541 637 2628 presentes
652 2529 700 2604 ad
718 2538 873 2602 ncstmm
891 2527 1065 2620 judicium
1083 2528 1284 2622 pertinerem
1303 2529 1460 2602 liberales
1481 2551 1621 2626 quoque
1636 2553 1701 2603 an·
1736 2526 1740 2551 ¹

292 2657 364 2730 diat
390 2668 426 2730 et
453 2656 657 2730 determinet
682 2653 893 2747 questiones.
930 2651 1134 2746 Imponendi
1160 2652 1263 2724 etiam
1286 2652 1402 2724 banna
1429 2662 1463 2725 et
1487 2654 1612 2726 multas
1639 2655 1701 2728 ubi

291 2779 483 2874 expedierit
500 2779 737 2852 anctoritatem
754 2775 821 2848 sibi
836 2775 1025 2870 plenariam
1051 2774 1282 2868 impertimur;
1302 2775 1440 2847 decreta
1457 2776 1577 2868 utique
1594 2777 1701 2849 inter·

292 2910 397 2996 ponat
422 2923 493 2996 qne
518 2900 565 2993 (d)
592 2921 699 2996 super
723 2898 951 2972 transactione
976 2897 1235 2988 alimentorum,
1261 2898 1466 2970 alienatione
1494 2900 1700 2972 ecclesiasti·

292 3047 408 3096 earnm
425 3045 541 3097 rernm
563 3033 597 3096 et
616 3023 720 3096 etiam
740 3022 912 3094 minorum
932 3021 963 3092 ei
983 3020 1152 3112 justitiam
1173 3019 1344 3115 interponi
1368 3020 1544 3115 petierint3
1568 3031 1700 3096 tutores

291 3147 392 3218 etiam
406 3155 441 3217 et
458 3154 633 3218 curatores
647 3143 754 3217 dandi
765 3141 980 3242 quibuslibet
993 3141 1058 3214 sibi
1077 3141 1298 3216 concedimus
1314 3142 1533 3237 potestatem,
1555 3151 1589 3217 et
1605 3153 1644 3216 ut
1660 3145 1698 3217 in

291 3269 477 3360 majoribus
493 3279 527 3340 et
545 3267 738 3361 minoribus
752 3267 882 3361 quibus
897 3265 1104 3338 universalia
1120 3267 1199 3358 jura
1217 3275 1421 3338 succurrunt
1439 3288 1544 3340 causa
1559 3269 1699 3361 cognita

290 3391 514 3464 restitutionis
528 3391 565 3462 in
577 3391 751 3484 integrum
763 3388 969 3462 beneficium
981 3388 1096 3460 valeat
1112 3388 1289 3484 impertiri.
1305 3389 1362 3461 Ad
1375 3389 1586 3463 audientiam
1598 3415 1698 3465 suam

291 3523 360 3588 mm
376 3515 414 3586 in
433 3514 670 3588 criminalibus
686 3534 795 3608 quam
812 3513 848 3584 in
864 3512 1026 3584 civilibus
1046 3511 1159 3584 causis
1183 3513 1428 3608 appellationes
1450 3513 1576 3586 deferri
1593 3516 1696 3589 volu-

292 3657 385 3728 mus,
399 3659 488 3732 quas
503 3637 549 3710 ab
568 3637 746 3711 sententiis
758 3635 1009 3710 ordinariorum
1027 3633 1183 3726 judicum
1201 3635 1262 3729 qui
1275 3635 1549 3727 jurisdictionem
1569 3640 1615 3711 ab
1630 3640 1697 3712 im·

291 3762 384 3855 perio
403 3761 495 3834 nacti
511 3771 591 3833 sunt
608 3771 643 3834 et
663 3761 699 3830 in
713 3760 870 3855 predicta
885 3757 1064 3854 provincia
1083 3757 1262 3850 contigerit
1282 3758 1473 3854 interponi,
1491 3769 1530 3832 ut
1544 3769 1697 3835 mmena

290 3883 457 3957 sententia
482 3905 546 3957 aua
562 3883 609 3957 ad
626 3879 839 3956 audientiam
861 3879 967 3953 nostri
985 3879 1145 3953 culminis
1166 3881 1273 3974 possit
1288 3881 1394 3953 libere
1414 3885 1607 3976 provocari,
1628 3885 1696 3957 nisi

290 4005 346 4076 vel
370 4005 518 4099 qualitas
544 4027 649 4080 cause
676 4006 734 4078 rel
758 4003 1026 4100 appellationum
1051 4003 1217 4074 terminus
1243 4005 1478 4100 appellationis
1500 4006 1694 4080 subsidium

288 4125 441 4198 adimant
458 4129 658 4223 appellanti.
673 4109 889 4222 Quapropter
905 4125 1121 4198 universitati
1131 4133 1245 4199 vestre
1259 4123 1402 4199 firmiter
1415 4137 1449 4200 et
1463 4125 1615 4201 districte
1628 4130 1695 4201 sub

289 4247 430 4321 obtentu
463 4251 573 4343 gratie
599 4261 714 4325 nostre
738 4249 961 4347 precipiendo
988 4249 1194 4322 mandamus
1223 4259 1394 4344 qnatenus
1420 4250 1572 4344 predicto
1602 4255 1692 4326 Pan·

288 4369 420 4466 dulpbo
438 4371 484 4446 de
496 4371 683 4448 Faxanella
705 4373 752 4448 ad
772 4371 957 4447 fovendam
973 4393 1094 4469 pacem
1117 4380 1151 4446 et
1166 4373 1456 4445 manutenendam
1469 4375 1643 4465 justiciam
1660 4387 1696 4450 et

288 4495 544 4568 mmeramcrum
563 4498 768 4592 proterviam
783 4493 1086 4590 compescendam,
1103 4515 1164 4590 pro
1181 4495 1438 4568 conservatione
1452 4519 1592 4592 quoque
1605 4521 1694 4570 ncs-
1792 4494 1795 4499 ’

328 4649 371 4730 (a)
393 4651 459 4728 Slc;
474 4653 813 4735 verlslmtlttarscrrrtcr.

328 4755 368 4836 (d)
390 4757 481 4821 llaeot
492 4759 536 4821 m
548 4761 671 4840 aliquid.
