4564 6038
292 712 392 768 lenter.
411 705 473 784 ta]
746 701 944 764 HISTORIA
969 700 1264 762 nlenomnnlce.
1590 745 1593 756 .
1630 697 1708 760 1179

292 862 415 913 norum
434 840 470 910 in
486 860 601 932 regern
618 839 767 928 electus,
788 859 926 932 semper
941 837 1072 912 electus
1088 845 1123 910 et
1140 836 1240 910 heres
1257 834 1355 928 regni
1373 834 1707 924 leruselimitarnm,

292 965 465 1036 universis
489 973 557 1034 tarn
584 961 803 1056 presentibus
829 982 934 1054 quam
960 959 1104 1052 futuris,
1125 967 1302 1054 presentes
1325 958 1455 1031 litteras
1482 959 1704 1052 inspecturis,

292 1086 453 1161 fidelibus
477 1086 628 1180 imperii,
654 1084 800 1176 gratiam
830 1105 931 1156 suam
956 1093 991 1157 et
1014 1104 1118 1156 omne
1139 1083 1283 1154 bonum.
1303 1083 1454 1175 Dignum
1478 1103 1658 1154 censemus
1672 1093 1707 1155 et

292 1231 480 1282 oonsonum
502 1208 646 1302 equitati
671 1217 711 1279 ut
728 1228 848 1280 eorum
869 1207 1026 1299 subjecte
1054 1206 1231 1280 devotioni
1251 1207 1448 1278 uberiorem
1471 1206 1588 1278 innate
1607 1207 1706 1280 nobis
1826 1255 1830 1262 -

291 1334 427 1428 pietatis
450 1332 670 1405 effundamus
693 1330 837 1423 gratiam
861 1352 1010 1424 quorum
1035 1340 1069 1402 et
1090 1329 1252 1404 videmus
1274 1330 1534 1402 necessitatibus
1558 1352 1706 1401 succur-

290 1455 437 1527 rendum
465 1467 499 1527 et
521 1455 566 1528 ad
593 1455 818 1527 imitatIonem
838 1454 1026 1548 imperialis
1042 1454 1168 1547 gratie,
1189 1453 1335 1546 gratiam
1356 1451 1612 1547 adaugendam.
1634 1455 1706 1526 Hac

292 1579 465 1673 siquidem
489 1581 621 1651 ratione
643 1587 762 1650 notum
782 1598 858 1649 esse
876 1578 1035 1672 cupimus
1060 1587 1094 1649 et
1116 1587 1343 1670 protestamur
1364 1577 1458 1670 quod
1477 1599 1539 1648 nos
1561 1577 1605 1650 de
1628 1580 1706 1673 ple-

291 1701 450 1782 nitudine
477 1703 608 1776 consilii
637 1701 763 1791 nostri,
786 1700 1096 1795 supplicationibus
1117 1701 1263 1772 ministri
1288 1711 1323 1772 et
1343 1701 1474 1772 civium
1499 1702 1543 1774 de
1566 1703 1706 1777 Norde-

291 1827 407 1921 lingen
429 1825 585 1899 fidelium
614 1836 806 1925 nostrorum
831 1826 1068 1898 favorabiliter
1091 1825 1258 1916 inclinati,
1277 1849 1338 1920 pro
1357 1827 1538 1899 exustione
1558 1829 1705 1900 civitatis

291 1951 460 2045 ipsorum,
481 1950 589 2042 gretie
609 1971 714 2042 quam
738 1949 900 2020 dominus
919 1957 954 2020 et
972 1949 1108 2042 genitor
1124 1958 1253 2036 noster,
1275 1951 1504 2024 Romanorum
1521 1953 1705 2046 imperator

291 2074 545 2159 serenissimus,
570 2073 654 2166 ipsis
674 2071 719 2144 de
743 2073 898 2144 libertate
919 2072 1022 2142 trium
1043 2093 1211 2145 annorum
1234 2073 1355 2146 iecisse
1378 2075 1516 2160 dicitur,
1542 2084 1645 2170 prout
1668 2077 1704 2148 in

290 2202 362 2273 suls
387 2201 508 2272 litteris
535 2201 671 2294 plenius
699 2209 858 2271 esserunt
882 2197 1069 2287 contineri,
1098 2199 1243 2288 gratiam
1270 2199 1419 2272 duorum
1448 2222 1616 2273 annorum
1640 2225 1705 2274 su·

289 2323 518 2419 pereddentes
536 2323 721 2394 liberaliter
739 2333 774 2394 et
796 2323 966 2416 benigne,
991 2323 1154 2394 nolumus
1176 2333 1215 2394 ut
1236 2323 1366 2396 elsdem
1393 2325 1494 2394 annis
1519 2324 1636 2418 aliqua
1658 2327 1704 2397 ab

291 2447 341 2519 eis
360 2447 469 2520 stivra
491 2447 566 2518 sive
584 2445 740 2542 precaria
761 2445 935 2538 exigatur,
955 2467 1049 2517 nnnc
1070 2444 1117 2518 ed
1138 2445 1429 2520 reedificationem
1446 2445 1538 2520 dicte
1555 2449 1704 2523 civitatis

289 2569 398 2642 bbere
420 2577 535 2642 nostra
559 2565 734 2660 gaudeant
758 2568 869 2659 gratie
891 2576 926 2641 et
948 2568 1079 2642 lavore.
1100 2567 1145 2640 Ut
1166 2568 1273 2663 igitur
1293 2569 1328 2641 in
1354 2579 1529 2665 posterum
1548 2570 1641 2646 dicte
1660 2571 1704 2646 li·

289 2691 404 2765 bertas
427 2689 557 2764 eisdem
580 2691 737 2763 ministro
759 2699 793 2762 et
814 2690 950 2763 civibus
974 2691 1190 2784 observetur,
1216 2704 1410 2790 presentem
1436 2703 1564 2768 cartam
1590 2697 1705 2791 sigillo

290 2815 398 2890 nostri
416 2815 576 2887 culminis
594 2815 737 2887 fecimus
751 2813 918 2889 roborari.
1389 2807 1393 2812 ’

338 2941 463 3013 Datum
483 2937 578 3033 apud
598 2937 845 3028 Nucerinberc,
867 2959 961 3012 anno
979 2937 1152 3014 dominice
1171 2941 1419 3015 incarnationis
1435 2943 1618 3017 millesimo
1637 2944 1702 3018 du·

292 3063 478 3138 centesimo
497 3061 671 3136 tricesImo
685 3083 788 3155 nono,
804 3083 923 3136 mense
938 3062 1070 3155 mercii,
1090 3062 1296 3138 duodecime
1314 3064 1523 3139 indictionis

343 3619 558 3727 Comedus,
577 3623 617 3704 iu
636 3622 898 3707 Romanorum
915 3647 1046 3735 regem
1070 3623 1228 3729 electen,
1248 3624 1289 3706 iu
1308 3623 1478 3710 favorem
1495 3631 1704 3710 conventus
1764 3638 1855 3736 ὥς,

289 3751 475 3836 Omnium
499 3754 726 3840 Sanctorum
749 3757 852 3866 apud
872 3756 1120 3864 Schefueem,
1140 3756 1259 3840 letam
1284 3768 1417 3840 contre
1439 3757 1703 3840 Eberhardum
1779 3721 1868 3800 ῬΜ

287 3882 441 3966 Brumsi
463 3885 635 3995 ejusdem
657 3889 819 3972 civitatis
844 3888 1076 4000 burgensem
1099 3891 1139 3972 in
1159 3891 1373 3999 praesentia
1391 3916 1461 3973 sue
1479 3894 1705 3973 sententiam

288 4017 506 4122 confirmet,
529 4047 608 4128 qua
634 4021 821 4104 deciditur
838 4021 943 4130 qnod
966 4021 1063 4104 nulli
1085 4021 1197 4106 liceet
1223 4022 1488 4106 molendinum
1510 4023 1551 4106 in
1575 4023 1702 4106 detri-

288 4159 462 4232 mentum
485 4151 641 4239 elterius
659 4163 890 4238 construere.

369 4362 544 4443 (Memorat.
559 4384 608 4445 ap.
624 4365 788 4444 Boanum,
804 4367 916 4449 depost.
931 4368 1049 4448 Impar,
1064 4385 1096 4446 p.
1111 4376 1182 4443 tto,
1196 4378 1231 4428 ιι·
1246 4373 1378 4449 a,1uxta
1390 4373 1506 4448 mptum
1519 4371 1600 4449 apud
1612 4371 1705 4434 Sche-

410 4469 508 4532 Iusam
521 4479 715 4552 asservatum,
729 4490 821 4552 mem
834 4491 903 4536 cnm
916 4476 981 4553 Ipso
994 4473 1145 4553 qnondam
1157 4477 1390 4538 communicavit
1403 4477 1603 4559 Klrcbboier.)

337 4655 461 4729 Datum
484 4659 577 4754 apud
591 4661 739 4751 Ulmem,
756 4681 848 4736 anno
861 4661 1000 4736 Domini
1021 4662 1069 4734 ll.
1083 4660 1145 4735 CC.
1157 4661 1315 4754 XXXIX,
1332 4684 1452 4738 mense
1463 4665 1593 4762 aprilis,
1612 4666 1704 4740 duo-

288 4777 422 4852 decime
439 4780 652 4856 indIctionis.
