4374 6010
519 673 581 735 dil
1020 663 1234 726 eutueatct
1256 663 1429 726 securint
1747 661 1828 742 [dar.
1845 662 1936 732 ΙΝ.

519 804 607 878 ratio
625 801 747 890 fuerit,
762 800 832 872 imo
848 805 969 871 contra
986 819 1089 871 omne
1101 799 1160 890 J'ns
1174 797 1330 891 gentium
1349 793 1446 890 quod
1465 794 1585 867 violari
1602 795 1733 890 legatos
1745 803 1781 868 et
1796 796 1937 868 nuntios

520 949 590 1000 non
609 923 791 1022 permittit,
808 921 979 1016 predictos
1002 919 1149 990 nuncios
1167 927 1302 991 nostros
1320 917 1499 1014 episeopus
1515 918 1581 991 iste
1599 920 1660 1012 qni
1679 919 1843 991 scribitur
1861 920 1937 1014 spi·

521 1071 647 1147 scopus
662 1068 783 1121 servos
803 1065 983 1118 servorum
1000 1043 1063 1115 Dei
1083 1041 1283 1136 turpissimo
1305 1043 1433 1114 carceri
1456 1041 1635 1115 mandavit
1651 1041 1792 1114 intrudi.
1810 1041 1940 1115 Atten-

476 1261 480 1271 .
523 1175 595 1248 dite
612 1171 717 1266 igitur
730 1177 765 1242 et
781 1167 900 1241 videte
915 1168 945 1239 si
962 1175 1043 1238 snut
1058 1166 1123 1238 ista
1139 1167 1228 1238 facta
1243 1165 1398 1260 papalia,
1414 1165 1445 1238 si
1459 1165 1615 1237 sunthec
1627 1186 1733 1260 opera
1749 1165 1939 1238 sanctitatis

522 1308 558 1373 et
573 1298 603 1371 ei
621 1293 807 1389 composite
827 1289 1054 1386 predicationi
1075 1309 1139 1362 sne
1163 1290 1347 1362 conveniat
1368 1289 1404 1360 in
1428 1289 1602 1361 interitum
1627 1288 1799 1362 mundum
1821 1287 1941 1362 dedu-

523 1443 619 1508 cere,
639 1417 845 1492 conculcare
861 1414 1052 1507 justitiam,
1070 1424 1105 1485 et
1129 1411 1352 1485 dissimulatis
1371 1411 1526 1485 fidelium
1544 1413 1724 1485 oculorum
1745 1422 1938 1486 nostrorum
1959 1443 1963 1452 ·

520 1544 678 1642 judiciis,
691 1539 885 1614 secundum
896 1535 1089 1612 infidelium
1104 1535 1413 1608 Mediolanensium
1427 1535 1548 1608 faciem
1559 1534 1728 1627 judicare.
1740 1533 1810 1609 Sed
1826 1557 1892 1608 nec
1903 1537 1939 1608 in

524 1669 580 1741 his
601 1664 762 1740 omnibns
783 1683 864 1733 eum
883 1669 1001 1732 contra
1018 1680 1083 1731 uos
1100 1659 1221 1754 spiritu
1244 1658 1318 1731 oris
1338 1658 1491 1731 suificat
1512 1679 1691 1754 perperam
1706 1659 1937 1754 procedebat,

526 1791 713 1884 adjustum
727 1783 913 1882 imperialis
930 1781 1265 1874 vindictejudicium
1284 1782 1531 1870 movebamur,
1552 1803 1735 1876 quousque
1753 1781 1800 1856 ad
1817 1793 1941 1856 extre-

527 1938 619 1989 mam
637 1911 937 2006 interemptionem
959 1916 1111 1980 nostram
1136 1915 1171 1979 et
1191 1906 1408 1978 manifestam
1429 1905 1728 1979 exheredationem
1745 1906 1882 2003 imperii
1903 1929 1942 1981 se

527 2037 680 2112 ostendit
697 2033 927 2130 temporaliter
942 2031 1116 2126 prosilire,
1138 2029 1224 2101 dum
1245 2029 1346 2102 nobis
1364 2029 1401 2100 in
1425 2027 1580 2102 marchia
1602 2028 1781 2102 'fervisina
1802 2051 1943 2102 moran·

529 2163 622 2234 tibus
642 2157 689 2232 ad
710 2155 958 2252 pacificandam
980 2152 1137 2226 eamdem
1156 2173 1262 2246 quam
1280 2151 1327 2224 ob
1349 2151 1577 2224 dissentiones
1596 2153 1777 2225 continuas
1796 2162 1832 2226 et
1853 2153 1944 2225 auti·

529 2307 618 2381 qnae
648 2282 779 2379 passim
808 2279 980 2374 stragibus
1002 2279 1195 2350 occisorum
1223 2277 1421 2350 invenimus
1448 2276 1679 2368 rubricatam,
1711 2275 1945 2350 marchionem

530 2410 721 2495 listensem,
738 2403 897 2478 comitem
918 2402 1033 2475 Sancti
1047 2401 1213 2474 Bonifacii
1232 2409 1268 2474 et
1282 2401 1368 2473 alios
1389 2399 1523 2472 nobiles
1544 2399 1695 2492 regionis
1716 2399 1778 2494 qui
1796 2398 1842 2473 ad
1859 2423 1945 2495 sng-

531 2533 720 2628 gestionem
738 2527 865 2600 snmmi
884 2523 1055 2622 pontificis
1075 2525 1178 2597 simul
1203 2525 1240 2596 in
1261 2545 1381 2597 necem
1408 2533 1560 2596 nostram
1583 2523 1847 2616 conjuraverant
1864 2545 1945 2596 cum

532 2655 672 2729 civitate
688 2637 852 2738 Terrisii,
868 2669 938 2721 non
957 2647 1093 2720 modica
1107 2648 1187 2720 data
1205 2647 1353 2742 pecunie
1370 2646 1583 2739 quantitate,
1604 2645 1684 2718 fecit
1702 2645 1803 2717 nobis
1820 2653 1855 2718 et
1872 2645 1947 2716 im-

531 2779 628 2876 perio
653 2775 832 2849 rebellare.
861 2771 1041 2844 Civitatem
1066 2779 1217 2843 nostram
1246 2771 1410 2843 Ravenna
1439 2789 1501 2864 per
1529 2769 1672 2841 Paulum
1700 2771 1947 2844 Traversarnm

531 2911 632 2976 antea
646 2897 884 2974 fidelissimum
905 2894 1005 2967 nobis
1021 2903 1056 2966 et
1074 2895 1201 2966 factum
1220 2892 1441 2990 postmodum
1460 2913 1522 2987 per
1538 2893 1791 2988 corruptionem
1814 2893 1948 2989 papalis

531 3024 680 3123 pecunie
694 3021 919 3118 proditorem,
937 3027 1103 3092 tractante
1119 3017 1283 3111 magistro
1300 3017 1349 3113 (a)
1371 3016 1537 3090 cardinali
1552 3018 1664 3110 legato
1678 3027 1761 3090 tunc
1780 3017 1945 3106 marchio,

532 3147 633 3222 nobis
647 3155 682 3218 et
695 3144 839 3238 imperio
853 3141 1072 3226 subtrahens,
1088 3151 1123 3214 et
1141 3142 1187 3214 ab
1201 3142 1252 3214 eis
1270 3141 1335 3213 sibi
1352 3149 1388 3214 et
1400 3140 1553 3213 Ecclesie
1566 3151 1729 3234 tanquam
1740 3141 1899 3235 princeps
1913 3153 1952 3215 et

532 3272 689 3369 pontifex
704 3276 917 3341 sacramenta
935 3266 1103 3361 suscepit,
1125 3275 1160 3338 et
1176 3273 1300 3340 stratas
1318 3265 1476 3361 publicas
1497 3285 1560 3360 per
1578 3265 1767 3338 marchiam
1787 3276 1822 3336 et
1835 3265 1951 3338 duca·
2039 3361 2041 3364 Ι

532 3407 608 3468 tum
627 3415 732 3488 quem
756 3391 801 3462 ab
827 3389 973 3484 imperio
1001 3388 1193 3480 detinebat,
1218 3389 1350 3460 nuntiis
1375 3389 1501 3460 nostrie
1526 3387 1572 3460 ad
1595 3407 1659 3460 nos
1676 3387 1898 3461 venientibus
1915 3397 1951 3460 et

533 3515 725 3590 necessaria
743 3513 842 3586 uobis
857 3523 892 3585 et
904 3512 1074 3585 exercitui
1088 3522 1205 3585 nostro
1218 3511 1455 3584 deferentibus
1471 3511 1626 3606 preclndi
1642 3511 1840 3603 mandarit3
1858 3510 1949 3585 adeo

533 3639 630 3737 quod
652 3638 838 3712 nonnullus
858 3659 905 3711 ex
930 3636 981 3708 eis
1005 3657 1102 3710 more
1124 3635 1292 3730 predonio
1319 3634 1422 3707 bonis
1448 3633 1612 3707 omnibus
1634 3635 1798 3730 spoliatos
1822 3635 1951 3707 carceri

533 3763 732 3859 mancipare
746 3761 968 3858 presumpsit.
989 3761 1060 3833 Hec
1077 3759 1193 3832 omnia
1217 3758 1347 3832 faciens
1371 3771 1411 3831 nt
1434 3779 1498 3832 nos
1518 3767 1553 3832 et
1574 3759 1700 3832 milites
1721 3769 1855 3832 nostros
1880 3767 1951 3831 tam

534 3889 635 3962 Italos
653 3909 758 3982 quam
777 3887 963 3958 Germanos
984 3885 1041 3956 vel
1067 3885 1158 3958 farne
1174 3884 1357 3978 perimeret
1372 3883 1429 3956 vel
1445 3883 1491 3954 ab
1508 3881 1693 3956 obsidione
1710 3881 1953 3956 Mediolanen-

535 4014 625 4086 sium
642 4021 677 4084 et
695 4018 888 4082 nostrorum
908 4007 1175 4102 depopulatione
1195 4007 1374 4080 rebellium
1398 4007 1592 4079 necessario
1608 4015 1798 4079 revocaret.
1816 4005 1955 4090 Quibus

535 4136 696 4211 omnibns
712 4155 782 4206 non
798 4141 999 4222 contentus,
1019 4141 1136 4204 contra
1154 4153 1217 4205 nos
1233 4139 1268 4204 et
1291 4132 1475 4227 imperinm
1492 4153 1530 4204 se
1553 4131 1634 4204 belli
1655 4129 1780 4204 ducem
1796 4139 1831 4202 et
1849 4130 1951 4226 prin-

536 4261 650 4356 cipem
667 4256 848 4330 manifeste
868 4256 1061 4348 constituit,
1086 4254 1396 4328 Mediolanensinm
1421 4263 1457 4328 et
1476 4253 1622 4328 aliorum
1646 4251 1840 4326 infidelium
1867 4273 1955 4348 pro·

537 4383 689 4458 diturum
702 4401 842 4454 causam
858 4399 958 4451 suam
976 4377 1148 4473 propriam
1169 4377 1299 4451 faciens
1314 4388 1350 4452 et
1373 4379 1529 4474 ipsorum
1551 4377 1731 4470 negotium
1751 4376 1799 4450 ad
1815 4397 1855 4449 se
1870 4397 1953 4448 ma-

537 4508 661 4579 nifeste
679 4511 903 4592 convertens,
921 4503 1090 4597 prefectos
1112 4499 1379 4574 Mediolanensis
1399 4501 1470 4574 imo
1488 4499 1605 4574 verius
1629 4499 1761 4595 papalis
1781 4497 1956 4572 exercitus
2096 4515 2098 4521 ·

580 4748 623 4830 (a)
645 4751 680 4812 ln
693 4749 759 4810 eod.
774 4749 856 4811 ilari.
874 4748 926 4822 1³„
941 4749 973 4808 ln
988 4747 1055 4809 uod.
1070 4747 1179 4826 llurgn
1196 4745 1231 4810 S.
