<?xml version="1.0" encoding="UTF-8"?>
<!DOCTYPE html PUBLIC "-//W3C//DTD XHTML 1.0 Transitional//EN"
    "http://www.w3.org/TR/xhtml1/DTD/xhtml1-transitional.dtd">
<html xmlns="http://www.w3.org/1999/xhtml" xml:lang="en" lang="en">
 <head>
  <title>
</title>
<meta http-equiv="Content-Type" content="text/html;charset=utf-8" />
  <meta name='ocr-system' content='tesseract 3.04.00' />
  <meta name='ocr-capabilities' content='ocr_page ocr_carea ocr_par ocr_line ocrx_word'/>
</head>
<body>
  <div class='ocr_page' id='page_1' title='image "./historiadiploma01fredgoog_0553.png"; bbox 0 0 4564 6038; ppageno 0'>
   <div class='ocr_carea' id='block_1_1' title="bbox 0 5032 3 5600">
    <p class='ocr_par' dir='ltr' id='par_1_1' title="bbox 0 5032 3 5600">
     <span class='ocr_line' id='line_1_1' title="bbox 0 5032 3 5600; baseline 0 0"><span class='ocrx_word' id='word_1_1' title='bbox 0 5032 3 5600; x_wconf 95' lang='lat' dir='ltr'><strong> </strong></span> 
     </span>
    </p>
   </div>
   <div class='ocr_carea' id='block_1_2' title="bbox 307 662 1714 753">
    <p class='ocr_par' dir='ltr' id='par_1_2' title="bbox 307 662 1714 753">
     <span class='ocr_line' id='line_1_2' title="bbox 307 662 1714 753; baseline -0.009 -14"><span class='ocrx_word' id='word_1_2' title='bbox 307 682 404 740; x_wconf 75' lang='lat' dir='ltr'><strong>lrnrcn</strong></span> <span class='ocrx_word' id='word_1_3' title='bbox 424 671 482 753; x_wconf 72' lang='lat' dir='ltr'><strong>la}</strong></span> <span class='ocrx_word' id='word_1_4' title='bbox 735 665 931 728; x_wconf 79' lang='lat' dir='ltr'>HISTORIA</span> <span class='ocrx_word' id='word_1_5' title='bbox 956 662 1249 728; x_wconf 72' lang='lat' dir='ltr'><strong>ulcuomsurca</strong></span> <span class='ocrx_word' id='word_1_6' title='bbox 1637 663 1714 726; x_wconf 75' lang='lat'><strong>1187</strong></span> 
     </span>
    </p>
   </div>
   <div class='ocr_carea' id='block_1_3' title="bbox 305 800 1716 1393">
    <p class='ocr_par' dir='ltr' id='par_1_3' title="bbox 305 800 1716 1393">
     <span class='ocr_line' id='line_1_3' title="bbox 305 800 1716 898; baseline -0.006 -14"><span class='ocrx_word' id='word_1_7' title='bbox 305 811 398 884; x_wconf 86' lang='lat' dir='ltr'><strong>curie</strong></span> <span class='ocrx_word' id='word_1_8' title='bbox 415 815 530 880; x_wconf 91' lang='lat' dir='ltr'><strong>nostre</strong></span> <span class='ocrx_word' id='word_1_9' title='bbox 550 805 673 898; x_wconf 89' lang='lat' dir='ltr'><strong>nuptui</strong></span> <span class='ocrx_word' id='word_1_10' title='bbox 691 803 905 878; x_wconf 81' lang='lat' dir='ltr'><strong>traderemus</strong></span> <span class='ocrx_word' id='word_1_11' title='bbox 922 803 1155 878; x_wconf 78' lang='lat' dir='ltr'><strong>favorabiliter</strong></span> <span class='ocrx_word' id='word_1_12' title='bbox 1172 800 1343 890; x_wconf 89' lang='lat' dir='ltr'><strong>inclinati,</strong></span> <span class='ocrx_word' id='word_1_13' title='bbox 1366 800 1595 895; x_wconf 84' lang='lat' dir='ltr'><strong>promittimus</strong></span> <span class='ocrx_word' id='word_1_14' title='bbox 1614 803 1716 876; x_wconf 90' lang='lat' dir='ltr'><strong>vobis</strong></span> 
     </span>
     <span class='ocr_line' id='line_1_4' title="bbox 305 923 1715 1020; baseline -0.005 -13"><span class='ocrx_word' id='word_1_15' title='bbox 305 933 349 1007; x_wconf 91' lang='lat' dir='ltr'><strong>de</strong></span> <span class='ocrx_word' id='word_1_16' title='bbox 362 933 480 1003; x_wconf 85' lang='lat' dir='ltr'><strong>innata</strong></span> <span class='ocrx_word' id='word_1_17' title='bbox 495 928 593 1000; x_wconf 92' lang='lat' dir='ltr'><strong>uobis</strong></span> <span class='ocrx_word' id='word_1_18' title='bbox 611 926 835 1019; x_wconf 80' lang='lat' dir='ltr'><strong>benignitatis</strong></span> <span class='ocrx_word' id='word_1_19' title='bbox 849 927 1029 1000; x_wconf 90' lang='lat' dir='ltr'><strong>clementia</strong></span> <span class='ocrx_word' id='word_1_20' title='bbox 1042 923 1137 1020; x_wconf 91' lang='lat' dir='ltr'><strong>quod</strong></span> <span class='ocrx_word' id='word_1_21' title='bbox 1153 923 1355 996; x_wconf 87' lang='lat' dir='ltr'><strong>nullomodo</strong></span> <span class='ocrx_word' id='word_1_22' title='bbox 1369 923 1501 1017; x_wconf 87' lang='lat' dir='ltr'><strong>aliquas</strong></span> <span class='ocrx_word' id='word_1_23' title='bbox 1515 924 1561 1000; x_wconf 90' lang='lat' dir='ltr'><strong>de</strong></span> <span class='ocrx_word' id='word_1_24' title='bbox 1577 925 1715 1000; x_wconf 87' lang='lat' dir='ltr'><strong>filiabus</strong></span> 
     </span>
     <span class='ocr_line' id='line_1_5' title="bbox 305 1045 1712 1144; baseline -0.004 -14"><span class='ocrx_word' id='word_1_25' title='bbox 305 1067 364 1130; x_wconf 84' lang='lat' dir='ltr'><strong>aut</strong></span> <span class='ocrx_word' id='word_1_26' title='bbox 380 1055 508 1127; x_wconf 88' lang='lat' dir='ltr'><strong>relictis</strong></span> <span class='ocrx_word' id='word_1_27' title='bbox 524 1053 649 1124; x_wconf 87' lang='lat' dir='ltr'><strong>vestris</strong></span> <span class='ocrx_word' id='word_1_28' title='bbox 661 1051 805 1123; x_wconf 88' lang='lat' dir='ltr'><strong>ulterius</strong></span> <span class='ocrx_word' id='word_1_29' title='bbox 821 1051 982 1123; x_wconf 88' lang='lat' dir='ltr'><strong>volumus</strong></span> <span class='ocrx_word' id='word_1_30' title='bbox 1001 1049 1047 1123; x_wconf 92' lang='lat' dir='ltr'><strong>ad</strong></span> <span class='ocrx_word' id='word_1_31' title='bbox 1061 1045 1260 1140; x_wconf 90' lang='lat' dir='ltr'><strong>hujusmodi</strong></span> <span class='ocrx_word' id='word_1_32' title='bbox 1275 1045 1529 1120; x_wconf 84' lang='lat' dir='ltr'><strong>matrimonium</strong></span> <span class='ocrx_word' id='word_1_33' title='bbox 1546 1060 1712 1144; x_wconf 81' lang='lat' dir='ltr'><strong>coartare,</strong></span> 
     </span>
     <span class='ocr_line' id='line_1_6' title="bbox 306 1171 1716 1252; baseline -0.004 0"><span class='ocrx_word' id='word_1_34' title='bbox 306 1181 370 1252; x_wconf 91' lang='lat' dir='ltr'><strong>nisi</strong></span> <span class='ocrx_word' id='word_1_35' title='bbox 396 1177 442 1251; x_wconf 92' lang='lat' dir='ltr'><strong>ad</strong></span> <span class='ocrx_word' id='word_1_36' title='bbox 468 1177 506 1250; x_wconf 93' lang='lat' dir='ltr'><strong>id</strong></span> <span class='ocrx_word' id='word_1_37' title='bbox 525 1177 685 1247; x_wconf 90' lang='lat' dir='ltr'><strong>voluntas</strong></span> <span class='ocrx_word' id='word_1_38' title='bbox 708 1175 800 1246; x_wconf 90' lang='lat' dir='ltr'><strong>bona</strong></span> <span class='ocrx_word' id='word_1_39' title='bbox 817 1184 933 1246; x_wconf 90' lang='lat' dir='ltr'><strong>vestra</strong></span> <span class='ocrx_word' id='word_1_40' title='bbox 951 1183 986 1246; x_wconf 88' lang='lat' dir='ltr'><strong>et</strong></span> <span class='ocrx_word' id='word_1_41' title='bbox 1007 1171 1207 1246; x_wconf 89' lang='lat' dir='ltr'><strong>earumdem</strong></span> <span class='ocrx_word' id='word_1_42' title='bbox 1229 1171 1436 1243; x_wconf 86' lang='lat' dir='ltr'><strong>interveniat</strong></span> <span class='ocrx_word' id='word_1_43' title='bbox 1455 1173 1669 1246; x_wconf 86' lang='lat' dir='ltr'><strong>concorditer</strong></span> <span class='ocrx_word' id='word_1_44' title='bbox 1682 1185 1716 1248; x_wconf 90' lang='lat' dir='ltr'><strong>et</strong></span> 
     </span>
     <span class='ocr_line' id='line_1_7' title="bbox 306 1295 1715 1393; baseline -0.005 -17"><span class='ocrx_word' id='word_1_45' title='bbox 306 1323 506 1376; x_wconf 70' lang='lat' dir='ltr'><strong>consensus.</strong></span> <span class='ocrx_word' id='word_1_46' title='bbox 527 1301 695 1371; x_wconf 82' lang='lat' dir='ltr'><strong>Volumus</strong></span> <span class='ocrx_word' id='word_1_47' title='bbox 717 1298 867 1370; x_wconf 91' lang='lat' dir='ltr'><strong>enimin</strong></span> <span class='ocrx_word' id='word_1_48' title='bbox 889 1297 955 1369; x_wconf 90' lang='lat' dir='ltr'><strong>hac</strong></span> <span class='ocrx_word' id='word_1_49' title='bbox 977 1306 1074 1393; x_wconf 89' lang='lat' dir='ltr'><strong>parte</strong></span> <span class='ocrx_word' id='word_1_50' title='bbox 1097 1295 1259 1388; x_wconf 86' lang='lat' dir='ltr'><strong>deinceps</strong></span> <span class='ocrx_word' id='word_1_51' title='bbox 1282 1303 1395 1367; x_wconf 91' lang='lat' dir='ltr'><strong>vestro</strong></span> <span class='ocrx_word' id='word_1_52' title='bbox 1415 1297 1609 1386; x_wconf 77' lang='lat' dir='ltr'><strong>gravamini</strong></span> <span class='ocrx_word' id='word_1_53' title='bbox 1629 1321 1715 1393; x_wconf 90' lang='lat' dir='ltr'><strong>pre-</strong></span> 
     </span>
    </p>
   </div>
   <div class='ocr_carea' id='block_1_4' title="bbox 306 1448 1456 1642">
    <p class='ocr_par' dir='ltr' id='par_1_4' title="bbox 306 1448 1456 1642">
     <span class='ocr_line' id='line_1_8' title="bbox 306 1448 441 1501; baseline -0.044 0"><span class='ocrx_word' id='word_1_54' title='bbox 306 1448 441 1501; x_wconf 88' lang='lat' dir='ltr'><strong>cavere.</strong></span> 
     </span>
     <span class='ocr_line' id='line_1_9' title="bbox 353 1542 1456 1642; baseline -0.007 -20"><span class='ocrx_word' id='word_1_55' title='bbox 353 1554 477 1622; x_wconf 92' lang='lat' dir='ltr'><strong>Datum</strong></span> <span class='ocrx_word' id='word_1_56' title='bbox 491 1547 587 1641; x_wconf 88' lang='lat' dir='ltr'><strong>apud</strong></span> <span class='ocrx_word' id='word_1_57' title='bbox 602 1545 903 1642; x_wconf 82' lang='lat' dir='ltr'><strong>Byschovisheim,</strong></span> <span class='ocrx_word' id='word_1_58' title='bbox 922 1546 966 1616; x_wconf 88' lang='lat' dir='ltr'><strong>Vl</strong></span> <span class='ocrx_word' id='word_1_59' title='bbox 977 1543 1144 1636; x_wconf 77' lang='lat' dir='ltr'><strong>Januarii,</strong></span> <span class='ocrx_word' id='word_1_60' title='bbox 1158 1543 1234 1614; x_wconf 88' lang='lat' dir='ltr'><strong>Xlll</strong></span> <span class='ocrx_word' id='word_1_61' title='bbox 1249 1542 1456 1615; x_wconf 85' lang='lat' dir='ltr'><strong>indictionis.</strong></span> 
     </span>
    </p>
   </div>
   <div class='ocr_carea' id='block_1_5' title="bbox 1129 1835 1500 1846">
    <p class='ocr_par' dir='ltr' id='par_1_5' title="bbox 1129 1835 1500 1846">
     <span class='ocr_line' id='line_1_10' title="bbox 1129 1835 1500 1846; baseline -0.005 -2"><span class='ocrx_word' id='word_1_62' title='bbox 1129 1835 1500 1846; x_wconf 72' lang='grc'><strong>-----.-.----...-,</strong></span> 
     </span>
    </p>
   </div>
   <div class='ocr_carea' id='block_1_6' title="bbox 304 2090 1845 2467">
    <p class='ocr_par' dir='ltr' id='par_1_6' title="bbox 304 2090 1845 2467">
     <span class='ocr_line' id='line_1_11' title="bbox 359 2090 1845 2208; baseline 0.002 -36"><span class='ocrx_word' id='word_1_63' title='bbox 359 2090 576 2198; x_wconf 77' lang='lat' dir='ltr'><strong>ConraduS,</strong></span> <span class='ocrx_word' id='word_1_64' title='bbox 601 2093 858 2174; x_wconf 86' lang='lat' dir='ltr'><strong>Romanorum</strong></span> <span class='ocrx_word' id='word_1_65' title='bbox 881 2093 921 2172; x_wconf 93' lang='lat' dir='ltr'><strong>in</strong></span> <span class='ocrx_word' id='word_1_66' title='bbox 947 2093 1252 2203; x_wconf 85' lang='lat' dir='ltr'><strong>regemelectus,</strong></span> <span class='ocrx_word' id='word_1_67' title='bbox 1274 2093 1530 2178; x_wconf 90' lang='lat' dir='ltr'><strong>Wernhcrum</strong></span> <span class='ocrx_word' id='word_1_68' title='bbox 1551 2093 1716 2176; x_wconf 89' lang='lat' dir='ltr'><strong>Hersfel·</strong></span> <span class='ocrx_word' id='word_1_69' title='bbox 1784 2113 1845 2208; x_wconf 59' lang='lat' dir='ltr'><strong>ad</strong></span> 
     </span>
     <span class='ocr_line' id='line_1_12' title="bbox 304 2223 1717 2336; baseline 0.003 -33"><span class='ocrx_word' id='word_1_70' title='bbox 304 2223 433 2304; x_wconf 90' lang='lat' dir='ltr'><strong>densis</strong></span> <span class='ocrx_word' id='word_1_71' title='bbox 451 2225 629 2307; x_wconf 88' lang='lat' dir='ltr'><strong>ecclesiae</strong></span> <span class='ocrx_word' id='word_1_72' title='bbox 647 2227 807 2308; x_wconf 88' lang='lat' dir='ltr'><strong>electum</strong></span> <span class='ocrx_word' id='word_1_73' title='bbox 826 2227 874 2308; x_wconf 92' lang='lat' dir='ltr'><strong>de</strong></span> <span class='ocrx_word' id='word_1_74' title='bbox 892 2227 1086 2334; x_wconf 85' lang='lat' dir='ltr'><strong>regalibus</strong></span> <span class='ocrx_word' id='word_1_75' title='bbox 1102 2226 1212 2336; x_wconf 87' lang='lat' dir='ltr'><strong>juxta</strong></span> <span class='ocrx_word' id='word_1_76' title='bbox 1224 2253 1370 2310; x_wconf 89' lang='lat' dir='ltr'><strong>morem</strong></span> <span class='ocrx_word' id='word_1_77' title='bbox 1384 2227 1550 2333; x_wconf 83' lang='lat' dir='ltr'><strong>investit,</strong></span> <span class='ocrx_word' id='word_1_78' title='bbox 1570 2229 1717 2336; x_wconf 87' lang='lat' dir='ltr'><strong>ipsum-</strong></span> 
     </span>
     <span class='ocr_line' id='line_1_13' title="bbox 304 2357 1548 2467; baseline 0.002 -30"><span class='ocrx_word' id='word_1_79' title='bbox 304 2382 379 2463; x_wconf 91' lang='lat' dir='ltr'><strong>que</strong></span> <span class='ocrx_word' id='word_1_80' title='bbox 397 2367 435 2438; x_wconf 92' lang='lat' dir='ltr'><strong>et</strong></span> <span class='ocrx_word' id='word_1_81' title='bbox 451 2357 650 2440; x_wconf 88' lang='lat' dir='ltr'><strong>ecclesiam</strong></span> <span class='ocrx_word' id='word_1_82' title='bbox 666 2357 748 2467; x_wconf 91' lang='lat' dir='ltr'><strong>ejus</strong></span> <span class='ocrx_word' id='word_1_83' title='bbox 768 2358 840 2440; x_wconf 90' lang='lat' dir='ltr'><strong>sub</strong></span> <span class='ocrx_word' id='word_1_84' title='bbox 859 2385 928 2441; x_wconf 88' lang='lat' dir='ltr'><strong>sua</strong></span> <span class='ocrx_word' id='word_1_85' title='bbox 946 2370 984 2442; x_wconf 88' lang='lat' dir='ltr'><strong>et</strong></span> <span class='ocrx_word' id='word_1_86' title='bbox 1001 2359 1150 2467; x_wconf 91' lang='lat' dir='ltr'><strong>imperii</strong></span> <span class='ocrx_word' id='word_1_87' title='bbox 1168 2359 1386 2441; x_wconf 87' lang='lat' dir='ltr'><strong>defensione</strong></span> <span class='ocrx_word' id='word_1_88' title='bbox 1403 2360 1548 2467; x_wconf 84' lang='lat' dir='ltr'><strong>recipit.</strong></span> 
     </span>
    </p>
   </div>
   <div class='ocr_carea' id='block_1_7' title="bbox 385 2581 1601 2664">
    <p class='ocr_par' dir='ltr' id='par_1_7' title="bbox 385 2581 1601 2664">
     <span class='ocr_line' id='line_1_14' title="bbox 385 2581 1601 2664; baseline -0.002 -18"><span class='ocrx_word' id='word_1_89' title='bbox 385 2583 478 2658; x_wconf 82' lang='lat' dir='ltr'><strong>(Edit.</strong></span> <span class='ocrx_word' id='word_1_90' title='bbox 494 2602 541 2664; x_wconf 84' lang='lat' dir='ltr'><strong>ap.</strong></span> <span class='ocrx_word' id='word_1_91' title='bbox 559 2586 693 2661; x_wconf 78' lang='lat' dir='ltr'><strong>Wurtcx,</strong></span> <span class='ocrx_word' id='word_1_92' title='bbox 711 2581 952 2660; x_wconf 77' lang='lat' dir='ltr'><strong>Urlandcnbuclt,</strong></span> <span class='ocrx_word' id='word_1_93' title='bbox 966 2591 992 2647; x_wconf 89' lang='lat' dir='ltr'><strong>t.</strong></span> <span class='ocrx_word' id='word_1_94' title='bbox 1007 2585 1068 2660; x_wconf 92' lang='lat' dir='ltr'><strong>III,</strong></span> <span class='ocrx_word' id='word_1_95' title='bbox 1083 2602 1114 2663; x_wconf 93' lang='lat' dir='ltr'><strong>p.</strong></span> <span class='ocrx_word' id='word_1_96' title='bbox 1132 2593 1201 2658; x_wconf 76' lang='lat'><strong>114,</strong></span> <span class='ocrx_word' id='word_1_97' title='bbox 1216 2594 1249 2644; x_wconf 81' lang='lat' dir='ltr'><strong>n⁰</strong></span> <span class='ocrx_word' id='word_1_98' title='bbox 1264 2582 1371 2660; x_wconf 82' lang='lat' dir='ltr'>CXXI,</span> <span class='ocrx_word' id='word_1_99' title='bbox 1386 2601 1424 2646; x_wconf 78' lang='lat' dir='ltr'><strong>ex</strong></span> <span class='ocrx_word' id='word_1_100' title='bbox 1439 2583 1601 2663; x_wconf 80' lang='lat' dir='ltr'><strong>originali.)</strong></span> 
     </span>
    </p>
   </div>
   <div class='ocr_carea' id='block_1_8' title="bbox 299 2783 1722 4860">
    <p class='ocr_par' dir='ltr' id='par_1_8' title="bbox 299 2783 1722 4860">
     <span class='ocr_line' id='line_1_15' title="bbox 353 2783 1717 2883; baseline 0.002 -25"><span class='ocrx_word' id='word_1_101' title='bbox 353 2783 530 2859; x_wconf 88' lang='lat' dir='ltr'><strong>Conradus</strong></span> <span class='ocrx_word' id='word_1_102' title='bbox 551 2787 623 2860; x_wconf 92' lang='lat' dir='ltr'><strong>divi</strong></span> <span class='ocrx_word' id='word_1_103' title='bbox 648 2789 785 2882; x_wconf 79' lang='lat' dir='ltr'><strong>augusti</strong></span> <span class='ocrx_word' id='word_1_104' title='bbox 806 2787 1019 2883; x_wconf 89' lang='lat' dir='ltr'><strong>imperatoris</strong></span> <span class='ocrx_word' id='word_1_105' title='bbox 1046 2785 1211 2858; x_wconf 85' lang='lat' dir='ltr'><strong>Friderici</strong></span> <span class='ocrx_word' id='word_1_106' title='bbox 1237 2785 1346 2876; x_wconf 91' lang='lat' dir='ltr'><strong>filius,</strong></span> <span class='ocrx_word' id='word_1_107' title='bbox 1373 2785 1435 2856; x_wconf 90' lang='lat' dir='ltr'><strong>Dei</strong></span> <span class='ocrx_word' id='word_1_108' title='bbox 1455 2787 1566 2877; x_wconf 81' lang='lat' dir='ltr'><strong>gratia</strong></span> <span class='ocrx_word' id='word_1_109' title='bbox 1588 2787 1717 2861; x_wconf 86' lang='lat' dir='ltr'><strong>Roma-</strong></span> 
     </span>
     <span class='ocr_line' id='line_1_16' title="bbox 304 2905 1717 3007; baseline 0.003 -27"><span class='ocrx_word' id='word_1_110' title='bbox 304 2930 427 2984; x_wconf 91' lang='lat' dir='ltr'><strong>norum</strong></span> <span class='ocrx_word' id='word_1_111' title='bbox 453 2911 491 2982; x_wconf 91' lang='lat' dir='ltr'><strong>in</strong></span> <span class='ocrx_word' id='word_1_112' title='bbox 520 2934 638 3006; x_wconf 82' lang='lat' dir='ltr'><strong>regem</strong></span> <span class='ocrx_word' id='word_1_113' title='bbox 659 2913 808 3005; x_wconf 85' lang='lat' dir='ltr'><strong>electus,</strong></span> <span class='ocrx_word' id='word_1_114' title='bbox 822 2905 973 3007; x_wconf 85' lang='lat' dir='ltr'><strong>&#39;semper</strong></span> <span class='ocrx_word' id='word_1_115' title='bbox 999 2919 1170 3005; x_wconf 79' lang='lat' dir='ltr'><strong>augustus</strong></span> <span class='ocrx_word' id='word_1_116' title='bbox 1199 2920 1233 2983; x_wconf 90' lang='lat' dir='ltr'><strong>et</strong></span> <span class='ocrx_word' id='word_1_117' title='bbox 1265 2910 1365 2984; x_wconf 87' lang='lat' dir='ltr'><strong>heres</strong></span> <span class='ocrx_word' id='word_1_118' title='bbox 1382 2909 1481 3003; x_wconf 77' lang='lat' dir='ltr'><strong>regni</strong></span> <span class='ocrx_word' id='word_1_119' title='bbox 1503 2911 1717 2984; x_wconf 77' lang='lat' dir='ltr'><strong>lerosolini-</strong></span> 
     </span>
     <span class='ocr_line' id='line_1_17' title="bbox 303 3031 1717 3130; baseline 0.001 -24"><span class='ocrx_word' id='word_1_120' title='bbox 303 3033 392 3124; x_wconf 86' lang='lat' dir='ltr'><strong>tani,</strong></span> <span class='ocrx_word' id='word_1_121' title='bbox 408 3033 575 3130; x_wconf 86' lang='lat' dir='ltr'><strong>capitulo,</strong></span> <span class='ocrx_word' id='word_1_122' title='bbox 593 3035 889 3128; x_wconf 88' lang='lat' dir='ltr'><strong>ministerialibus,</strong></span> <span class='ocrx_word' id='word_1_123' title='bbox 909 3034 1115 3126; x_wconf 79' lang='lat' dir='ltr'><strong>intendatis,</strong></span> <span class='ocrx_word' id='word_1_124' title='bbox 1134 3033 1272 3106; x_wconf 90' lang='lat' dir='ltr'><strong>civibus</strong></span> <span class='ocrx_word' id='word_1_125' title='bbox 1288 3039 1323 3104; x_wconf 90' lang='lat' dir='ltr'><strong>et</strong></span> <span class='ocrx_word' id='word_1_126' title='bbox 1340 3031 1538 3104; x_wconf 91' lang='lat' dir='ltr'><strong>hominihus</strong></span> <span class='ocrx_word' id='word_1_127' title='bbox 1554 3034 1717 3108; x_wconf 87' lang='lat' dir='ltr'><strong>Hersvel-</strong></span> 
     </span>
     <span class='ocr_line' id='line_1_18' title="bbox 305 3153 1716 3252; baseline 0.001 -24"><span class='ocrx_word' id='word_1_128' title='bbox 305 3153 421 3228; x_wconf 88' lang='lat' dir='ltr'><strong>densis</strong></span> <span class='ocrx_word' id='word_1_129' title='bbox 446 3157 590 3230; x_wconf 90' lang='lat' dir='ltr'><strong>ecclesie</strong></span> <span class='ocrx_word' id='word_1_130' title='bbox 613 3158 784 3230; x_wconf 89' lang='lat' dir='ltr'><strong>universis</strong></span> <span class='ocrx_word' id='word_1_131' title='bbox 811 3167 985 3252; x_wconf 86' lang='lat' dir='ltr'><strong>presentes</strong></span> <span class='ocrx_word' id='word_1_132' title='bbox 1016 3158 1145 3230; x_wconf 88' lang='lat' dir='ltr'><strong>litteras</strong></span> <span class='ocrx_word' id='word_1_133' title='bbox 1166 3154 1371 3250; x_wconf 89' lang='lat' dir='ltr'><strong>inspecturis</strong></span> <span class='ocrx_word' id='word_1_134' title='bbox 1397 3153 1558 3226; x_wconf 87' lang='lat' dir='ltr'><strong>fidelibus</strong></span> <span class='ocrx_word' id='word_1_135' title='bbox 1582 3157 1716 3252; x_wconf 89' lang='lat' dir='ltr'><strong>imperii</strong></span> 
     </span>
     <span class='ocr_line' id='line_1_19' title="bbox 305 3277 1717 3374; baseline 0.003 -25"><span class='ocrx_word' id='word_1_136' title='bbox 305 3279 450 3372; x_wconf 78' lang='lat' dir='ltr'><strong>gratiam</strong></span> <span class='ocrx_word' id='word_1_137' title='bbox 468 3290 616 3354; x_wconf 92' lang='lat' dir='ltr'><strong>suamet</strong></span> <span class='ocrx_word' id='word_1_138' title='bbox 633 3281 893 3354; x_wconf 90' lang='lat' dir='ltr'><strong>omnebonum.</strong></span> <span class='ocrx_word' id='word_1_139' title='bbox 911 3280 1054 3354; x_wconf 87' lang='lat' dir='ltr'><strong>Noverit</strong></span> <span class='ocrx_word' id='word_1_140' title='bbox 1070 3279 1277 3352; x_wconf 89' lang='lat' dir='ltr'><strong>universitas</strong></span> <span class='ocrx_word' id='word_1_141' title='bbox 1289 3286 1403 3350; x_wconf 88' lang='lat' dir='ltr'><strong>vestra</strong></span> <span class='ocrx_word' id='word_1_142' title='bbox 1418 3277 1513 3374; x_wconf 93' lang='lat' dir='ltr'><strong>quod</strong></span> <span class='ocrx_word' id='word_1_143' title='bbox 1527 3301 1589 3352; x_wconf 92' lang='lat' dir='ltr'><strong>nos</strong></span> <span class='ocrx_word' id='word_1_144' title='bbox 1599 3281 1717 3353; x_wconf 90' lang='lat' dir='ltr'><strong>Wem·</strong></span> 
     </span>
     <span class='ocr_line' id='line_1_20' title="bbox 304 3399 1716 3497; baseline 0.004 -25"><span class='ocrx_word' id='word_1_145' title='bbox 304 3399 426 3476; x_wconf 89' lang='lat' dir='ltr'><strong>herum</strong></span> <span class='ocrx_word' id='word_1_146' title='bbox 441 3405 673 3478; x_wconf 88' lang='lat' dir='ltr'><strong>venerabilem</strong></span> <span class='ocrx_word' id='word_1_147' title='bbox 687 3406 836 3478; x_wconf 93' lang='lat' dir='ltr'><strong>electum</strong></span> <span class='ocrx_word' id='word_1_148' title='bbox 857 3404 1108 3478; x_wconf 88' lang='lat' dir='ltr'><strong>Hersleldensis</strong></span> <span class='ocrx_word' id='word_1_149' title='bbox 1127 3402 1270 3476; x_wconf 90' lang='lat' dir='ltr'><strong>ecclesie</strong></span> <span class='ocrx_word' id='word_1_150' title='bbox 1287 3410 1520 3497; x_wconf 89' lang='lat' dir='ltr'><strong>presentatum</strong></span> <span class='ocrx_word' id='word_1_151' title='bbox 1538 3403 1637 3476; x_wconf 89' lang='lat' dir='ltr'><strong>nobis</strong></span> <span class='ocrx_word' id='word_1_152' title='bbox 1649 3403 1716 3478; x_wconf 90' lang='lat' dir='ltr'><strong>suh</strong></span> 
     </span>
     <span class='ocr_line' id='line_1_21' title="bbox 305 3525 1718 3624; baseline 0.005 -26"><span class='ocrx_word' id='word_1_153' title='bbox 305 3527 499 3602; x_wconf 88' lang='lat' dir='ltr'><strong>testimonio</strong></span> <span class='ocrx_word' id='word_1_154' title='bbox 512 3531 549 3601; x_wconf 89' lang='lat' dir='ltr'><strong>S.</strong></span> <span class='ocrx_word' id='word_1_155' title='bbox 566 3529 775 3616; x_wconf 82' lang='lat' dir='ltr'><strong>venerabilis</strong></span> <span class='ocrx_word' id='word_1_156' title='bbox 791 3527 1039 3624; x_wconf 90' lang='lat' dir='ltr'><strong>archiepiscopi</strong></span> <span class='ocrx_word' id='word_1_157' title='bbox 1049 3526 1241 3620; x_wconf 82' lang='lat' dir='ltr'><strong>Magnntini</strong></span> <span class='ocrx_word' id='word_1_158' title='bbox 1255 3526 1341 3598; x_wconf 89' lang='lat' dir='ltr'><strong>sacri</strong></span> <span class='ocrx_word' id='word_1_159' title='bbox 1351 3525 1486 3619; x_wconf 91' lang='lat' dir='ltr'><strong>imperii</strong></span> <span class='ocrx_word' id='word_1_160' title='bbox 1503 3547 1565 3620; x_wconf 92' lang='lat' dir='ltr'><strong>per</strong></span> <span class='ocrx_word' id='word_1_161' title='bbox 1581 3525 1718 3605; x_wconf 85' lang='lat' dir='ltr'><strong>Germa·</strong></span> 
     </span>
     <span class='ocr_line' id='line_1_22' title="bbox 305 3651 1717 3748; baseline 0.004 -26"><span class='ocrx_word' id='word_1_162' title='bbox 305 3651 399 3724; x_wconf 91' lang='lat' dir='ltr'><strong>niam</strong></span> <span class='ocrx_word' id='word_1_163' title='bbox 415 3653 720 3746; x_wconf 89' lang='lat' dir='ltr'><strong>archicancellarii,</strong></span> <span class='ocrx_word' id='word_1_164' title='bbox 732 3655 848 3727; x_wconf 89' lang='lat' dir='ltr'><strong>dilecti</strong></span> <span class='ocrx_word' id='word_1_165' title='bbox 862 3653 1026 3748; x_wconf 87' lang='lat' dir='ltr'><strong>principis</strong></span> <span class='ocrx_word' id='word_1_166' title='bbox 1041 3661 1076 3724; x_wconf 90' lang='lat' dir='ltr'><strong>et</strong></span> <span class='ocrx_word' id='word_1_167' title='bbox 1088 3652 1316 3747; x_wconf 88' lang='lat' dir='ltr'><strong>procuratoris</strong></span> <span class='ocrx_word' id='word_1_168' title='bbox 1329 3651 1450 3742; x_wconf 89' lang='lat' dir='ltr'><strong>nostri,</strong></span> <span class='ocrx_word' id='word_1_169' title='bbox 1462 3651 1612 3746; x_wconf 78' lang='lat' dir='ltr'><strong>benigne</strong></span> <span class='ocrx_word' id='word_1_170' title='bbox 1624 3673 1717 3727; x_wconf 88' lang='lat' dir='ltr'><strong>rece-</strong></span> 
     </span>
     <span class='ocr_line' id='line_1_23' title="bbox 305 3775 1716 3872; baseline 0.002 -26"><span class='ocrx_word' id='word_1_171' title='bbox 305 3775 443 3870; x_wconf 89' lang='lat' dir='ltr'><strong>pimus,</strong></span> <span class='ocrx_word' id='word_1_172' title='bbox 460 3787 494 3849; x_wconf 89' lang='lat' dir='ltr'><strong>et</strong></span> <span class='ocrx_word' id='word_1_173' title='bbox 509 3799 552 3850; x_wconf 91' lang='lat' dir='ltr'><strong>eo</strong></span> <span class='ocrx_word' id='word_1_174' title='bbox 569 3777 666 3872; x_wconf 92' lang='lat' dir='ltr'><strong>quod</strong></span> <span class='ocrx_word' id='word_1_175' title='bbox 681 3778 777 3850; x_wconf 91' lang='lat' dir='ltr'><strong>licuit</strong></span> <span class='ocrx_word' id='word_1_176' title='bbox 801 3777 846 3850; x_wconf 91' lang='lat' dir='ltr'><strong>de</strong></span> <span class='ocrx_word' id='word_1_177' title='bbox 861 3800 924 3850; x_wconf 88' lang='lat' dir='ltr'><strong>sua</strong></span> <span class='ocrx_word' id='word_1_178' title='bbox 939 3777 1103 3850; x_wconf 88' lang='lat' dir='ltr'><strong>canonica</strong></span> <span class='ocrx_word' id='word_1_179' title='bbox 1121 3786 1156 3848; x_wconf 88' lang='lat' dir='ltr'><strong>et</strong></span> <span class='ocrx_word' id='word_1_180' title='bbox 1171 3775 1328 3847; x_wconf 92' lang='lat' dir='ltr'><strong>unanimi</strong></span> <span class='ocrx_word' id='word_1_181' title='bbox 1343 3775 1527 3866; x_wconf 87' lang='lat' dir='ltr'><strong>electione,</strong></span> <span class='ocrx_word' id='word_1_182' title='bbox 1548 3777 1716 3870; x_wconf 79' lang='lat' dir='ltr'><strong>regalium</strong></span> 
     </span>
     <span class='ocr_line' id='line_1_24' title="bbox 305 3887 1717 3996; baseline 0.001 -26"><span class='ocrx_word' id='word_1_183' title='bbox 305 3899 547 3973; x_wconf 88' lang='lat' dir='ltr'><strong>investituram</strong></span> <span class='ocrx_word' id='word_1_184' title='bbox 561 3887 594 3974; x_wconf 86' lang='lat' dir='ltr'><strong>ei</strong></span> <span class='ocrx_word' id='word_1_185' title='bbox 612 3900 830 3996; x_wconf 80' lang='lat' dir='ltr'><strong>porreximus</strong></span> <span class='ocrx_word' id='word_1_186' title='bbox 843 3903 946 3992; x_wconf 86' lang='lat' dir='ltr'><strong>juxta</strong></span> <span class='ocrx_word' id='word_1_187' title='bbox 961 3923 1105 3991; x_wconf 89' lang='lat' dir='ltr'><strong>morem,</strong></span> <span class='ocrx_word' id='word_1_188' title='bbox 1119 3908 1331 3971; x_wconf 88' lang='lat' dir='ltr'><strong>assumentes</strong></span> <span class='ocrx_word' id='word_1_189' title='bbox 1356 3899 1470 3992; x_wconf 89' lang='lat' dir='ltr'><strong>ipsum</strong></span> <span class='ocrx_word' id='word_1_190' title='bbox 1488 3906 1523 3969; x_wconf 91' lang='lat' dir='ltr'><strong>ct</strong></span> <span class='ocrx_word' id='word_1_191' title='bbox 1538 3899 1717 3972; x_wconf 90' lang='lat' dir='ltr'><strong>ecclesiam</strong></span> 
     </span>
     <span class='ocr_line' id='line_1_25' title="bbox 306 4021 1718 4120; baseline -0.001 -24"><span class='ocrx_word' id='word_1_192' title='bbox 306 4023 466 4096; x_wconf 91' lang='lat' dir='ltr'><strong>eamdem</strong></span> <span class='ocrx_word' id='word_1_193' title='bbox 480 4047 561 4096; x_wconf 92' lang='lat' dir='ltr'><strong>cum</strong></span> <span class='ocrx_word' id='word_1_194' title='bbox 574 4025 730 4120; x_wconf 90' lang='lat' dir='ltr'><strong>personis</strong></span> <span class='ocrx_word' id='word_1_195' title='bbox 743 4033 778 4096; x_wconf 92' lang='lat' dir='ltr'><strong>et</strong></span> <span class='ocrx_word' id='word_1_196' title='bbox 792 4025 896 4098; x_wconf 91' lang='lat' dir='ltr'><strong>rebus</strong></span> <span class='ocrx_word' id='word_1_197' title='bbox 907 4046 977 4119; x_wconf 92' lang='lat' dir='ltr'><strong>que</strong></span> <span class='ocrx_word' id='word_1_198' title='bbox 988 4047 1083 4097; x_wconf 91' lang='lat' dir='ltr'><strong>nune</strong></span> <span class='ocrx_word' id='word_1_199' title='bbox 1093 4031 1187 4096; x_wconf 89' lang='lat' dir='ltr'><strong>tenet</strong></span> <span class='ocrx_word' id='word_1_200' title='bbox 1198 4030 1259 4094; x_wconf 91' lang='lat' dir='ltr'><strong>aut</strong></span> <span class='ocrx_word' id='word_1_201' title='bbox 1272 4022 1308 4092; x_wconf 95' lang='lat' dir='ltr'><strong>in</strong></span> <span class='ocrx_word' id='word_1_202' title='bbox 1323 4022 1476 4092; x_wconf 84' lang='lat' dir='ltr'><strong>futurum</strong></span> <span class='ocrx_word' id='word_1_203' title='bbox 1488 4021 1718 4112; x_wconf 89' lang='lat' dir='ltr'><strong>justismodis</strong></span> 
     </span>
     <span class='ocr_line' id='line_1_26' title="bbox 305 4143 1719 4243; baseline -0.003 -24"><span class='ocrx_word' id='word_1_204' title='bbox 305 4148 431 4243; x_wconf 85' lang='lat' dir='ltr'><strong>poterit</strong></span> <span class='ocrx_word' id='word_1_205' title='bbox 440 4147 598 4242; x_wconf 91' lang='lat' dir='ltr'><strong>adipisci,</strong></span> <span class='ocrx_word' id='word_1_206' title='bbox 613 4149 679 4220; x_wconf 90' lang='lat' dir='ltr'><strong>sub</strong></span> <span class='ocrx_word' id='word_1_207' title='bbox 692 4155 849 4221; x_wconf 87' lang='lat' dir='ltr'><strong>nostreet</strong></span> <span class='ocrx_word' id='word_1_208' title='bbox 858 4147 993 4243; x_wconf 90' lang='lat' dir='ltr'><strong>imperii</strong></span> <span class='ocrx_word' id='word_1_209' title='bbox 1008 4147 1218 4220; x_wconf 83' lang='lat' dir='ltr'><strong>defensionis</strong></span> <span class='ocrx_word' id='word_1_210' title='bbox 1230 4143 1420 4240; x_wconf 90' lang='lat' dir='ltr'><strong>presidium</strong></span> <span class='ocrx_word' id='word_1_211' title='bbox 1433 4144 1592 4239; x_wconf 88' lang='lat' dir='ltr'><strong>speciale.</strong></span> <span class='ocrx_word' id='word_1_212' title='bbox 1604 4143 1719 4229; x_wconf 87' lang='lat' dir='ltr'><strong>Quare</strong></span> 
     </span>
     <span class='ocr_line' id='line_1_27' title="bbox 299 4259 1719 4367; baseline -0.003 -25"><span class='ocrx_word' id='word_1_213' title='bbox 299 4259 419 4366; x_wconf 80' lang='lat' dir='ltr'><strong>¹ipsum</strong></span> <span class='ocrx_word' id='word_1_214' title='bbox 436 4273 582 4344; x_wconf 89' lang='lat' dir='ltr'><strong>electum</strong></span> <span class='ocrx_word' id='word_1_215' title='bbox 596 4282 629 4344; x_wconf 92' lang='lat' dir='ltr'><strong>et</strong></span> <span class='ocrx_word' id='word_1_216' title='bbox 642 4271 833 4367; x_wconf 88' lang='lat' dir='ltr'><strong>principem</strong></span> <span class='ocrx_word' id='word_1_217' title='bbox 846 4281 1001 4344; x_wconf 91' lang='lat' dir='ltr'><strong>nostrum</strong></span> <span class='ocrx_word' id='word_1_218' title='bbox 1014 4293 1056 4344; x_wconf 90' lang='lat' dir='ltr'><strong>ac</strong></span> <span class='ocrx_word' id='word_1_219' title='bbox 1073 4291 1172 4342; x_wconf 92' lang='lat' dir='ltr'><strong>suam</strong></span> <span class='ocrx_word' id='word_1_220' title='bbox 1190 4268 1372 4342; x_wconf 91' lang='lat' dir='ltr'><strong>ecclesiam</strong></span> <span class='ocrx_word' id='word_1_221' title='bbox 1383 4267 1449 4340; x_wconf 92' lang='lat' dir='ltr'><strong>sub</strong></span> <span class='ocrx_word' id='word_1_222' title='bbox 1465 4267 1573 4338; x_wconf 87' lang='lat' dir='ltr'><strong>nostri</strong></span> <span class='ocrx_word' id='word_1_223' title='bbox 1591 4267 1719 4339; x_wconf 87' lang='lat' dir='ltr'><strong>favoris</strong></span> 
     </span>
     <span class='ocr_line' id='line_1_28' title="bbox 306 4388 1719 4490; baseline -0.003 -23"><span class='ocrx_word' id='word_1_224' title='bbox 306 4395 418 4489; x_wconf 81' lang='lat' dir='ltr'><strong>gratia</strong></span> <span class='ocrx_word' id='word_1_225' title='bbox 429 4395 653 4486; x_wconf 87' lang='lat' dir='ltr'><strong>remittentes,</strong></span> <span class='ocrx_word' id='word_1_226' title='bbox 670 4396 872 4468; x_wconf 88' lang='lat' dir='ltr'><strong>auctoritate</strong></span> <span class='ocrx_word' id='word_1_227' title='bbox 890 4404 1033 4490; x_wconf 90' lang='lat' dir='ltr'><strong>paterna</strong></span> <span class='ocrx_word' id='word_1_228' title='bbox 1044 4401 1078 4466; x_wconf 93' lang='lat' dir='ltr'><strong>et</strong></span> <span class='ocrx_word' id='word_1_229' title='bbox 1093 4393 1231 4488; x_wconf 85' lang='lat' dir='ltr'><strong>propria</strong></span> <span class='ocrx_word' id='word_1_230' title='bbox 1247 4393 1454 4465; x_wconf 90' lang='lat' dir='ltr'><strong>mandamus</strong></span> <span class='ocrx_word' id='word_1_231' title='bbox 1472 4388 1575 4462; x_wconf 88' lang='lat' dir='ltr'><strong>vobis</strong></span> <span class='ocrx_word' id='word_1_232' title='bbox 1593 4399 1628 4462; x_wconf 92' lang='lat' dir='ltr'><strong>et</strong></span> <span class='ocrx_word' id='word_1_233' title='bbox 1643 4411 1719 4484; x_wconf 88' lang='lat' dir='ltr'><strong>pre·</strong></span> 
     </span>
     <span class='ocr_line' id='line_1_29' title="bbox 309 4514 1721 4614; baseline -0.002 -23"><span class='ocrx_word' id='word_1_234' title='bbox 309 4519 458 4614; x_wconf 90' lang='lat' dir='ltr'><strong>cipimus</strong></span> <span class='ocrx_word' id='word_1_235' title='bbox 476 4529 648 4614; x_wconf 88' lang='lat' dir='ltr'><strong>quatenus</strong></span> <span class='ocrx_word' id='word_1_236' title='bbox 660 4519 726 4614; x_wconf 91' lang='lat' dir='ltr'><strong>ipsi</strong></span> <span class='ocrx_word' id='word_1_237' title='bbox 740 4541 844 4614; x_wconf 90' lang='lat' dir='ltr'><strong>super</strong></span> <span class='ocrx_word' id='word_1_238' title='bbox 861 4519 1033 4591; x_wconf 90' lang='lat' dir='ltr'><strong>universis</strong></span> <span class='ocrx_word' id='word_1_239' title='bbox 1051 4517 1241 4590; x_wconf 91' lang='lat' dir='ltr'><strong>rationibus</strong></span> <span class='ocrx_word' id='word_1_240' title='bbox 1258 4527 1293 4590; x_wconf 88' lang='lat' dir='ltr'><strong>et</strong></span> <span class='ocrx_word' id='word_1_241' title='bbox 1305 4517 1444 4610; x_wconf 87' lang='lat' dir='ltr'><strong>juribus</strong></span> <span class='ocrx_word' id='word_1_242' title='bbox 1460 4514 1721 4588; x_wconf 88' lang='lat' dir='ltr'><strong>Hersveldensis</strong></span> 
     </span>
     <span class='ocr_line' id='line_1_30' title="bbox 310 4637 1721 4734; baseline -0.004 -17"><span class='ocrx_word' id='word_1_243' title='bbox 310 4643 453 4718; x_wconf 88' lang='lat' dir='ltr'><strong>ecclesie</strong></span> <span class='ocrx_word' id='word_1_244' title='bbox 468 4643 595 4716; x_wconf 87' lang='lat' dir='ltr'><strong>devote</strong></span> <span class='ocrx_word' id='word_1_245' title='bbox 615 4653 649 4715; x_wconf 87' lang='lat' dir='ltr'><strong>et</strong></span> <span class='ocrx_word' id='word_1_246' title='bbox 671 4641 885 4716; x_wconf 86' lang='lat' dir='ltr'><strong>concorditer</strong></span> <span class='ocrx_word' id='word_1_247' title='bbox 900 4641 1104 4732; x_wconf 89' lang='lat' dir='ltr'><strong>intendatis,</strong></span> <span class='ocrx_word' id='word_1_248' title='bbox 1126 4640 1322 4714; x_wconf 88' lang='lat' dir='ltr'><strong>assistentes</strong></span> <span class='ocrx_word' id='word_1_249' title='bbox 1339 4641 1372 4714; x_wconf 92' lang='lat' dir='ltr'><strong>ei</strong></span> <span class='ocrx_word' id='word_1_250' title='bbox 1397 4650 1562 4734; x_wconf 88' lang='lat' dir='ltr'><strong>tanquam</strong></span> <span class='ocrx_word' id='word_1_251' title='bbox 1580 4637 1721 4711; x_wconf 91' lang='lat' dir='ltr'><strong>domiuo</strong></span> 
     </span>
     <span class='ocr_line' id='line_1_31' title="bbox 310 4761 1722 4860; baseline -0.005 -20"><span class='ocrx_word' id='word_1_252' title='bbox 310 4775 346 4840; x_wconf 90' lang='lat' dir='ltr'><strong>et</strong></span> <span class='ocrx_word' id='word_1_253' title='bbox 368 4767 485 4844; x_wconf 88' lang='lat' dir='ltr'><strong>abbati</strong></span> <span class='ocrx_word' id='word_1_254' title='bbox 506 4774 622 4840; x_wconf 89' lang='lat' dir='ltr'><strong>vestro</strong></span> <span class='ocrx_word' id='word_1_255' title='bbox 640 4764 686 4840; x_wconf 90' lang='lat' dir='ltr'><strong>ad</strong></span> <span class='ocrx_word' id='word_1_256' title='bbox 711 4766 876 4839; x_wconf 91' lang='lat' dir='ltr'><strong>honorem</strong></span> <span class='ocrx_word' id='word_1_257' title='bbox 899 4765 1034 4860; x_wconf 86' lang='lat' dir='ltr'><strong>imperii</strong></span> <span class='ocrx_word' id='word_1_258' title='bbox 1056 4773 1173 4837; x_wconf 89' lang='lat' dir='ltr'><strong>contra</strong></span> <span class='ocrx_word' id='word_1_259' title='bbox 1190 4763 1362 4858; x_wconf 88' lang='lat' dir='ltr'><strong>quoslibet</strong></span> <span class='ocrx_word' id='word_1_260' title='bbox 1377 4763 1523 4838; x_wconf 90' lang='lat' dir='ltr'><strong>ecclesie</strong></span> <span class='ocrx_word' id='word_1_261' title='bbox 1544 4761 1722 4834; x_wconf 88' lang='lat' dir='ltr'><strong>invasores</strong></span> 
     </span>
    </p>
   </div>
   <div class='ocr_carea' id='block_1_9' title="bbox 0 0 2297 6036">
    <p class='ocr_par' dir='ltr' id='par_1_9' title="bbox 0 0 2297 6036">
     <span class='ocr_line' id='line_1_32' title="bbox 0 0 2297 6036; baseline 0 0"><span class='ocrx_word' id='word_1_262' title='bbox 0 0 2297 6036; x_wconf 95' lang='lat' dir='ltr'><strong> </strong></span> 
     </span>
    </p>
   </div>
  </div>
 </body>
</html>
