4524 6012
523 691 584 752 666
1024 693 1234 756 vltlltltltlcl
1255 695 1425 756 SECUNDl
1743 693 1823 777 [dus.
1842 695 1929 758 1240.

523 827 728 900 executione
746 829 900 922 portatis.
923 831 972 900 De
989 829 1117 921 quibus
1138 840 1173 901 et
1196 829 1273 902 aliis
1295 837 1409 902 vestre
1430 826 1604 902 fidelitatis
1625 797 1800 921 obsequiis
1817 849 1929 922 quan·

523 974 642 1045 quam,
659 963 697 1023 ut
711 951 885 1042 diximus,
907 961 1022 1024 nostra
1036 951 1292 1044 magnificentia
1305 961 1398 1024 certo
1416 953 1515 1038 foret,
1535 974 1582 1024 ex
1593 962 1711 1023 tenore
1726 960 1841 1024 tamen
1854 951 1932 1024 lite-

524 1097 640 1148 rnrum
659 1085 850 1148 vestrarum
873 1084 908 1147 et
924 1077 1086 1148 relatibus
1108 1077 1213 1149 etiem
1230 1076 1454 1164 nunciorum,
1474 1097 1563 1169 quos
1585 1096 1697 1170 nuper
1715 1073 1762 1146 nd
1781 1083 1930 1148 nostram

523 1199 729 1294 presentiam
753 1199 966 1290 destinastis,
995 1200 1139 1294 pleniori
1164 1199 1265 1274 nobis
1285 1199 1416 1272 exinde
1438 1200 1527 1272 lecta
1554 1197 1640 1288 fide,
1664 1198 1716 1270 sic
1738 1219 1843 1291 super
1865 1197 1932 1270 boc

523 1344 587 1396 suo
605 1324 680 1395 loco
696 1333 730 1396 ct
746 1333 916 1418 tempore,
935 1335 1037 1418 prout
1055 1324 1174 1396 honori
1195 1335 1311 1398 nostro
1326 1323 1489 1396 convenit
1507 1331 1542 1394 et
1560 1321 1642 1394 fidei
1657 1331 1771 1393 vestre
1789 1321 1932 1413 requirit

523 1449 712 1541 integritas,
733 1447 901 1520 benevole
919 1448 1115 1519 curabimus
1132 1449 1327 1542 providere,
1344 1447 1441 1542 qnod
1460 1447 1495 1518 in
1511 1445 1592 1518 fidei
1611 1454 1726 1517 nostre
1739 1443 1932 1516 constantia

522 1574 644 1644 merito
662 1571 843 1665 gaudeatis
862 1571 1061 1664 perstitisse.
1086 1572 1247 1649 esernm
1262 1581 1301 1644 ut
1317 1582 1430 1644 vestre
1449 1569 1643 1644 devotionis
1658 1567 1818 1660 auditus,
1844 1587 1932 1660 quos

522 1704 641 1767 nostre
654 1695 824 1766 felicitatis
845 1695 967 1767 avidos
988 1697 1060 1767 lore
1080 1695 1307 1784 confidimus,
1329 1716 1376 1768 ex
1399 1704 1592 1766 nostrerum
1612 1693 1834 1787 prosperitate
1849 1713 1933 1764 snc-

522 1839 681 1890 oessuum
699 1827 908 1909 recreentur,
930 1817 1112 1911 adjicimus
1133 1817 1229 1911 quod
1251 1818 1403 1914 negociis
1424 1817 1629 1890 Lombardie
1647 1825 1749 1910 prout
1766 1836 1828 1908 per
1847 1814 1932 1888 alias

522 1942 636 2014 literas
656 1940 758 2014 vobis
781 1942 1001 2036 scripsimus,
1024 1943 1207 2014 salubriter
1236 1941 1423 2032 ordinatis,
1454 1943 1489 2012 in
1514 1940 1696 2014 Thusciam
1726 1939 1870 2014 loliciter
1898 1947 1933 2010 et

524 2066 707 2138 victoriose
722 2066 963 2162 pervenimus,
981 2065 1041 2136 ubi
1059 2064 1331 2138 divinalavente
1350 2065 1548 2152 clementia,
1571 2065 1671 2158 plene
1687 2063 1878 2156 gaudentes
1895 2061 1931 2134 in

522 2211 665 2284 corpore
686 2187 856 2261 beneficio
881 2189 1072 2283 sospitatis,
1098 2210 1261 2283 prospere
1284 2211 1469 2283 regnamus
1491 2199 1527 2260 et
1539 2189 1713 2282 vivimus,
1736 2207 1777 2258 ac
1795 2187 1932 2278 singula

522 2313 622 2386 nobis
645 2313 692 2384 ad
717 2324 798 2385 vota
817 2313 1008 2385 succedunt
1027 2341 1035 2384 :
1056 2313 1174 2407 ibique
1195 2335 1324 2386 moram
1346 2312 1517 2388 modicam
1536 2311 1670 2384 trabere
1694 2310 1929 2405 disponimus,

522 2437 567 2509 ad
583 2445 697 2531 partes
721 2437 813 2530 ipsas
834 2437 869 2508 in
890 2436 1051 2531 proximo
1074 2436 1232 2508 felicibus
1258 2436 1421 2531 auspiciis
1443 2435 1649 2530 processuri.
1666 2434 1736 2506 Vos
1758 2432 1862 2527 igitur
1886 2431 1932 2502 ad

521 2561 661 2632 servitia
679 2568 808 2647 nostra,
827 2579 923 2632 more
934 2561 1047 2651 solito,
1066 2559 1189 2652 vigiles
1204 2559 1404 2647 existentes,
1426 2559 1533 2633 sicod
1550 2559 1748 2652 omniaque
1765 2556 1930 2630 honorem

521 2693 675 2756 nostrum
696 2683 905 2779 respiciunt,
923 2683 1087 2756 tenaciter
1106 2683 1273 2778 vigiletis,
1298 2682 1394 2778 quod
1413 2693 1590 2778 sperantes
1607 2683 1643 2756 in
1668 2689 1784 2754 nostre
1806 2679 1930 2754 libera·

520 2807 625 2880 litatis
650 2815 686 2880 et
710 2807 919 2904 provisionis
946 2806 1093 2898 fiducia,
1122 2807 1169 2880 ad
1196 2807 1470 2902 prosecutionem
1492 2807 1712 2882 servitiorum
1739 2814 1931 2878 nostrorum

520 2931 742 3006 laudabiliter
763 2931 969 3024 intendatis,
996 2939 1035 3003 nt
1053 2930 1134 3003 fidei
1153 2940 1268 3024 vestre
1288 2932 1513 3008 constantiam
1531 2933 1698 3003 extollere
1717 2928 1834 3023 dignis
1851 2928 1931 2998 lau-

520 3055 623 3128 dibus
647 3065 682 3129 et
701 3056 835 3128 labores
855 3064 988 3129 vestros
1009 3055 1134 3150 amplis
1151 3075 1411 3152 recompensare
1434 3054 1574 3151 premiis
1593 3055 1714 3126 merito
1737 3053 1927 3126 valeamus.

307 3630 492 3738 lpffgpfffi·
575 3621 796 3706 Mandatum
820 3623 870 3704 ad
893 3631 1079 3704 secretum
1100 3620 1294 3706 Messenae
1320 3629 1364 3704 ut
1386 3619 1517 3703 vincas
1543 3621 1670 3704 curiae
1695 3619 1797 3728 apud
1823 3619 1931 3705 Mes-

523 3779 658 3836 sanam
693 3753 828 3838 Marini
855 3754 1076 3864 Propengae
1103 3753 1359 3862 procurationi
1384 3753 1596 3838 committat
1622 3779 1693 3862 pro
1718 3750 1931 3860 recipiendo

524 3894 729 3996 augmento
751 3884 830 3968 vini
848 3885 952 3994 quod
970 3885 1050 3994 ipse
1068 3885 1218 3970 obbrlit.

605 4086 733 4168 (limat.
748 4086 851 4166 imper.
866 4081 985 4146 diedo.
998 4083 1041 4159 11,
1057 4084 1109 4147 iol.
1128 4095 1165 4146 oe
1180 4091 1276 4160 recto3
1290 4087 1322 4144 in
1335 4085 1403 4145 edit.
1419 4083 1555 4162 Curram,
1569 4101 1600 4160 p.
1618 4081 1702 4161 tlt.)
1796 4053 1800 4072 ⁸

574 4260 620 4327 ilc
637 4255 795 4326 mendac
811 4252 982 4347 imperiali
998 4255 1087 4345 sacto
1100 4275 1163 4348 per
1180 4255 1376 4346 magristrum
1395 4252 1438 4324 R.
1459 4253 1499 4324 do
1517 4253 1619 4348 Supte
1636 4251 1770 4346 scripsit
1790 4247 1934 4322 Jacobur

526 4381 565 4451 de
580 4381 630 4450 Bo
655 4389 732 4450 tro:

573 4401 789 4590 Frigericns,
817 4507 900 4588 etc,
923 4499 1044 4594 blajori
1072 4499 1118 4574 da
1143 4499 1368 4591 Plancatone,
1397 4509 1463 4571 etc.
1486 4498 1637 4574 Veniens
1660 4496 1706 4571 ad
1728 4494 1932 4592 presentiam

526 4635 676 4699 nostram
695 4625 847 4698 Marinus
863 4623 1043 4718 Propenga
1054 4621 1103 4719 (o)
1116 4623 1202 4698 civis
1214 4623 1371 4698 Messene
1384 4621 1499 4698 fidelis
1510 4632 1624 4696 noster
1642 4621 1804 4718 exposuit
1819 4639 1933 4692 coram

568 4799 609 4880 (a)
631 4800 668 4861 ln
681 4799 746 4862 cod.
762 4799 915 4877 Pbllllppr.
931 4799 1076 4882 Popcnpc
