4564 6038
336 604 438 666 lunser.
455 604 517 682 le]
785 604 980 667 tltsvottta
1005 603 1299 666 DlPLOblb'l'lei.
1667 604 1745 666 1197

339 748 573 810 conventuum
590 736 834 810 accedentibus
849 739 1099 834 supplicatione
1114 738 1237 811 humili
1250 748 1284 812 et
1302 759 1492 830 consensu,
1513 738 1676 833 (quarum
1688 759 1746 811 ec-

340 857 523 930 clesiamm
554 865 673 952 utpote
700 878 770 950 que
797 859 932 931 ratione
954 859 1166 932 fundationis
1187 867 1222 931 et
1244 858 1480 932 advocationis
1507 869 1542 932 et
1566 859 1749 932 advocatie

340 979 485 1075 imperio
497 988 533 1051 et
548 979 651 1052 nobis
670 988 843 1074 spectant,
863 991 1058 1053 teneremur
1075 981 1269 1076 dispendiis
1287 980 1504 1077 providere),
1524 981 1692 1054 ratificare
1715 991 1749 1054 et

341 1103 543 1176 confirmare
560 1101 605 1175 de
622 1103 896 1174 mansuetndinis
920 1114 1037 1176 nostre
1054 1105 1162 1196 gratia
1184 1105 1417 1196 dignaremur.
1439 1104 1544 1195 Cujus
1565 1104 1750 1177 decisionis

340 1247 523 1321 processus
540 1235 601 1320 per
616 1224 776 1297 eumdem
796 1227 995 1321 pincernam
1012 1235 1159 1299 statutus
1174 1228 1287 1298 extitit
1305 1229 1340 1297 in
1357 1227 1451 1300 bunc
1465 1228 1606 1300 modom
1622 1253 1631 1298 ι
1650 1227 1751 1299 vide·
1771 1323 1780 1334 J

340 1351 418 1422 licet
436 1360 473 1420 nt
495 1351 570 1444 ipsa
590 1349 660 1420 litis
678 1349 807 1421 decisio
822 1371 892 1443 que
916 1352 1005 1421 facta
1022 1353 1134 1422 fuerat
1148 1371 1209 1444 per
1232 1351 1382 1423 Ulricnm
1405 1351 1614 1445 prepositum
1635 1360 1752 1423 sancte

342 1473 459 1546 Crucis
477 1481 512 1544 et
526 1471 677 1544 Ulricnm
695 1472 881 1566 plebanum
902 1473 1038 1564 majoris
1054 1474 1198 1546 ecclesie
1210 1473 1437 1566 augustensis
1454 1473 1541 1545 inter
1559 1483 1752 1567 prenotatas

343 1597 505 1670 ecclesias
529 1605 603 1681 rata
625 1606 660 1669 et
683 1597 891 1669 inviolabilis
915 1598 950 1667 in
977 1598 1138 1669 omnibns
1162 1598 1376 1668 observetur.
1403 1597 1507 1690 Cujus
1530 1607 1683 1670 tenorem
1708 1597 1754 1671 de

343 1720 452 1792 verbo
470 1720 516 1792 ad
533 1721 678 1791 verbnm
694 1719 748 1792 bis
767 1720 886 1791 litteris
905 1719 1072 1792 duximus
1088 1719 1309 1791 inserendum
1326 1746 1335 1789 z

393 1845 430 1916 ln
451 1845 591 1915 nomine
612 1852 730 1915 sancte
747 1853 782 1914 et
804 1843 987 1916 individue
1003 1844 1194 1932 Trinitatis,
1218 1865 1331 1914 amen.
1350 1843 1531 1935 Memoria,
1556 1854 1593 1915 ut
1612 1843 1753 1938 quidem
1869 1855 1872 1862 '

345 1965 483 2060 sapiens
504 1967 571 2058 ait,
597 1989 676 2038 cum
692 1967 736 2038 sit
752 1988 807 2038 res
829 1967 960 2061 fragilis
976 1988 1041 2039 nec
1058 1967 1159 2038 turbe
1177 1987 1291 2037 rernm
1314 1966 1478 2058 sufficiat,
1494 1967 1612 2038 sollers
1628 1967 1674 2040 ad
1691 1968 1757 2041 hec

345 2087 525 2160 bominum
539 2089 604 2159 sibi
622 2091 713 2160 cavit
726 2089 895 2163 industria
914 2100 1024 2161 utres
1044 2089 1188 2184 provide
1206 2098 1319 2182 gestas
1338 2091 1524 2162 litterarum
1541 2093 1758 2164 commenda-

346 2220 423 2284 rent
444 2211 602 2306 apicibus
622 2222 657 2284 et
676 2212 855 2284 hominum
872 2213 1001 2284 malitis
1017 2223 1052 2284 et
1073 2213 1258 2284 oblivionis
1281 2221 1499 2284 occurrerent
1520 2213 1664 2286 incuria.
1686 2215 1759 2286 Hac

348 2335 454 2428 igitur
470 2335 744 2409 consideratione
761 2357 823 2408 nos
840 2336 886 2408 de
907 2325 1134 2408 liai'ttenbuch
1147 2347 1181 2408 et
1203 2337 1414 2429 Staingaden
1430 2337 1592 2431 prepositi
1609 2337 1655 2410 ad
1669 2338 1759 2410 noti·

348 2459 432 2532 tiam
449 2469 518 2530 tam
535 2460 747 2554 presentium
764 2481 869 2556 quam
896 2461 1090 2531 futurorum
1114 2460 1262 2554 presenti
1285 2459 1411 2554 scripto
1428 2460 1647 2533 devolvimus
1664 2458 1761 2554 quod

350 2603 428 2654 cum
450 2583 532 2654 olim
550 2605 655 2678 super
671 2605 811 2656 nemore
837 2583 963 2654 montis
979 2583 1039 2679 qui
1062 2582 1188 2654 dicitur
1211 2583 1369 2677 llchperg
1385 2593 1419 2654 et
1434 2583 1618 2656 novalibus
1635 2593 1705 2655 tam
1724 2583 1761 2654 in

350 2704 425 2798 ipso
439 2716 555 2778 moute
570 2727 675 2800 quarn
694 2707 729 2777 in
747 2708 853 2778 latere
869 2706 995 2778 montis
1013 2727 1113 2776 secus
1129 2705 1256 2776 flumen
1274 2705 1370 2799 quod
1390 2704 1515 2778 dicitur
1531 2705 1624 2778 llaob
1639 2727 1762 2778 versus

350 2827 542 2919 Wilstigam
558 2838 593 2901 et
610 2829 890 2903 buchardesowe
905 2829 1097 2916 innovatis,
1125 2830 1260 2922 questio
1276 2829 1393 2923 gravis
1411 2849 1452 2900 ao
1469 2828 1633 2901 diuturna
1653 2839 1764 2901 verte-

351 2961 457 3042 retur,
478 2952 618 3025 tandem
637 2963 713 3047 post
726 2953 852 3025 multos
868 2953 1003 3024 labores
1018 2963 1052 3024 et
1072 2973 1262 3045 expensas,
1286 2953 1456 3024 bonorum
1473 2973 1514 3023 ac
1538 2951 1763 3024 discretorum
1791 2981 1795 2988 ·

352 3075 505 3147 virorum
529 3077 685 3163 arbitrio,
706 3077 870 3172 prepositi
896 3076 1057 3149 videlicet
1075 3085 1192 3147 sancte
1210 3075 1328 3147 Crucis
1352 3086 1387 3148 et
1410 3075 1548 3168 majoris
1564 3075 1709 3147 ecclesie
1728 3076 1764 3146 in

353 3197 508 3292 Angusta
526 3200 682 3293 plebani,
699 3199 759 3294 qui
782 3201 828 3273 ad
849 3200 916 3272 hoo
934 3199 1128 3294 specialiter
1146 3199 1346 3270 auctoritate
1363 3198 1551 3292 imperialis
1567 3199 1681 3270 aulea
1697 3197 1765 3271 do-

353 3323 448 3393 mino
469 3322 672 3416 Maguntino
698 3323 832 3396 fuerant
852 3321 1027 3395 auditores
1052 3322 1143 3412 dati,
1169 3321 1345 3393 humiliter
1362 3344 1403 3394 ac
1421 3321 1546 3394 devote
1568 3341 1632 3394 nos
1654 3320 1766 3413 subje-

355 3445 483 3528 cimns;
504 3447 644 3518 fratrum
660 3469 800 3542 quoque
815 3456 1008 3519 nostrorum
1022 3445 1208 3520 accedente
1217 3467 1400 3536 consensu,
1413 3447 1493 3518 data
1506 3445 1576 3518 fide
1591 3448 1625 3517 in
1643 3467 1767 3518 manns

355 3567 508 3663 ipsorum
526 3569 603 3642 vice
624 3571 828 3642 sacramenti
845 3579 882 3642 ut
895 3592 1013 3641 eornm
1029 3578 1197 3641 staremus
1210 3569 1370 3658 arbitrio,
1393 3569 1670 3662 irrefragabiliter
1688 3591 1768 3663 pro-

356 3691 512 3762 misimus
530 3701 563 3764 et
582 3691 628 3765 ad
652 3715 777 3787 penam
794 3703 932 3765 centum
949 3714 1141 3764 marearum
1160 3693 1293 3786 argenti
1311 3693 1367 3763 tali
1381 3702 1481 3786 pacto
1501 3692 1681 3764 hincinde
1703 3713 1768 3764 nos

356 3814 588 3908 obligavimus
602 3826 641 3886 ut
656 3817 685 3888 si
702 3838 782 3910 pars
800 3818 905 3889 altera
921 3827 1082 3912 proterve
1097 3825 1275 3911 respueret
1288 3817 1486 3905 arbitrium,
1505 3817 1601 3888 alteri
1620 3813 1769 3910 partium

331 3974 335 3983 ·
358 3938 448 4011 hano
470 3939 654 4034 pecuniam
677 3941 835 4011 solveret.
862 3939 1084 4012 Postmodum
1103 3961 1187 4010 vero
1209 3949 1384 4030 receptae
1411 3937 1566 4031 partibus
1588 3937 1769 4008 sufficienti

359 4063 538 4148 cautione,
560 4064 627 4134 tale
640 4063 903 4156 promulgarunt
920 4061 1098 4133 arbitrium
1119 4059 1279 4132 videlicet
1294 4071 1333 4129 nt
1352 4061 1512 4131 utralibet
1537 4060 1678 4131 ecclesia
1697 4061 1769 4131 suis

360 4186 543 4258 novalibus
559 4207 628 4277 que
641 4186 786 4280 propriis
803 4185 997 4280 sumptibus
1011 4195 1045 4256 et
1061 4184 1236 4254 laboribus
1250 4183 1416 4254 hactenus
1431 4181 1570 4254 exculta
1586 4183 1721 4253 fuerant
1737 4191 1771 4254 et

360 4331 477 4382 eorum
494 4309 611 4401 quieta
625 4309 839 4402 possessione
854 4319 888 4380 et
904 4309 1036 4400 absque
1046 4308 1141 4379 omni
1157 4307 1226 4378 litis
1243 4305 1498 4400 interpositione
1508 4305 1673 4400 deinceps
1684 4327 1771 4400 gau·

361 4431 454 4520 deat,
474 4441 509 4504 et
533 4433 636 4503 nullis
661 4453 816 4526 unquam
840 4431 1052 4526 temporibus
1075 4431 1111 4501 in
1133 4441 1307 4525 posterum
1326 4430 1371 4502 ab
1392 4430 1475 4526 ipsis
1495 4430 1633 4502 novalia
1650 4429 1772 4501 novari

362 4553 532 4627 debeant:
549 4553 646 4649 qnod
664 4556 767 4627 etiam
787 4554 853 4627 sub
874 4575 963 4648 pena
980 4553 1099 4627 decem
1113 4553 1278 4624 librarum
1295 4561 1432 4625 monete
1448 4551 1678 4645 augustensis
1695 4575 1773 4647 par-

360 4679 454 4750 tibus
473 4679 654 4749 inhibitum
670 4689 733 4750 est.
755 4677 859 4771 ligna
874 4697 1014 4771 quoque
1031 4677 1151 4771 prefati
1169 4677 1318 4749 nemoris
1332 4675 1377 4748 ad
1396 4697 1479 4747 usus
1498 4697 1697 4748 communes
1710 4697 1771 4748 seu

443 4802 480 4862 v.
505 4813 600 4856 rasa.
1557 4809 1609 4859 sss
