4374 6010
560 685 623 748 tat
987 733 990 740 ·
1039 691 1277 756 uutuuatct
1301 693 1477 756 sectum
1789 698 1871 783 [dn.
1890 700 1976 766 tato.

608 823 657 892 De
690 821 857 918 inperiali
889 823 1046 898 caudato
1077 829 1164 918 [octo
1190 851 1256 923 per
1283 829 1484 924 mapirtrum
1512 801 1554 902 ttss
1588 828 1629 902 de
1663 829 1816 926 Trcjccto
1845 839 1979 930 scripsit

558 946 785 1018 Laurentius:

548 1121 551 1130 .
606 1068 819 1162 Fredericns,
840 1077 924 1161 eto,
943 1069 1105 1146 dnsclmo
1120 1071 1166 1147 de
1183 1073 1289 1148 Ponte
1306 1075 1468 1148 Tremnlo
1485 1077 1672 1150 autetiam
1685 1077 1894 1172 Martnrcni,
1907 1091 1972 1156 etc.

557 1191 645 1276 Quia
661 1191 819 1286 captivus
839 1191 898 1264 ille
913 1213 1017 1287 quem
1032 1193 1251 1270 custodiebas
1272 1206 1431 1270 mortuus
1454 1207 1526 1286 est,
1546 1198 1637 1272 sicut
1661 1221 1723 1296 pro
1743 1209 1839 1276 certo
1862 1213 1977 1277 nosue

556 1315 721 1387 serenitas
739 1315 927 1404 intellexit,
949 1316 1153 1391 mandamus
1175 1319 1238 1392 tibi
1263 1329 1438 1414 quatenns
1464 1321 1676 1396 Abbatinum
1705 1323 1750 1398 de
1778 1326 1977 1421 Melignano

555 1438 750 1532 captivum,
771 1439 833 1534 qni
851 1439 917 1512 init
935 1439 1001 1512 sub
1019 1441 1177 1516 custodia
1195 1444 1369 1517 comitisse
1386 1444 1567 1534 Coriliani,
1591 1445 1862 1520 custodiendum
1879 1449 1976 1520 reci-

555 1561 648 1656 pias,
667 1571 702 1636 et
714 1562 819 1654 juxta
836 1564 982 1637 sormam
1003 1565 1066 1637 tibi
1086 1564 1201 1640 deam
1218 1587 1281 1664 pro
1299 1567 1386 1661 alio,
1408 1567 1523 1664 ipsum
1543 1567 1726 1664 diligenter
1746 1570 1875 1646 debeas
1894 1593 1975 1644 cns·

557 1684 680 1757 todire.

604 1809 729 1881 Datum
746 1807 869 1906 inpie,
889 1810 1014 1886 xxvu
1031 1811 1165 1908 aprilis,
1185 1813 1263 1886 Xlll
1281 1811 1496 1888 indictionis.

606 2411 785 2496 Mandata
806 2410 856 2493 ad
875 2409 1099 2520 justitiarios
1122 2411 1231 2520 regni
1253 2420 1297 2494 ut
1318 2412 1359 2494 in
1385 2437 1520 2496 eorum
1548 2412 1812 2523 jurisdictione
1832 2415 1973 2532 milites

554 2554 728 2628 strenuos
741 2554 778 2626 et
796 2543 893 2625 bena
906 2553 1075 2626 armatos
1088 2543 1304 2652 praeparari
1321 2542 1478 2651 iaciant,
1492 2545 1560 2654 qui
1577 2546 1640 2629 die
1653 2555 1785 2632 oetam
1803 2549 1969 2657 proximi

553 2676 695 2758 mensis
710 2674 809 2784 junii
828 2675 867 2756 in
886 2684 1090 2784 conspeetu
1107 2674 1289 2784 principis
1307 2700 1349 2758 se
1365 2685 1620 2785 praesentent.

634 2875 763 2958 (Repert.
776 2875 880 2956 imper.
893 2871 1013 2938 Frcdm.
1026 2875 1067 2954 11,
1083 2874 1136 2936 iol.
1153 2884 1209 2936 tue
1222 2881 1316 2950 recto;
1333 2877 1365 2938 ln
1378 2875 1450 2938 edit.
1468 2876 1605 2952 dorcam,
1620 2893 1652 2957 p.
1667 2877 1752 2957 tot.)

608 3057 655 3126 Dc
678 3053 837 3126 mandcto
859 3053 982 3124 mmai
1002 3051 1209 3147 imperatorie
1231 3053 1323 3144 [octo
1340 3073 1404 3146 pcr
1423 3053 1601 3146 mopictrcc
1625 3055 1762 3128 Petrum
1785 3053 1826 3128 de
1850 3055 1967 3144 vena,

556 3181 593 3250 Τ.
614 3178 654 3249 de
673 3175 792 3249 Suessa
805 3187 836 3247 ct
850 3177 892 3246 il.
909 3175 949 3247 de
971 3175 1117 3268 trajecto
1132 3175 1268 3268 scripsit
1287 3173 1518 3248 marentius:

600 3301 814 3390 rudericus,
828 3309 912 3387 eta,
926 3299 966 3371 ll.
984 3298 1030 3372 de
1042 3297 1171 3371 Amicis
1181 3297 1367 3390 justitiario
1379 3299 1469 3372 ultra
1482 3299 1619 3382 tluman¹
1628 3299 1777 3392 Salsum,
1797 3302 1969 3387 cleonice

552 3426 598 3501 de
616 3423 782 3497 militibus
799 3423 899 3516 regni
922 3423 1027 3495 nostri
1052 3444 1115 3517 pro
1130 3421 1393 3494 imminentibus
1416 3423 1564 3516 nogotiis
1580 3423 1742 3496 volumus
1760 3423 1890 3500 babere
1904 3447 1968 3499 no·

550 3549 704 3639 biscum,
725 3545 930 3618 mundemus
946 3555 1116 3640 qnatenus
1135 3545 1251 3618 statim
1266 3544 1351 3616 visis
1368 3544 1433 3638 bys
1450 3543 1577 3618 lictcris
1594 3545 1631 3616 in
1648 3545 1890 3637 jurisdictione
1908 3557 1967 3620 tna

550 3674 612 3744 XV
638 3671 762 3743 milites
787 3679 945 3742 strenuos
968 3669 1152 3741 etelectus
1175 3667 1281 3738 iacies
1305 3667 1500 3763 preparari,
1524 3669 1587 3762 qui
1611 3669 1701 3742 Vllll
1728 3668 1786 3742 die
1806 3671 1965 3765 proximo

551 3795 657 3868 futuri
683 3793 810 3866 mensis
836 3791 926 3884 junii
956 3793 1062 3884 bujus
1089 3791 1166 3863 Xlll
1195 3789 1394 3864 indictionis
1421 3791 1518 3886 apud
1547 3791 1702 3886 Capuam
1728 3793 1818 3866 bene
1841 3793 1965 3866 muniti

550 3919 671 4012 equis,
694 3917 817 4006 armis,
835 3916 982 4010 copertis
1002 3915 1120 3987 terreis
1138 3922 1173 3986 et
1191 3913 1269 3985 aliis
1285 3914 1464 4008 oportunis
1481 3923 1599 3996 nostro
1616 3917 1816 4012 conspectui
1832 3937 1870 3990 se
1883 3938 1967 4013 pro-

550 4049 685 4114 sentent
697 4041 773 4112 XV.

596 4165 719 4238 Datum
735 4161 831 4256 apud
847 4161 977 4252 ortam,
993 4159 1116 4231 XXVll
1132 4159 1270 4254 aprelis,
1286 4157 1364 4231 Xlll
1381 4157 1594 4232 indictionis.

512 4367 520 4378 ,
596 4287 730 4362 Similes
743 4285 784 4357 G.
801 4283 846 4358 de
862 4281 1019 4376 Anglono
1027 4283 1212 4376 justitiario
1223 4283 1309 4356 eitra
1327 4281 1457 4355 llumen
1475 4283 1610 4355 Salsum
1628 4304 1691 4378 pro
1705 4281 1874 4355 militibus
1890 4283 1959 4356 LX.

594 4408 745 4484 Golirido
766 4407 811 4480 de
836 4407 1085 4479 Montaluscnlo
1105 4405 1288 4500 justitiario
1316 4405 1472 4479 Calabria
1495 4425 1558 4502 pro
1581 4405 1749 4479 militibus
1770 4406 1822 4498 X,
1850 4416 1963 4501 preter

546 4538 674 4608 terreas
692 4539 861 4628 copertas.
1116 4593 1120 4608 ,
1445 4569 1453 4580 ·
1582 4573 1587 4580 ·
1615 4617 1618 4626 .

549 4711 551 4716 -
595 4657 767 4730 Ptolomeo
793 4651 838 4726 da
860 4651 1063 4725 Castellione
1086 4650 1272 4746 justitiario
1296 4649 1402 4726 Vallis
1427 4651 1540 4728 Gratis
1563 4673 1626 4747 pro
1652 4651 1820 4726 militibus
1842 4649 1957 4742 XXV,

546 4790 658 4878 preter
678 4779 804 4852 terreas
821 4783 989 4872 copertes.
1204 4793 1207 4799 ·
