4564 6038
571 679 648 742 1188
1092 679 1279 742 coenant
1308 682 1458 758 coeunt
1790 685 1874 764 [dn.
1896 685 1987 749 lm

568 825 609 890 ut
622 815 731 908 gratia
749 811 963 888 celsitudinis
978 822 1092 888 nosne
1110 837 1215 908 quam
1233 817 1298 912 ipsi
1319 817 1486 912 gerimus,
1506 817 1607 890 vobis
1623 839 1689 892 suc
1707 819 1908 894 interventu
1926 819 1990 894 de-

568 940 648 1012 beat
665 938 790 1010 iuveris
806 937 913 1010 nostri
928 938 1092 1032 ampliora
1106 939 1238 1034 premia
1254 949 1439 1036 reportare.

616 1065 740 1134 Datum
754 1061 848 1155 apud
863 1062 1079 1155 Hagencwe,
1096 1062 1158 1134 XV
1172 1063 1343 1155 januarii,
1361 1065 1439 1136 Xlll
1457 1062 1657 1140 indictione.

383 1591 512 1700 Essa
625 1557 841 1668 Conradns,
878 1560 1184 1644 Romanorum
1175 1588 1215 1643 nn
1251 1563 1572 1672 regemelectus,
1611 1565 1661 1646 ad
1695 1561 1987 1672 requisitionem

383 1701 456 1754 ¹⁶1⁸¹²
409 1655 524 1743 Ἕω·
570 1689 771 1776 Wernheri
794 1693 942 1777 abbatis
964 1694 1258 1802 Hersieldensis,
1279 1695 1505 1778 sententiam
1522 1695 1740 1804 principum
1762 1693 1988 1803 promulgat

571 1851 648 1934 qun
666 1826 852 1909 deciditur
874 1827 997 1910 officia
1020 1827 1135 1938 hujus
1153 1827 1344 1932 ecclesiae,
1361 1839 1566 1937 postquam
1584 1829 1685 1910 idem
1708 1827 1856 1910 abbas
1846 1849 1983 1907 rures-

571 1957 725 2040 tituram
743 1960 896 2067 recepit,
918 1960 1085 2068 legitime
1102 1987 1252 2062 vacare,
1273 1961 1437 2069 exceptis
1455 1969 1621 2070 quatuor
1637 1957 1924 2068 principalibus.

650 2172 743 2246 (lidlt.
762 2189 811 2251 ap.
827 2174 983 2270 Surum,
997 2174 1128 2235 tronum.
1149 2175 1249 2254 Hora,
1270 2181 1294 2238 t.
1312 2174 1373 2254 Ill,
1396 2193 1425 2253 p.
1447 2185 1518 2238 252.
1533 2209 1574 2220 -
1587 2175 1702 2254 Psurn,
1726 2175 1857 2236 Momm.
1882 2171 1978 2235 ὅπη.

690 2275 771 2355 litt„
786 2283 810 2338 t.
825 2279 879 2353 lv,
894 2295 924 2355 p.
943 2281 1025 2356 ete.)

619 2463 798 2536 Conradus
812 2463 886 2538 divi
901 2468 1039 2560 angusti
1056 2467 1270 2562 imperatoris
1285 2465 1449 2540 Friderioi
1468 2465 1579 2556 iilius,
1603 2467 1664 2538 Dei
1683 2467 1792 2559 gratia
1807 2466 1979 2536 Romano·

571 2609 645 2658 rum
661 2587 697 2658 iu
711 2589 968 2680 regemelectus
981 2611 1117 2685 semper
1133 2599 1304 2684 augustus
1318 2599 1354 2664 et
1366 2590 1465 2664 lueres
1478 2592 1575 2684 regni
1585 2591 1787 2677 Jerusalem,
1806 2589 1977 2660 universis

570 2720 746 2806 presentes
764 2711 895 2784 litteras
913 2713 1118 2808 inspecturis
1138 2713 1300 2789 fidelibus
1317 2713 1452 2810 imperii
1471 2715 1614 2808 gratiam
1632 2734 1730 2784 snam
1748 2723 1782 2784 et
1797 2733 1900 2784 omne
1916 2711 1977 2782 bo·

570 2856 667 2906 num.
686 2835 825 2908 Noverit
843 2837 1050 2909 universitas
1065 2847 1180 2911 vestra
1196 2835 1294 2931 quod
1308 2836 1354 2909 ad
1371 2837 1630 2930 requisitionem
1643 2835 1823 2907 Wemheri
1837 2855 1978 2906 venera·

570 2957 650 3030 bilis
668 2958 802 3031 abbatis
816 2960 1072 3033 Hersveldensis
1088 2961 1245 3052 ecclesie,
1263 2959 1472 3034 dictantibus
1488 2981 1564 3033 eam
1583 2957 1756 3034 nobilibus
1774 2967 1808 3030 et
1825 2957 1902 3030 aliis
1918 2957 1976 3049 qui

570 3083 726 3173 aderant,
740 3083 893 3156 talislata
904 3085 968 3156 luit
982 3106 1096 3158 coram
1110 3085 1210 3158 nobis
1223 3085 1392 3157 sententia
1403 3094 1438 3156 et
1449 3083 1494 3156 ab
1507 3082 1667 3156 omnibus
1681 3083 1870 3177 approbata
1882 3079 1978 3174 quod

572 3207 653 3300 quia
678 3205 722 3278 de
742 3228 845 3278 manu
869 3219 986 3280 nostra
1009 3209 1177 3302 regalium
1202 3217 1375 3301 receperat
1400 3207 1658 3297 investituram,
1681 3205 1833 3299 legitime
1854 3223 1979 3276 vacare

571 3329 720 3401 debeant
738 3330 901 3402 universa
914 3331 1025 3402 officia
1046 3330 1190 3403 ecclesie
1207 3329 1486 3420 Hersveldeusis,
1508 3329 1664 3425 exceptis
1681 3339 1829 3422 quatuor
1847 3327 1979 3422 princi·

570 3452 706 3546 palibus
721 3473 791 3545 que
804 3435 878 3546 post
889 3475 928 3526 se
939 3454 1221 3548 consequentiam
1236 3475 1406 3527 summam
1419 3453 1571 3526 trahunt.
1588 3451 1688 3526 Unde
1699 3474 1743 3526 ne
1757 3451 1978 3524 desententia

570 3559 771 3666 hujusmodi
795 3577 831 3647 in
852 3587 953 3650 antea
974 3577 1171 3668 dubitetur,
1197 3587 1370 3672 presentes
1393 3578 1521 3650 litteras
1539 3575 1641 3668 sigilli
1663 3575 1770 3648 nostri
1788 3575 1979 3647 munimine

571 3698 737 3772 duximus
748 3699 975 3774 roborandus.
1607 3681 1612 3686 ¹

618 3825 742 3897 Datum
759 3823 855 3920 apud
870 3825 1048 3919 eugenos,
1062 3825 1123 3896 xv
1135 3825 1302 3918 januarii,
1322 3823 1399 3895 xllt
1415 3821 1617 3895 indictione.

776 4091 1774 4112 m-fflnv-ffl-

403 4437 416 4470 .
461 4382 523 4471 Ὗ·
584 4391 593 4404 ·
622 4371 839 4479 Conredus,
867 4371 907 4452 iu
931 4367 1191 4470 Romanorum
1219 4390 1348 4476 regem
1376 4363 1537 4471 electus,
1568 4361 1696 4446 abbati
1718 4369 1755 4442 et
1777 4357 1980 4442 conventui

568 4511 616 4592 de
642 4507 747 4590 Paris
777 4504 978 4588 confirmat
1006 4500 1249 4584 donationem
1282 4522 1401 4608 quam
1427 4497 1473 4580 E.
1505 4497 1554 4577 dc
1582 4490 1898 4578 dmelricheswilr
1924 4489 1979 4570 eis

567 4641 655 4724 iecit
672 4651 709 4724 et
727 4664 845 4748 quam
863 4635 1009 4720 Ulrious
1038 4657 1166 4715 comes
1190 4633 1238 4714 de
1265 4629 1437 4736 Firretis,
1465 4627 1575 4738 cujus
1597 4629 1698 4710 idem
1722 4625 1767 4708 Ε.
1794 4623 1977 4704 ministe-

567 4774 672 4858 rialis
689 4773 874 4874 extiterat,
895 4765 1130 4875 approbavit.
