4358 5996
235 585 342 692 'rnre
362 629 423 708 ra]
694 625 890 688 ursrourn
915 625 1209 692 nrrnouarrca.
1578 625 1655 688 roas

242 767 390 856 calcare,
406 763 506 856 quasi
518 763 623 835 ceteri
638 763 811 857 principes
822 762 883 856 qui
897 761 943 833 ob
959 761 1178 836 devotionem
1192 761 1365 834 Romanae
1377 758 1550 832 Ecclesiae
1566 769 1601 832 et
1618 761 1654 830 in

241 888 362 960 odium
385 885 549 959 Friderici
570 886 637 958 sibi
659 885 893 959 adhaeserunt
916 893 952 958 et
971 907 1051 957 enm
1069 885 1135 957 sibi
1157 886 1305 958 iecerunt
1325 883 1449 957 dacem
1472 891 1507 954 et
1526 883 1653 977 capita·

240 1031 347 1082 neum
363 1019 399 1082 et
414 1009 633 1101 magistrum,
648 1010 722 1082 sine
733 1010 809 1104 ipso
821 1030 890 1081 non
903 1010 1035 1104 possint
1047 1010 1265 1104 aliquatenus
1280 1007 1464 1081 subsistere
1477 1009 1533 1080 vei
1551 1008 1652 1080 etiam

240 1135 362 1206 uivere
380 1133 448 1204 nisi
469 1141 638 1226 quantum
660 1154 745 1206 suae
763 1131 884 1210 sedeat
899 1133 1082 1206 voluntati.
1102 1134 1248 1205 Domino
1265 1153 1360 1222 meu,
1383 1131 1512 1225 inquit,
1531 1131 1654 1202 incutit

239 1265 384 1342 metum,
398 1256 468 1327 imo
481 1257 618 1329 ruinam
633 1277 801 1350 personae
813 1267 848 1330 et
859 1255 1046 1328 haeredum
1059 1278 1201 1328 suorum
1215 1255 1387 1349 simulque
1400 1253 1652 1327 distractionem

238 1380 397 1453 omnium
412 1380 584 1454 bonorum
602 1402 764 1472 suorum,
785 1381 852 1452 nisi
876 1381 942 1453 sibi
965 1380 1151 1454 adhaereat
1171 1381 1217 1454 ad
1239 1400 1375 1454 omnem
1405 1379 1652 1473 promotionem

238 1503 404 1576 Friderici
415 1504 590 1576 haeretici.
604 1503 663 1576 Ait
676 1506 874 1600 supplicare
883 1504 1007 1577 ducem
1018 1527 1058 1577 ac
1072 1526 1152 1576 cum
1163 1504 1325 1599 lacrymis
1339 1501 1487 1597 pedibus
1497 1501 1652 1575 accidere

237 1627 481 1716 sanctissimis,
497 1628 656 1700 similiter
668 1649 814 1700 uxorem
831 1629 906 1719 ejus
925 1627 1240 1700 christianissimam
1260 1647 1339 1698 cum
1355 1625 1429 1696 suis
1442 1624 1652 1697 haeredibus

236 1749 274 1819 in
292 1759 390 1821 tanto
414 1750 567 1844 periculo
586 1751 780 1823 constitutis
798 1752 1062 1824 misericorditer
1079 1751 1212 1824 auxilio
1232 1761 1266 1822 et
1287 1748 1429 1822 oonsilio
1446 1747 1648 1836 subveniat3

235 1881 427 1966 utrumque
442 1873 532 1944 enim
550 1874 779 1968 principatum
793 1873 993 1947 eurumdem
1007 1875 1101 1947 omni
1115 1883 1212 1969 parte
1225 1873 1272 1946 ad
1285 1870 1485 1944 intrandum
1503 1882 1538 1944 et
1552 1893 1651 1944 occu·

225 1997 393 2094 ‘pandum
408 1996 510 2068 iaciie
522 2005 637 2091 patere
653 1996 824 2069 hostibus.
840 1998 917 2093 ipsa
935 1998 1028 2070 enim
1046 1996 1256 2094 (subjungit)
1272 1995 1411 2069 domina
1426 1997 1575 2088 gloriosa
1586 1993 1650 2068 de·

236 2120 413 2192 votissima
439 2121 569 2193 samnia
582 2121 757 2194 Ecclesiae
775 2122 947 2194 Romanae
960 2130 1187 2216 posteaquam
1204 2129 1332 2193 tautam
1346 2117 1528 2214 perfidiam
1543 2119 1651 2190 intei-

235 2241 322 2312 lexit
347 2242 475 2333 relatu,
506 2243 620 2316 statim
642 2243 764 2316 incidit
787 2245 898 2316 febres
926 2255 1044 2316 acuas
1065 2266 1154 2338 quas
1178 2253 1213 2316 et
1236 2243 1442 2336 gravissime
1466 2243 1595 2338 patitur
1615 2243 1649 2313 in

234 2366 423 2458 praesenti.
447 2367 600 2461 Ideoque
619 2368 774 2440 hortatur
798 2389 922 2462 papam
946 2378 984 2438 ut
999 2377 1146 2439 maturet
1165 2367 1298 2460 siquid
1315 2367 1511 2440 iaciendum
1526 2367 1651 2440 decre·

237 2489 343 2574 verit;
367 2513 431 2563 nec
445 2492 538 2564 euim
551 2512 653 2587 posse
669 2493 793 2564 ducem
810 2499 904 2563 tanto
920 2493 1063 2586 impetui
1083 2490 1359 2563 adversariorum
1374 2490 1530 2562 resistere
1546 2513 1650 2584 quem

236 2614 414 2686 minantur
432 2615 466 2688 ei
481 2613 609 2689 hostes.
633 2616 785 2688 Consulit
809 2616 883 2710 ipse
902 2614 1064 2686 hibertus
1084 2614 1189 2708 igitur
1208 2633 1333 2708 papae,
1358 2614 1433 2706 regi
1453 2614 1592 2688 Boemie
1611 2625 1650 2686 ut

235 2738 334 2811 novit
350 2738 599 2812 humanissime
612 2739 739 2811 scribat
759 2760 800 2811 ac
817 2759 889 2810 rem
903 2739 1043 2812 omnino
1057 2759 1162 2831 quam
1175 2737 1322 2810 intendit
1340 2757 1416 2828 rex,
1438 2737 1474 2808 in
1489 2738 1649 2831 proximo

235 2872 409 2932 conuentu
427 2861 593 2955 impediat
608 2861 820 2956 principum;
839 2863 967 2934 scribat
983 2871 1160 2957 praeterea
1177 2860 1347 2932 Bohuzlao
1361 2858 1432 2932 titio
1449 2861 1646 2950 Ziauoonis,

234 2983 319 3056 iude
332 2983 498 3056 Budisiao
512 2983 583 3057 filio
598 2986 753 3076 Jaroziai,
769 2985 888 3057 itidem
904 2986 1011 3058 sorori
1026 2986 1117 3078 regis
1131 2985 1291 3056 Boemiae
1307 3005 1398 3077 quae
1415 2993 1468 3057 est
1482 3005 1649 3057 conversa

233 3106 279 3178 ad
297 3106 457 3178 habitum
477 3108 620 3179 fratrum
634 3080 819 3198 minorum,
836 3109 937 3200 cujus
954 3110 1168 3203 potissimum
1184 3109 1287 3181 irater
1302 3107 1453 3179 consiliis
1468 3107 1588 3199 utitur,
1611 3116 1649 3178 ut

233 3229 374 3301 fratrem
390 3251 411 3302 a
427 3230 604 3325 proposito
623 3239 756 3302 avertat
775 3240 810 3303 et
833 3231 878 3303 ad
903 3232 1121 3305 devotionem
1138 3231 1281 3304 Romani
1300 3229 1472 3325 pontificis
1490 3230 1645 3303 reducat.

232 3351 369 3424 Scribat
380 3361 555 3446 praeterea
567 3355 769 3445 baronibus,
786 3351 853 3426 nisi
867 3376 929 3426 rex
943 3355 1009 3427 sibi
1020 3357 1214 3447 juramento
1228 3355 1413 3428 adstrictus
1425 3375 1466 3426 ea
1480 3355 1649 3448 compleat

232 3494 328 3568 quae
348 3477 482 3567 jurarit,
510 3497 548 3548 se
567 3476 748 3550 interdicto
772 3478 946 3550 Boemiam
966 3477 1149 3568 subjicere.
1178 3478 1384 3570 hujusmodi
1409 3499 1492 3550 vero
1517 3477 1567 3548 rei
1591 3477 1648 3550 det

231 3598 439 3670 monitorem
464 3608 499 3672 et
518 3611 740 3673 executorem
762 3601 1058 3695 archiepiscopum
1083 3602 1350 3692 strigoniensem
1375 3601 1429 3672 vel
1446 3599 1647 3696 episcopum

231 3720 552 3796 Wratisiabiensem
576 3725 638 3817 qui
664 3723 863 3816 hujusmodi
882 3725 1058 3818 negotium
1076 3735 1110 3797 et
1132 3746 1200 3797 non
1222 3725 1280 3796 aiii
1304 3723 1468 3819 perficere
1488 3724 1643 3819 poterint.

232 3843 422 3936 subjungit
443 3853 479 3917 et
506 3848 672 3939 gloriatur
688 3847 761 3938 jam
782 3848 963 3942 episcopos
983 3849 1134 3942 incipere
1158 3849 1332 3920 ruminare
1355 3857 1425 3919 tam
1446 3849 1538 3921 circa
1556 3849 1648 3920 Rhe·

233 3985 318 4036 num
341 3973 378 4037 et
401 3967 501 4060 aiibi,
530 3968 715 4041 tormidine
738 3970 983 4041 sententiarum
1015 3971 1160 4042 latarum
1185 3971 1222 4042 in
1245 3972 1339 4066 ipsos
1361 3979 1395 4043 et
1420 3971 1456 4042 in
1484 3971 1647 4045 ecclesias

232 4087 448 4174 eorumdem,
477 4093 577 4184 quasi
593 4093 701 4164 velint
722 4093 894 4164 mandatis
911 4094 1107 4186 apostolicis
1123 4094 1265 4167 obedire
1285 4103 1320 4166 et
1340 4093 1386 4166 ad
1403 4094 1645 4166 executionem

232 4220 353 4284 contra
374 4213 586 4287 Fridericum
609 4217 758 4310 dirigere
775 4217 853 4288 vias
876 4238 971 4289 suas.
994 4218 1173 4312 Inquisitio
1194 4227 1311 4290 contra
1332 4217 1555 4290 Chunradum
1573 4217 1646 4289 Fri-

231 4333 428 4426 singensem
450 4338 649 4434 episcopum
672 4342 745 4432 jam
771 4339 826 4430 fit,
853 4351 989 4412 etcum
1020 4342 1123 4414 fuerit
1152 4342 1338 4431 celebrata,
1359 4341 1435 4414 sine
1456 4360 1551 4413 mora
1566 4339 1645 4436 (ait)

231 4467 368 4530 vestrae
388 4460 520 4552 gratiae
539 4465 798 4536 transmittetur.

279 4578 568 4680 Archiepiscopus
594 4587 853 4682 Saizburgeusis
878 4598 913 4662 et
940 4589 1124 4685 episcopus
1149 4589 1335 4663 Patavinus
1357 4587 1644 4682 conspirationem

230 4703 344 4778 iecere
361 4726 441 4780 cum
459 4708 549 4782 duce
565 4709 723 4786 Austriae
738 4733 832 4785 nnnc
850 4711 895 4786 de
908 4735 1012 4788 novo.
1032 4713 1255 4786 Interdictum
1267 4711 1362 4806 quod
1377 4711 1424 4785 ad
1440 4709 1644 4784 mandatnm
